3717 5400
383 488 439 548 628
751 557 753 562 ,
839 487 968 548 Cnnou.
989 488 1066 547 Soc.
1085 493 1156 562 jus.

385 643 526 714 praeter
549 633 789 697 consessiones
810 634 1043 697 lusitanorum
1062 635 1245 714 utriusque
1266 653 1386 713 sexuS,
1408 644 1442 698 et
1468 646 1614 716 praeter

383 741 586 813 conciones,
603 757 692 822 quas
707 741 802 804 dorni
817 750 962 804 nostrae
978 750 1012 805 et
1031 741 1068 804 in
1091 742 1160 804 alio
1182 741 1336 823 quodam
1358 743 1487 823 oppido
1507 743 1613 808 habe-

385 848 456 925 bat,
479 846 677 927 hujusmodi
697 847 818 927 pueris
839 864 984 927 operam
1007 865 1109 911 suam
1130 847 1365 930 impendebat,
1388 857 1422 912 et
1447 866 1512 929 per
1531 851 1611 914 loca

384 954 516 1032 vicina,
533 954 692 1018 adhibito
713 954 831 1034 aliquo
853 954 1062 1034 interprete,
1089 954 1321 1034 discurrebat,
1342 965 1377 1019 et
1403 957 1611 1037 parentibus

382 1061 619 1142 persuadebat
634 1071 671 1124 ut
686 1077 770 1123 suos
790 1061 920 1124 liberos
940 1060 1175 1124 instituendos
1194 1060 1331 1140 darent,
1352 1063 1516 1142 quamvis
1538 1063 1610 1127 dia·

385 1169 458 1230 boli
473 1169 604 1232 astutia
619 1168 670 1230 sic
685 1168 763 1229 illos
779 1166 977 1246 deludebat,
994 1177 1032 1230 ut
1052 1167 1262 1248 simulatque
1283 1168 1327 1231 de
1349 1169 1453 1232 rebus
1473 1169 1519 1232 ad
1538 1171 1610 1232 ani·

384 1293 478 1339 mam
494 1274 750 1355 pertinentibus
765 1275 822 1337 vel
843 1283 967 1337 contra
988 1275 1146 1354 ipsorum
1166 1275 1298 1338 abusus
1321 1276 1453 1356 aliquid
1473 1276 1611 1341 diceba-

383 1391 452 1462 tur,
477 1383 596 1445 statim
620 1381 843 1445 recedebant.
871 1381 1037 1445 Mulieres
1062 1382 1170 1445 etiam
1188 1399 1271 1445 suos
1295 1382 1426 1446 liberos
1447 1383 1482 1446 in
1499 1383 1612 1464 sylvis

385 1489 662 1568 abscondebant,
684 1498 718 1550 et
738 1489 811 1550 suis
834 1488 996 1550 cantibus
1018 1488 1123 1551 valde
1143 1489 1309 1552 clamosis
1325 1489 1529 1569 obstrepere
1553 1509 1611 1555 no-

384 1596 468 1659 stris
494 1597 711 1672 nitebantur,
736 1607 773 1659 ut
799 1594 958 1674 ipsarum
980 1594 1040 1658 filii
1066 1603 1208 1668 nostros
1233 1613 1304 1658 non
1326 1596 1506 1676 audirent,
1528 1597 1613 1679 quia

384 1703 450 1767 sibi
465 1687 726 1783 persuadebant
743 1699 861 1782 [quod]
878 1703 999 1764 statim
1014 1711 1116 1765 erant
1131 1702 1302 1779 morituri;
1325 1703 1408 1784 quia
1429 1720 1513 1766 vere
1535 1722 1611 1785 per-

384 1811 529 1874 miserat
545 1810 663 1874 divina
680 1809 903 1889 providentia
918 1817 957 1871 ut
971 1809 1082 1888 pueri,
1100 1808 1160 1888 qui
1175 1809 1346 1889 baptizati
1361 1821 1474 1887 erant,
1492 1811 1612 1890 paula·

384 1917 446 1981 tim
461 1927 694 1990 morerentur,
713 1925 746 1978 ct
762 1914 928 1979 credibile
944 1915 1106 1995 estquod
1122 1915 1171 1978 illi
1186 1916 1440 1995 praedestinati
1451 1926 1553 1980 erant
1565 1917 1611 1981 ad

387 2026 498 2088 vitam
525 2033 720 2102 aeternam,
749 2019 808 2104 [et]
835 2031 1026 2103 antequam
1051 2023 1185 2086 malitia
1215 2031 1367 2086 mutaret
1395 2024 1611 2088 intellectum

388 2149 521 2209 eorum,
539 2131 630 2210 rapti
646 2130 689 2192 ab
705 2147 747 2192 eo
769 2130 922 2208 suerunt;
944 2138 979 2191 et
1002 2127 1009 2159 ¹
1031 2129 1267 2209 superstitiosi
1289 2129 1433 2209 quidam
1452 2131 1612 2194 homines

389 2239 490 2320 (quos
505 2240 635 2317 vulgus
655 2238 848 2300 familiares
868 2253 946 2299 esse
965 2235 1130 2298 daemoni
1145 2246 1256 2315 putat,
1273 2237 1336 2300 sed
1351 2237 1390 2300 P.
1405 2237 1611 2302 Ludovicus

383 2345 573 2408 mendaces
587 2345 704 2424 potius
719 2353 753 2406 et
768 2344 975 2424 deceptores
990 2361 1068 2405 esse
1083 2343 1319 2421 existimabat)
1335 2345 1403 2408 hoc
1417 2345 1612 2425 persuade·

384 2455 479 2530 bant,
506 2451 600 2533 quod
619 2451 754 2514 scilicet
780 2469 842 2531 per
860 2451 1075 2529 baptismum
1096 2461 1243 2513 mortem
1268 2450 1337 2513 illis
1355 2452 1468 2515 nostri
1491 2450 1611 2515 affere·

385 2561 486 2634 bant;
507 2559 671 2640 quodque
697 2558 881 2621 nominare
901 2557 1023 2639 Jesum
1043 2566 1077 2619 et
1097 2574 1202 2619 cruce
1221 2558 1365 2637 signare
1384 2575 1514 2638 pueros
1533 2569 1611 2623 erat

384 2685 445 2731 eos
460 2667 633 2745 occidere,
656 2675 690 2729 et
711 2675 879 2745 tanquam
899 2665 1040 2744 signum
1060 2663 1145 2727 illud
1166 2665 1402 2746 adducebant,
1426 2666 1520 2747 quod
1542 2666 1612 2747 ipsi

384 2775 552 2839 videbant
568 2773 657 2837 mori
672 2780 900 2852 aegrotantes
915 2788 995 2833 curn
1010 2788 1048 2833 se
1068 2788 1173 2834 cruce
1188 2772 1378 2851 signabant
1400 2783 1461 2836 aut
1480 2790 1610 2836 nomen

384 2883 469 2965 Jesu
489 2881 730 2945 nominabant.

446 2986 535 3050 1718.
579 2988 710 3051 Contra
748 2986 867 3057 divina
904 2985 1051 3049 Bonitas
1087 2988 1330 3067 experimento
1363 2986 1514 3050 docebat
1548 3005 1613 3051 eos

385 3096 487 3158 aliter
501 3113 539 3157 se
555 3112 629 3158 rem
644 3095 790 3171 habere,
808 3104 846 3156 ut
869 3111 949 3157 cum
970 3110 1062 3156 anno
1087 3094 1279 3171 praeterito
1299 3094 1399 3157 multi
1421 3095 1466 3158 ad
1482 3095 1610 3157 bellum

385 3201 563 3283 quoddam
578 3218 658 3264 cum
673 3202 843 3263 uxoribus
858 3210 893 3263 et
907 3200 987 3263 filiis
1002 3200 1161 3280 parvulis
1177 3200 1279 3277 irent,
1293 3201 1328 3263 in
1341 3200 1462 3264 multis
1473 3202 1613 3281 cymbis

386 3314 487 3391 (quas
515 3327 561 3371 ex
589 3308 775 3371 arboribus
804 3307 989 3369 excavatis
1013 3306 1267 3383 conficiebant,
1295 3323 1428 3369 canoas
1456 3310 1611 3384 vocant),

384 3426 594 3497 tempestate
608 3414 620 3445 ¹
636 3415 817 3477 subversis
833 3414 966 3490 canois
986 3431 1109 3477 omnes
1124 3413 1281 3475 infideles
1301 3414 1482 3497 perierunt
1496 3425 1531 3476 et
1546 3416 1614 3477 soli

384 3523 571 3586 christiani
590 3531 798 3600 evaserunt;
822 3532 856 3583 et
879 3539 923 3583 ex
946 3520 1001 3583 his
1021 3520 1281 3583 adolescentem
1305 3520 1493 3599 quemdam
1517 3522 1614 3584 domi

319 3654 322 3663 ·
383 3631 497 3694 nostri
520 3630 712 3707 habebant,
735 3630 880 3708 egregio
902 3629 1047 3707 ingenio
1072 3628 1293 3707 praeditum,
1313 3628 1373 3708 qui
1388 3627 1480 3690 inter
1501 3629 1615 3691 brasi-

383 3738 513 3801 lienses
533 3737 601 3799 hoc
624 3736 748 3799 crebro
768 3737 937 3799 narrabat
957 3745 992 3798 et
1013 3735 1227 3814 baptismum
1246 3735 1333 3814 ipsis
1352 3733 1461 3797 fuisse
1482 3737 1612 3799 salutis
1656 3788 1659 3793 .

384 3862 529 3908 causam
545 3844 754 3907 testabatur.

447 3952 533 4015 1719.
578 3949 647 4014 Sed
673 3951 909 4013 inconstantia
935 3951 1000 4013 toti
1025 3950 1106 4012 huic
1126 3950 1222 4029 genti
1243 3950 1346 4012 valde
1368 3959 1444 4012 erat
1464 3949 1615 4013 familia-

383 4060 444 4138 riS,
461 4070 495 4121 et
510 4058 555 4121 ad
571 4074 688 4120 mores
709 4068 876 4136 paternos
902 4074 1090 4137 propensa,
1112 4074 1154 4118 ac
1174 4057 1364 4136 praecipue
1386 4055 1430 4119 ad
1447 4057 1617 4137 piscatio-

382 4182 474 4243 nem,
492 4166 596 4244 quod,
613 4165 704 4226 inter
719 4165 876 4243 ipsorum
891 4165 1029 4240 solatia,
1043 4163 1237 4225 maximum
1249 4173 1313 4239 est,
1330 4181 1413 4227 nam
1429 4164 1616 4243 utriusque

383 4289 490 4335 sexus
509 4282 543 4333 et
564 4270 720 4351 cujusvis
740 4271 868 4333 aetatis
883 4270 1043 4333 homines
1064 4281 1188 4331 natare
1209 4270 1340 4349 optime
1363 4282 1550 4348 noverunt;
1576 4280 1616 4334 et

383 4380 431 4442 ita
447 4378 484 4442 P.
502 4378 706 4441 Ludovicus
721 4378 763 4440 de
780 4378 901 4441 Grana
917 4377 1038 4439 nullibi
1053 4375 1271 4455 frequentius
1282 4386 1317 4438 et
1331 4377 1463 4439 certius
1476 4376 1612 4442 habere

425 4654 434 4687 ¹
463 4654 571 4699 Rectius
582 4654 622 4696 At.

425 4726 437 4759 Ι
464 4726 546 4770 Enim
557 4726 663 4769 additur
676 4724 701 4767 in
711 4732 793 4779 textu,
804 4724 848 4767 sed
859 4723 1006 4768 redundare
1017 4723 1129 4766 videtur.
