3717 5400
776 507 841 565 An.
866 506 937 565 1555
1093 572 1096 579 Ι
1417 505 1472 565 709

240 670 305 716 nes
325 653 369 717 de
390 652 495 717 Beira
517 671 628 734 usque
650 654 696 718 ad
715 654 1020 735 Quadragesimae
1041 651 1145 717 finem
1163 653 1200 715 in
1219 668 1302 716 arce
1316 651 1469 715 Malucci

241 770 486 825 commoratus
500 772 565 841 est;
582 761 645 825 sed
659 763 719 825 illa
733 770 928 838 transacta,
946 762 979 824 in
995 761 1129 825 insulas
1144 760 1260 823 Mauri
1274 776 1355 823 cum
1369 758 1468 822 socio

241 866 678 947 Figueredo¹secontulit,
691 868 749 933 ubi
760 869 820 932 alii
830 866 1268 946 duofratresNicolauset
1278 865 1466 945 Antonius

241 975 490 1039 versabantur.

293 1082 381 1145 1975.
423 1082 502 1147 Non
514 1082 1193 1165 exiguumautemMaluccoobsequium
1204 1081 1467 1162 praestabatur,

240 1206 323 1253 cum
344 1190 438 1253 enim
452 1189 620 1254 Vicarius
635 1191 790 1270 obiisset,
806 1208 872 1255 nec
887 1190 978 1253 alius
990 1190 1037 1253 ibi
1052 1189 1220 1253 sacerdos
1239 1197 1343 1267 esset,
1364 1203 1467 1267 opor·

241 1296 308 1359 tuit
322 1294 361 1359 P.
377 1296 573 1361 Antonium
586 1297 675 1374 Vaz,
693 1298 768 1380 ejus
779 1299 872 1376 loco,
889 1298 1089 1361 animarum
1104 1296 1245 1359 illarum
1265 1312 1388 1359 curam
1406 1311 1466 1375 ge-

239 1420 331 1481 rere;
348 1421 413 1467 nec
433 1404 562 1467 licebat
581 1405 625 1481 ei,
646 1406 728 1468 licet
745 1405 836 1469 febri
856 1405 1010 1468 tertiana
1029 1414 1064 1466 et
1084 1414 1259 1484 quartana
1275 1401 1464 1480 laboranti,

238 1520 485 1599 aegrotantem
500 1528 620 1591 agere.
636 1512 791 1594 Populus
805 1512 862 1575 ille
876 1512 1029 1575 Malucci
1051 1521 1175 1591 quater
1198 1517 1259 1573 aut
1279 1508 1467 1589 quinquies

238 1616 400 1681 incendio
416 1618 663 1699 conflagravit,
685 1620 748 1682 sed
766 1619 927 1682 ultimum
947 1617 1148 1681 incendium
1167 1614 1367 1696 hujusmodi
1384 1616 1463 1693 suit,

238 1733 277 1787 ut
291 1742 336 1787 ex
350 1726 584 1789 lusitanorum
599 1725 873 1790 habitationibus
888 1742 1014 1789 versus
1032 1741 1130 1787 mare
1146 1734 1181 1787 et
1200 1734 1333 1786 terram
1349 1723 1463 1803 ipsam

238 1848 363 1913 parum
377 1833 607 1913 superfuerit;
623 1845 657 1896 et
671 1833 948 1912 Misericordiae,
972 1849 1079 1913 quam
1101 1840 1234 1895 vocant
1252 1832 1388 1907 domus,
1409 1830 1462 1893 sic

238 1941 326 2002 arsit
340 1950 390 2018 ut,
406 1949 548 2020 praeter
562 1940 753 2021 imaginem
764 1940 925 2019 crucifixi
937 1950 971 2002 et
983 1938 1162 2016 vexillum,
1177 1938 1239 2001 vix
1255 1936 1350 2000 aliud
1363 1936 1462 2000 iiam·

236 2046 304 2109 mis
318 2046 406 2127 eripi
425 2048 586 2126 potuerit.

298 2152 387 2217 1976.
430 2152 468 2216 P.
495 2154 700 2235 Alphonsus
718 2157 762 2220 de
787 2155 914 2220 Castro
939 2155 1067 2236 partim
1092 2153 1268 2233 baptismo
1292 2153 1460 2233 parvulo-

236 2276 326 2336 rum,
344 2261 472 2341 partim
492 2263 704 2338 adultorum,
727 2264 764 2327 in
789 2264 912 2327 insulis
933 2262 1101 2326 Ambuini
1120 2261 1227 2324 dabat
1247 2276 1403 2340 operam;
1425 2269 1463 2322 et

235 2368 382 2430 multum
398 2370 429 2432 ei
444 2370 581 2448 negotii·
592 2370 780 2434 exhibebat
794 2372 830 2434 in
846 2370 976 2433 adultis
990 2381 1115 2449 captus
1127 2368 1277 2447 exiguus
1293 2367 1338 2430 ad
1353 2384 1460 2429 evan·
1531 2372 1537 2380 '

234 2474 387 2553 gelicam
406 2476 604 2540 doctrinam
626 2479 805 2542 intellectu
825 2489 860 2541 et
884 2478 1040 2541 moribus
1062 2474 1309 2539 imbibendam.
1333 2474 1459 2537 Puero-

234 2598 313 2643 rum
328 2580 441 2661 major
456 2601 538 2663 spes
551 2595 640 2664 erat,
657 2603 765 2666 opera
784 2595 903 2649 tamen
922 2584 1143 2663 diligentium
1166 2584 1340 2645 cultorum
1352 2580 1460 2644 etiam

233 2705 321 2768 ager
346 2689 403 2754 ille
422 2702 585 2771 petrosus
603 2703 638 2756 et
662 2693 808 2757 zizaniis
831 2693 955 2774 plenus
980 2692 1133 2756 fructum
1154 2690 1306 2770 aliquem
1325 2689 1460 2752 referre

233 2812 338 2876 posse
352 2798 572 2876 sperabatur.

298 2903 386 2968 1977.
429 2904 650 2970 Maximaex
669 2909 792 2972 insulis
811 2909 979 2972 Ambuini
1000 2908 1186 2973 circuitum
1209 2908 1314 2970 babet
1337 2904 1458 2968 sexde-

231 3011 302 3073 cim
317 3009 391 3074 fere
405 3013 597 3093 leucarum,
615 3025 649 3077 et
668 3017 702 3078 in
714 3033 756 3080 ea
768 3017 912 3096 triginta
926 3016 1199 3080 christianorum
1213 3015 1329 3095 populi
1341 3027 1457 3076 erant.

231 3116 270 3180 In
286 3119 355 3182 alia
369 3137 455 3183 vero
471 3121 597 3201 insula,
614 3140 678 3202 per
692 3125 814 3186 leucae
830 3127 983 3204 spatium
1004 3125 1047 3186 ab
1066 3125 1135 3186 hac
1153 3123 1316 3193 distante.
1334 3123 1457 3185 decem

230 3224 507 3290 christianorum
521 3230 642 3310 populi
656 3240 769 3310 erant;
786 3240 820 3294 et
835 3233 871 3293 in
882 3232 953 3293 alia
965 3232 1071 3294 etiam
1082 3231 1202 3293 vicina
1214 3241 1286 3293 tres
1298 3228 1344 3292 ad
1360 3229 1458 3293 Chri·

231 3340 325 3395 stum
340 3346 577 3400 accesserant.

292 3438 379 3503 1978.
423 3441 525 3521 Quod
540 3443 586 3508 ad
600 3447 889 3510 consuetudinem
910 3445 986 3525 ejus
1000 3446 1117 3525 gentis
1136 3447 1273 3524 attinet,
1295 3443 1461 3507 humanis

230 3545 395 3610 carnibus
409 3552 657 3628 vescebantur,
674 3564 709 3616 et
724 3555 782 3617 alii
796 3556 841 3616 ab
857 3555 936 3617 aliis
951 3566 1115 3634 parentes
1127 3562 1162 3616 et
1175 3551 1460 3632 consanguineos

227 3647 302 3729 jam
316 3667 420 3716 senes
435 3656 470 3718 in
484 3657 599 3721 cibum
612 3661 801 3738 postulant,
814 3662 929 3724 vicem
943 3659 1076 3724 eisdem
1088 3659 1268 3723 reddituri.
1281 3659 1326 3722 Hi
1339 3669 1460 3720 autem

230 3759 351 3836 populi
365 3760 401 3822 in
416 3763 597 3828 altissimis
611 3769 783 3830 montium
798 3769 1008 3831 culminibus
1031 3778 1065 3831 et
1085 3770 1209 3848 procul
1231 3787 1252 3830 a
1267 3767 1384 3829 littore
1399 3765 1458 3828 ha-

230 3861 355 3944 bitant,
383 3879 417 3930 et
439 3868 488 3932 ita
513 3887 592 3934 cum
615 3889 747 3952 magno
768 3876 888 3937 labore
913 3891 1080 3940 accessus
1106 3877 1149 3940 ad
1177 3895 1237 3940 eos
1253 3875 1406 3956 patebat,
1423 3887 1459 3938 et

228 3967 305 4050 ejus
331 3975 514 4053 asperitati
539 3979 649 4041 calcei
674 3997 746 4043 non
775 3981 1004 4062 resistebant;
1031 3985 1093 4047 sed
1126 4001 1256 4065 magna
1287 3984 1457 4064 patientia

228 4093 318 4156 opus
333 4091 421 4144 erat.
445 4082 492 4147 Ut
514 4095 632 4148 autem
651 4103 697 4150 ex
717 4087 896 4152 Ambuino
912 4091 958 4154 ad
983 4092 1134 4155 insulam
1159 4091 1313 4156 Tcrnate
1333 4093 1458 4170 iretur,

225 4185 338 4249 motio
366 4189 539 4267 quaedam
564 4201 754 4257 ventorum
779 4197 999 4276 expectanda
1028 4210 1120 4274 erat,
1147 4209 1182 4261 et
1204 4199 1274 4261 alia
1299 4199 1344 4262 ad
1366 4199 1456 4262 redi·

197 4315 203 4330 ·
224 4298 313 4371 tum;
329 4305 364 4356 et
379 4296 565 4376 navigatio
580 4299 781 4379 quindecim
795 4302 933 4366 dierum
948 4314 982 4368 et
998 4306 1085 4369 satis
1100 4307 1299 4386 periculosa
1314 4319 1402 4369 erat.

288 4398 378 4462 1979.
422 4401 511 4465 Cum
526 4421 613 4485 ergo
627 4407 725 4470 solus
743 4416 837 4470 esset
851 4410 1021 4472 sacerdos
1036 4410 1073 4474 P.
1098 4411 1315 4492 Alphonsus,
1333 4429 1458 4477 conso-

221 4505 357 4569 latione
380 4511 594 4575 sacramenti
616 4512 849 4578 coufessionis
868 4515 965 4579 refici
984 4535 1055 4581 non
1077 4528 1227 4598 poterat,
1251 4537 1322 4583 non
1342 4522 1462 4584 solum

265 4741 274 4776 ¹
303 4741 442 4789 Melcblore
453 4745 617 4802 Flssueiredo.
627 4749 694 4794 Vide
704 4763 792 4807 rupta,
803 4759 822 4798 t.
833 4765 870 4808 ru,
877 4764 941 4808 put.
949 4754 998 4800 ⁴9⁰.
