3717 5400
797 489 861 548 Au.
889 488 958 550 1555
1439 484 1492 544 711

254 635 362 699 chior
389 634 496 715 Diaz,
527 654 653 701 servos
679 647 715 701 et
744 636 903 714 ancillata,
933 635 994 717 qui
1021 634 1180 699 Malacae
1196 632 1348 714 'plurimi
1376 640 1490 710 erant,

263 742 524 807 catechismum
538 742 689 809 docebat
710 752 745 807 et
764 742 1037 807 tintinnabulum
1058 750 1167 805 noctu
1188 742 1334 820 pulsans
1354 747 1392 802 ut
1414 755 1493 802 oru-

257 857 342 914 ¹rent
363 867 429 930 pro
453 850 641 915 animabus
658 850 873 931 Purgatorii,
890 849 1059 931 populum
1079 846 1269 911 excitabat.
1291 845 1492 911 Audieban·

263 965 320 1020 tur
335 956 441 1020 etiam
455 958 709 1033 confessiones
725 965 761 1021 et
774 956 884 1037 aliqui
899 956 944 1019 ad
960 973 1083 1019 earnm
1097 953 1333 1035 frequentiam
1347 951 1491 1017 adducti

258 1063 416 1143 fuerunt,
434 1072 469 1127 et
482 1075 611 1128 octavo
626 1080 765 1146 quoque
779 1062 836 1127 die
851 1063 897 1127 ad
911 1069 1136 1127 sacramenta
1156 1059 1384 1125 accedebant.
1400 1059 1492 1124 Cum

264 1179 383 1235 autem
397 1188 489 1235 unus
503 1188 549 1235 ex
564 1171 620 1235 his
633 1171 754 1252 pneris
769 1170 940 1252 orphanis
954 1170 1063 1234 semel
1077 1168 1117 1233 in·
1129 1168 1213 1232 navi
1228 1175 1263 1231 et
1276 1167 1404 1245 iterum
1418 1166 1493 1231 Ma·

256 1276 363 1342 lacae
381 1277 424 1341 de
438 1277 609 1343 Passione
623 1279 770 1343 Domini
784 1278 1068 1355 concionaretur,
1085 1276 1138 1339 rei
1151 1275 1293 1339 novitas
1308 1273 1436 1337 mirum
1454 1274 1492 1337 in

264 1384 407 1448 modum
431 1384 591 1450 homines
616 1386 662 1450 ad
690 1385 916 1450 devotionem
945 1383 1154 1462 commovit3
1183 1381 1247 1445 sed
1274 1377 1493 1461 praedicatio

263 1488 303 1553 P.
323 1490 527 1556 Melchioris
545 1492 705 1573 perutilis
723 1492 837 1557 fuitei
858 1491 1009 1571 civitati,
1032 1489 1207 1571 quamvis,
1231 1506 1273 1553 eo
1291 1486 1492 1565 recedente,

258 1597 427 1661 inimicus
441 1599 549 1662 homo
564 1600 861 1679 superseminavit
876 1598 1025 1662 zizania.

326 1703 415 1768 1984.
460 1704 656 1771 Laboravit
681 1718 800 1771 autem
821 1707 928 1770 etiam
952 1706 1020 1769 hoc
1045 1721 1139 1768 anno
1163 1720 1235 1767 non
1259 1704 1374 1765 solum
1396 1700 1493 1765 fluxu
1597 1766 1599 1773 ,

265 1812 451 1892 sanguinis
464 1814 676 1893 periculoso,
693 1813 756 1878 sed
777 1822 813 1877 et
831 1813 981 1891 calculo,
1003 1812 1092 1875 adeo
1111 1820 1149 1875 ut
1169 1810 1285 1873 triduo
1304 1817 1494 1889 antequam

260 1918 551 1999 proficisceretur
566 1919 717 1999 Malaca,
732 1938 805 1985 non
818 1920 1042 2001 profecturus
1056 1918 1170 1983 morbi
1184 1916 1223 1981 vi
1233 1916 1425 1979 videretur.
1438 1913 1494 1977 Ex

266 2025 449 2089 laboribus
465 2038 583 2091 autem
596 2026 714 2091 nimiis
729 2044 800 2091 non
818 2027 933 2091 solum
952 2025 1227 2090 ministeriorum
1245 2022 1492 2104 spiritualium,

262 2129 329 2194 sed
346 2132 453 2197 etiam
467 2133 648 2214 parandae
663 2135 779 2211 navis,
799 2133 835 2197 in
855 2133 1018 2197 morbum
1038 2132 1204 2196 incidisse
1225 2129 1392 2209 creditur,
1413 2145 1493 2193 cum

261 2238 360 2301 enim
382 2239 515 2319 navim,
537 2242 663 2321 quain
687 2241 859 2324 Japonem
884 2238 1185 2321 proficisceretur,
1210 2254 1282 2301 non
1306 2235 1494 2311 inveniret,

261 2344 432 2409 dominus
446 2345 623 2412 Antonius
638 2347 682 2411 de
696 2346 877 2428 Norogna,
890 2345 1051 2410 Malacae
1067 2344 1281 2424 Praefectus,
1297 2343 1434 2423 regiam
1445 2342 1496 2406 illi

265 2468 407 2532 navem,
423 2470 531 2533 quam
550 2454 786 2519 Charavelam
806 2464 953 2533 vocant,
970 2452 1076 2533 dedit,
1093 2469 1183 2534 quae
1197 2468 1269 2514 non
1288 2467 1415 2531 parum
1434 2466 1495 2513 no·

264 2567 421 2623 strorum
436 2560 645 2640 patientiam
658 2562 694 2625 in
709 2559 871 2626 adversis
889 2568 925 2623 et
944 2558 1108 2623 fiduciam
1129 2559 1165 2623 in
1186 2558 1377 2623 Dominum
1396 2572 1495 2620 exer·

268 2666 352 2746 cuit;
380 2669 643 2732 neccessarium
668 2669 762 2732 enim
786 2667 851 2732 fuit
875 2676 914 2732 ut
936 2666 1051 2731 nostri
1074 2675 1111 2731 et
1135 2663 1342 2730 officialibus
1361 2672 1396 2728 et
1417 2662 1496 2729 aliis

264 2772 375 2836 rebus
399 2775 612 2839 necessariis
635 2777 757 2839 navim
782 2777 1009 2853 instruerent,
1036 2771 1234 2855 etquidem
1259 2771 1412 2854 propriis
1437 2789 1496 2835 ex·

269 2880 402 2960 pensis,
418 2882 582 2963 quamvis
602 2883 696 2947 mille
716 2900 844 2947 aureos
866 2882 913 2945 ad
933 2881 1115 2960 viaticum,
1139 2880 1199 2962 qui
1219 2878 1329 2960 Regis
1349 2879 1495 2958 negotia

268 2986 429 3052 Malacae
444 2989 574 3070 agebat
594 2987 737 3072 [nostris
757 2988 920 3071 dederit],
944 2999 978 3054 et
997 2989 1034 3053 in
1052 2987 1300 3070 praeparanda
1318 2987 1403 3052 navi
1421 2986 1496 3052 fere

262 3095 490 3176 octingentos
508 3097 765 3179 expenderunt.

332 3199 421 3268 1985.
464 3201 535 3268 Sed
555 3204 666 3270 frater
686 3214 808 3271 noster
828 3206 1075 3271 Ferdinandus
1092 3203 1251 3283 Mendez,
1272 3205 1316 3268 de
1336 3221 1405 3284 quo
1422 3202 1495 3284 jam

267 3310 358 3373 alias
382 3313 515 3376 mentio
540 3313 636 3377 facta
661 3325 727 3394 est,
749 3312 842 3395 quod
860 3315 1035 3396 reliquum
1054 3324 1131 3379 erat
1150 3312 1338 3396 supplevit,
1359 3320 1394 3375 et
1420 3319 1495 3374 toto

263 3415 340 3478 iere
358 3415 552 3483 Februario
567 3431 606 3485 ‘et
625 3420 756 3485 Martio
774 3438 897 3485 mense
915 3422 952 3485 in
973 3420 1201 3486 conficiendis
1218 3419 1373 3500 negotiis
1391 3416 1496 3480 navis

270 3522 487 3590 laborarunt.
504 3525 594 3590 Cum
608 3537 727 3594 autem
743 3529 779 3593 in
798 3529 923 3593 ultima
942 3529 1113 3593 concione
1132 3527 1262 3608 populo
1281 3525 1497 3591 valediceret

268 3627 308 3692 P.
325 3628 509 3709 Melchior,
526 3633 773 3699 admirandum
789 3634 921 3699 doloris
936 3651 1079 3699 sensum
1093 3633 1264 3714 lacrymis
1281 3641 1316 3696 et
1335 3631 1497 3696 clamori·

269 3736 334 3799 bus
343 3738 523 3802 auditores
533 3741 774 3822 ostenderunt;
783 3740 845 3805 sed
858 3751 893 3805 et
903 3741 1004 3823 pueri
1015 3742 1124 3805 multo
1135 3737 1318 3820 majorem,
1331 3737 1496 3803 receden-

268 3853 305 3905 te
319 3841 431 3907 fratre
444 3854 580 3926 nostro,
597 3847 656 3928 qui
670 3864 733 3911 eos
751 3848 960 3928 instruebat,
978 3846 1223 3927 ostenderunt;
1243 3864 1326 3912 nam
1344 3863 1409 3928 per
1422 3855 1497 3910 tres

269 3951 379 4013 horas
390 3951 525 4015 nullum
534 3951 639 4017 finem
650 3953 795 4021 fletuum
806 3964 840 4019 et
852 3957 1049 4020 clamorum
1059 3955 1249 4035 faciebant,
1263 3963 1297 4018 et
1308 3952 1408 4019 multi
1419 3969 1496 4034 per·

266 4057 415 4122 libenter
431 4070 597 4140 parentes
612 4062 836 4144 reliquissent
856 4073 944 4128 etse
958 4064 1090 4128 nostris
1105 4062 1222 4126 socios
1237 4060 1493 4143 adjunxissent.

330 4164 418 4231 1986.
461 4167 579 4232 Aucta
598 4167 740 4233 fuerunt
759 4179 979 4251 ornamenta,
1001 4187 1092 4252 quae
1112 4170 1273 4234 serebant
1295 4168 1342 4233 ad
1362 4168 1496 4233 cultum

264 4271 346 4352 Dei,
376 4274 495 4338 multis
518 4274 680 4342 Malacae
709 4277 849 4356 oblatis,
879 4295 971 4360 quae
996 4277 1236 4360 pulcherrima
1260 4285 1295 4342 et
1319 4275 1492 4340 ditissima

265 4392 378 4456 erant;
395 4382 458 4445 sed
471 4393 506 4446 et
521 4381 639 4464 aliqua
647 4381 902 4464 japonensibus
918 4385 1084 4450 donanda
1099 4385 1310 4465 obtulerunt,
1332 4392 1366 4448 et
1381 4382 1493 4448 donec

264 4487 388 4551 navim
402 4487 619 4570 conscendit,
635 4491 737 4554 multi
751 4489 795 4554 de
809 4493 940 4572 populo
955 4501 1097 4558 nostros
1108 4510 1180 4557 non
1194 4490 1451 4573 relinquebant.

330 4592 416 4657 1987.
459 4595 578 4660 Prima
597 4613 684 4676 ergo
704 4597 761 4662 die
782 4597 917 4679 Aprilis
936 4597 1076 4664 Malaca
1095 4607 1339 4679 recesserunt;
1363 4607 1397 4662 et
1419 4607 1493 4664 tam

264 4701 377 4765 multa
401 4702 666 4784 impedimenta,
692 4715 834 4786 praeter
860 4723 1013 4788 eaquae
1038 4705 1210 4771 hactenus
1231 4715 1434 4787 senserant,
1456 4707 1494 4770 in
