3717 5400
832 512 893 570 Au.
916 479 987 570 1555
1467 508 1524 568 299

285 667 402 735 erant,
423 669 458 721 et
480 657 624 739 quinam
642 675 728 721 vere
747 668 866 722 essent
888 657 932 721 de
946 656 1124 721 Societate
1148 654 1233 737 Jesu
1256 654 1521 734 intelligebant,

288 774 431 829 strenue
445 772 587 828 nostros
602 763 849 828 defendebant.

346 870 417 935 814.
460 870 644 950 Quaedam
658 888 759 934 soror
773 870 812 934 Ρ.
828 870 990 949 Adriani,
1003 870 1146 933 nomine
1160 869 1285 948 Agnes
1298 867 1319 946 ¹,
1333 885 1416 931 cum
1426 869 1499 932 mul
1508 901 1522 913 ·

288 979 333 1042 tis
347 978 415 1059 piis
428 979 593 1059 operibus
607 977 709 1042 daret
725 994 881 1058 operam,
898 994 942 1040 ac
957 977 1079 1057 pietati
1093 975 1266 1055 studeret,
1290 975 1381 1038 forte
1396 975 1518 1038 minus

283 1084 440 1148 discrete
448 1101 554 1166 quam
565 1084 800 1164 ferventer,in
809 1084 1011 1165 phrenesim
1021 1083 1145 1147 incidit
1156 1082 1418 1163 postmorbum.
1429 1081 1520 1145 Cum

286 1200 406 1255 autem
421 1209 500 1256 eam
514 1192 684 1256 inviseret
698 1191 891 1271 Adrianus
907 1201 943 1255 et
957 1209 1081 1255 coram
1099 1191 1177 1271 ipsa
1192 1190 1400 1267 celebraret,
1417 1187 1463 1251 ad
1477 1205 1519 1251 se

287 1299 427 1364 rediens
442 1299 604 1363 confessa
620 1308 684 1378 est,
701 1307 735 1362 et
754 1298 1031 1362 communicavit
1050 1315 1132 1362 cum
1151 1314 1284 1377 magna
1303 1295 1519 1360 aedificatio·

287 1423 341 1469 ne.
357 1405 486 1469 Postea
501 1423 587 1469 vero
603 1416 762 1470 extrema
776 1407 943 1470 unctione
957 1415 1117 1486 accepta,
1133 1405 1304 1484 migravit
1326 1402 1373 1466 ad
1393 1401 1515 1465 Domi-

286 1529 382 1591 num,
399 1530 479 1576 cum
494 1521 574 1592 post
588 1513 872 1577 communionem
890 1511 1006 1575 denuo
1026 1528 1156 1592 expers
1169 1510 1300 1574 mentis
1314 1510 1410 1574 iacta
1429 1508 1514 1572 fuis·

283 1627 339 1682 set
362 1617 385 1683 ⁸.
411 1619 456 1684 Et
484 1620 534 1683 ita
559 1629 769 1682 testamento
794 1636 866 1682 non
891 1619 1006 1699 potuit
1025 1617 1211 1682 ostendere
1230 1618 1361 1680 bonam
1385 1617 1517 1678 volun-

286 1735 406 1805 tatem,
434 1744 540 1808 quam
564 1726 717 1790 habebat
741 1726 1013 1790 benemerendi
1038 1726 1082 1788 de
1102 1725 1260 1804 Collegio
1282 1723 1512 1800 Lovaniensi;

282 1833 449 1912 quamvis
474 1834 510 1896 in
534 1842 762 1910 testamento,
783 1833 878 1913 quod
904 1833 1037 1912 aliquot
1061 1843 1144 1896 ante
1166 1831 1269 1895 annis
1295 1830 1514 1907 condiderat,

285 1938 456 2018 plurimas
471 1941 726 2020 eleemosynas,
742 1948 778 2003 et
796 1939 938 2021 quidem
958 1939 1096 2019 aliquas
1117 1955 1240 2001 earum
1262 1937 1443 2014 Societati,
1466 1938 1518 1999 le·

284 2057 447 2126 paverat,
463 2048 521 2110 vel
536 2064 557 2109 a
572 2047 609 2110 P.
627 2047 787 2111 Adriano
801 2045 1071 2126 dispensandas,
1088 2064 1134 2109 ex
1148 2045 1276 2126 quibus
1287 2045 1344 2108 ille
1356 2045 1514 2124 aliquam

282 2153 393 2216 etiam
408 2154 578 2233 pecuniae
593 2171 768 2219 summam
787 2153 938 2217 Romam
958 2153 1065 2217 misit.
1089 2153 1133 2216 Et
1154 2153 1237 2234 quia
1257 2153 1333 2232 ipse
1352 2161 1386 2214 et
1407 2168 1511 2214 soror

282 2258 360 2339 ejus
374 2261 410 2324 in
424 2277 526 2323 usum
540 2260 730 2325 Societatis
743 2263 854 2324 multa
866 2261 1084 2325 Lovaniensi
1098 2259 1257 2339 Collegio
1273 2259 1512 2335 contulerant,

284 2383 356 2429 non
370 2368 483 2430 solum
497 2369 632 2431 reditus
646 2368 709 2432 sed
722 2369 843 2446 libroS,
861 2369 1003 2445 calices,
1020 2369 1161 2431 casulas
1182 2377 1217 2430 et
1238 2364 1439 2445 hujusmodi
1462 2365 1510 2429 ad

282 2474 418 2537 cultum
437 2475 662 2554 pertinentia,
685 2475 878 2556 postulavit
898 2493 919 2538 a
939 2474 977 2538 P.
1001 2475 1140 2554 ignatio
1164 2485 1201 2538 ut
1217 2473 1450 2537 constitueret
1470 2490 1516 2535 ne

280 2579 475 2660 quicquam
488 2599 610 2645 eorum
625 2601 646 2646 a
661 2583 818 2661 Collegio
833 2582 1050 2647 Lovaniensi
1065 2580 1213 2645 alienari
1229 2583 1286 2644 vel
1300 2580 1371 2643 alio
1394 2585 1509 2642 trans·

283 2685 368 2750 ferri
382 2697 520 2768 posset;
537 2689 630 2770 quod
647 2689 682 2753 P.
700 2688 859 2768 ignatius
875 2707 939 2769 per
952 2697 1115 2769 patentes
1129 2688 1266 2752 litteras
1281 2688 1327 2752 ad
1342 2686 1378 2751 id
1392 2696 1507 2751 trans·

285 2794 413 2859 missas
428 2796 607 2860 ordinavit
623 2795 644 2859 ³.

342 2902 414 2967 815.
458 2902 645 2967 Habebant
659 2914 777 2967 autem
792 2906 903 2968 nostri
919 2905 1070 2969 Lovanii
1084 2904 1234 2982 singulis
1249 2904 1352 2966 annis
1369 2900 1427 2965 150
1444 2902 1513 2966 flo-

283 3028 389 3075 renos
403 3012 440 3075 in
455 3012 581 3074 annuis
596 3010 778 3075 reditibus:
793 3011 886 3074 dona
901 3020 1022 3074 autem
1036 3020 1072 3074 et
1085 3028 1245 3088 munera,
1258 3011 1340 3073 licet
1353 3011 1514 3089 aliquan·

280 3115 429 3181 docum
450 3116 693 3180 aedificatione
713 3118 898 3182 admittere
920 3126 1064 3198 possent
1086 3117 1193 3199 (quod
1217 3134 1300 3179 raro
1326 3117 1512 3194 continge·

282 3222 367 3303 bat),
384 3224 513 3303 exigua
530 3224 589 3287 illa
604 3232 720 3288 erant:
743 3224 896 3289 medium
915 3225 1009 3288 enim
1031 3224 1199 3288 ducatum
1219 3224 1267 3288 ibi
1289 3224 1422 3287 donare
1444 3241 1510 3303 pro

323 3466 331 3501 ¹
359 3466 434 3512 Hanc
448 3468 576 3511 Polancns
592 3467 646 3522 lpse
662 3466 757 3511 litteris
771 3466 838 3511 inira
854 3466 1027 3509 memorandis
1042 3478 1092 3509 non
1107 3477 1226 3512 sororem
1244 3468 1331 3512 Patris
1347 3467 1457 3511 Adriani
1467 3466 1514 3512 sed

276 3540 424 3592 tralatam,
431 3539 531 3583 scilicet
536 3538 642 3594 fratris
651 3550 761 3581 uxorem
772 3540 898 3592 appellat.

323 3612 334 3643 ¹
361 3610 462 3655 Ansina
473 3615 531 3654 erat
540 3616 647 3665 propter
657 3611 723 3653 hanc
734 3611 846 3665 Agnetis
855 3611 1003 3665 phrenesim
1014 3611 1041 3655 P.
1052 3611 1190 3663 Adrianus,
1202 3613 1243 3656 cui
1252 3612 1325 3666 haec,
1334 3624 1367 3656 ex
1377 3626 1454 3663 com..
1465 3616 1515 3659 Po·

279 3682 379 3727 laneus:
389 3682 442 3726 “De
453 3680 563 3727 Domina
574 3682 685 3737 Agnetis,
697 3682 757 3726 vso
767 3682 824 3726 Ra·
834 3682 938 3736 fratria,
949 3683 1007 3737 piae
1018 3684 1165 3731 memoriae.
1176 3685 1225 3727 hoc
1239 3682 1366 3728 sentimus
1381 3687 1447 3739 quod
1458 3698 1515 3729 sen·

279 3754 331 3797 tire
346 3752 475 3808 potuimus
490 3753 521 3796 de
535 3752 626 3796 eadem
640 3754 661 3796 si
677 3764 778 3807 semper
796 3764 899 3807 compos
909 3754 1002 3797 mentis
1018 3754 1106 3806 inerit,
1117 3756 1184 3809 quod
1195 3755 1228 3798 ad
1239 3756 1340 3799 animae
1354 3758 1465 3800 salutem
1474 3762 1516 3801 at·

282 3826 354 3869 tinet.
366 3826 499 3869 Permittit
509 3825 612 3868 interim
623 3824 692 3869 Deus
709 3826 733 3868 ln
744 3827 817 3869 bonis
831 3826 916 3870 servis
931 3826 985 3869 suis
995 3827 1084 3880 aliqua
1100 3828 1225 3882 ejusmodi
1236 3828 1354 3872 accidere
1371 3837 1407 3881 ut,
1418 3830 1440 3872 si
1451 3828 1512 3883 quid

281 3898 334 3941 tale
344 3898 370 3941 in
381 3896 463 3940 minus
472 3897 522 3951 piis
532 3896 790 3940 animadverterimus
800 3892 878 3953 (quod
888 3908 921 3940 ex
929 3896 1080 3942 infirmitate
1088 3898 1172 3942 cnivis
1178 3908 1264 3952 posset
1273 3900 1402 3944 accideret
1412 3912 1443 3943 ne
1454 3910 1513 3944 con·

277 3969 353 4012 'tinao
363 3968 393 4011 de
405 3968 460 4022 ejus
471 3970 554 4013 salute
565 3970 632 4012 male
643 3969 792 4013 sentiamus.
804 3968 863 4013 Vidi
875 3982 924 4023 ego
939 3981 1045 4013 servum
1056 3969 1113 4023 Dei,
1124 3972 1166 4025 qui
1177 3971 1318 4025 aliquando
1331 3972 1406 4016 mlles
1417 3972 1513 4022 iuerat.

282 4046 340 4093 post
350 4039 534 4084 contessionem
545 4046 571 4083 et
582 4042 784 4084 communionem
797 4042 889 4084 devote
906 4050 1056 4096 susceptam
1075 4042 1100 4086 ln
1118 4043 1265 4097 phrenesim
1280 4042 1399 4087 incidisse
1415 4050 1512 4088 etcum

280 4111 417 4155 horrendis
431 4112 599 4165 blasphemiis
613 4111 751 4156 interiisse.
769 4112 833 4156 Cum
848 4118 934 4156 tamen
949 4114 1100 4167 spirituales
1117 4114 1168 4157 viri
1184 4115 1318 4170 adessent,
1340 4116 1413 4159 nullo
1433 4116 1508 4159 modo

276 4189 444 4239 praesentem
451 4184 506 4237 eius
516 4188 614 4227 statum
624 4184 669 4227 sed
680 4186 860 4239 praeteritum,
871 4197 929 4229 cum
939 4187 1013 4229 miles
1024 4192 1090 4239 erat,
1104 4186 1264 4241 judicabant,
1276 4193 1302 4230 et
1318 4187 1349 4231 de
1360 4188 1416 4241 eJ'us
1425 4189 1511 4231 salute

280 4268 329 4300 non
339 4257 423 4300 minus
432 4266 480 4310 ego
490 4256 554 4299 bene
564 4257 702 4310 sperabam
712 4268 789 4311 quam
799 4256 821 4301 ai
832 4258 929 4302 nullum
941 4260 1049 4302 verbum
1064 4259 1241 4312 blasphemiae
1252 4259 1298 4302 sed
1308 4260 1394 4314 potius
1404 4260 1512 4303 laudum

278 4329 435 4381 protulisset.
451 4328 547 4371 Nostra
558 4328 703 4382 [non1sunt,
719 4336 747 4371 ut
758 4330 815 4381 scis,
828 4336 911 4383 pater,
923 4341 989 4384 quae
1005 4342 1054 4374 non
1065 4342 1097 4373 ex
1114 4332 1248 4374 voluntate
1267 4332 1410 4385 procedunt
1420 4341 1467 4374 nec
1479 4343 1511 4374 ex

277 4397 386 4443 ratione.
403 4398 436 4442 Et
445 4402 510 4443 bono
520 4398 606 4442 animo
622 4410 679 4442 esse
690 4406 793 4453 oportet
803 4398 868 4445 v.·n
877 4401 941 4444 Rau
957 4401 1024 4456 quod
1040 4401 1074 4444 ad
1088 4403 1160 4445 illam
1175 4409 1202 4445 et
1218 4402 1316 4446 slmiles
1330 4401 1433 4446 attinet.
1460 4402 1514 4447 Nos

278 4482 341 4515 vero
351 4470 432 4516 iuncti
442 4482 530 4515 sumus
540 4470 678 4533 charitatis
688 4472 769 4516 officio
779 4473 863 4526 ipsam
873 4473 982 4517 Domino
998 4473 1221 4527 commendando„
1231 4474 1280 4517 ta·
1291 4472 1429 4519 Februarii
1449 4475 1511 4518 1555.

318 4542 330 4574 ⁸
358 4542 482 4586 Parentes
497 4542 546 4587 has
559 4542 663 4586 litteras
678 4555 728 4587 non
743 4544 861 4588 vidimus.
879 4544 977 4589 Earum
993 4555 1080 4589 tamen
1097 4545 1212 4588 meminit
1232 4546 1368 4599 Polancus,
1385 4556 1505 4596 excom..

277 4612 352 4657 Patri
366 4615 554 4658 Adrlaensscns
564 4614 680 4659 scribens
690 4627 736 4670 per
746 4617 811 4660 haee
821 4619 911 4661 verba:
923 4618 1061 4661 “Parentes
1070 4618 1174 4661 litteras
1186 4617 1271 4663 Patris
1286 4619 1374 4663 Nostri
1388 4621 1442 4676 jam
1454 4620 1512 4663 mit-

281 4693 364 4801 tlemus
373 4693 402 4729 ut
413 4692 513 4729 constet
524 4686 601 4730 vendi
612 4698 660 4731 non
671 4688 764 4731 debere
775 4700 841 4743 quae
851 4700 867 4733 a
878 4688 910 4733 V.
922 4688 953 4733 R.
964 4690 1055 4745 eteius
1066 4700 1155 4735 sorore
1166 4691 1280 4746 Collegio
1290 4692 1386 4736 donata
1395 4699 1478 4745 sant„
1487 4692 1514 4733 18

280 4757 348 4809 ,unii
361 4758 422 4801 1555.
