3717 5400
819 479 880 536 Ax.
902 477 974 536 1555
1471 479 1509 538 95

276 633 445 704 coeperat
459 625 629 688 confiteri.
644 624 815 688 Meretrix
829 623 937 688 etiam
951 623 1126 704 quaedam
1145 633 1224 704 post
1245 623 1504 690 consessionem

274 732 480 808 generalem
507 731 652 809 factam,
682 731 897 812 praeteritae
924 730 1021 794 vitae
1050 729 1301 810 renuntiando,
1332 721 1506 795 suadente

274 837 401 902 eodem
413 837 452 900 Ρ.
469 838 663 914 Ludovico,
681 839 933 903 monasterium
948 855 1206 902 conversarum
1220 847 1273 902 est
1288 838 1464 918 ingressa.

334 944 406 1008 248.
451 944 623 1025 Quamvis
639 956 758 1010 autem
772 963 911 1026 semper
931 945 1021 1008 haec
1045 945 1232 1024 occupatio
1256 953 1399 1009 nostros
1417 945 1507 1010 utili·

272 1061 329 1115 ter
343 1051 527 1116 distineret
541 1062 730 1132 postquam
743 1051 960 1116 Florentiam
975 1059 1162 1130 venerunt,
1178 1051 1242 1114 sub
1260 1050 1366 1115 finem
1386 1061 1506 1115 tamen

273 1158 379 1238 hujus
394 1159 478 1222 anni
493 1159 693 1223 uberiorem
716 1168 931 1240 proventum
952 1156 1194 1236 reddiderunt,
1222 1158 1341 1222 multis
1362 1167 1506 1222 nostros

271 1265 495 1343 adeuntium,
512 1265 571 1346 qui
583 1267 744 1343 vulnera,
760 1265 882 1329 multis
895 1265 1000 1327 annis
1015 1274 1189 1341 contecta,
1203 1264 1296 1327 etita
1311 1281 1504 1345 numquam

269 1373 488 1450 curataeis
514 1382 552 1435 ut
569 1371 651 1435 fidei
671 1372 806 1435 meritis
830 1371 1052 1448 detexerunt,
1078 1377 1116 1433 ut
1135 1387 1156 1433 a
1182 1368 1336 1434 Domino
1358 1388 1421 1452 per
1444 1389 1506 1434 eos

272 1488 499 1543 curarentur.
526 1479 679 1558 Quidam
700 1478 906 1560 disciplinae
926 1478 1093 1557 ignarus,
1115 1477 1209 1540 facto
1230 1477 1399 1554 divortio,
1421 1496 1506 1541 uxo·

270 1602 350 1649 rem
369 1586 587 1664 deseruerat,
609 1594 644 1648 et
669 1585 771 1667 quasi
789 1585 933 1648 vinculo
955 1584 1127 1647 dissoluto
1142 1600 1206 1664 pro
1231 1601 1296 1647 sua
1321 1585 1505 1649 voluntate

271 1703 420 1772 uterque
435 1690 630 1772 conjugum
644 1710 805 1756 seorsum
819 1691 980 1768 vivebat;
996 1690 1060 1753 sed
1079 1689 1223 1770 quidam
1238 1708 1283 1753 ex
1298 1691 1429 1754 nostris
1444 1691 1503 1755 ho·

272 1800 404 1863 minem
418 1800 558 1880 peccati
572 1800 627 1863 sui
642 1799 981 1876 commonefaciens,
999 1796 1114 1861 effecit
1127 1805 1165 1860 ut
1180 1797 1217 1860 in
1232 1805 1394 1862 sanctum
1417 1798 1503 1863 illud

272 1905 398 1970 foedus
413 1916 447 1970 et
463 1906 763 1970 cohabitationem
778 1907 821 1970 de
835 1906 977 1984 integro
991 1904 1157 1969 redirent.
1360 1890 1363 1896 ’

332 2013 403 2077 249.
448 2013 539 2078 Cum
553 2013 835 2093 Quadragesima
851 2011 956 2092 hujus
978 2012 1062 2075 anni
1082 2011 1278 2074 monachus
1297 2028 1424 2090 parum
1445 2029 1502 2074 ca-

270 2119 402 2183 tholice
421 2120 710 2198 concionaretur,
730 2119 933 2183 admonitus
958 2117 1022 2182 fuit
1043 2136 1064 2181 a
1083 2118 1122 2181 P.
1145 2117 1340 2196 Ludovico;
1367 2128 1503 2182 etcum

272 2226 469 2290 admonitio
482 2243 555 2290 non
568 2225 755 2304 sufficeret,
772 2244 846 2289 rem
862 2226 907 2289 ad
922 2223 999 2305 ejus
1013 2227 1234 2305 superiorem
1246 2223 1381 2304 detulit,
1394 2241 1416 2287 a
1432 2243 1502 2305 quo

271 2331 340 2395 fuit
353 2342 501 2397 coactus
517 2334 727 2410 monachus,
745 2350 835 2414 quae
849 2331 956 2396 dubia
970 2331 1120 2410 dixerat,
1138 2331 1338 2410 declarare,
1354 2342 1388 2395 et
1411 2348 1503 2410 quae

271 2437 364 2502 falsa
377 2451 566 2504 recantare
588 2439 609 2499 ¹.

331 2545 403 2608 250.
447 2545 486 2610 In
501 2548 675 2627 quosdam
688 2546 812 2611 incidit
825 2546 934 2624 idem,
952 2546 1012 2626 qui
1026 2545 1160 2609 chartis
1174 2545 1342 2609 ludebant
1355 2561 1502 2609 numero

269 2654 381 2731 multi,
398 2663 432 2717 et
448 2669 513 2718 sua
529 2655 777 2719 exhortatione
792 2653 844 2719 sic
859 2669 921 2718 eos
943 2651 1150 2731 commovit,
1175 2660 1213 2716 ut
1229 2669 1352 2717 omnes
1372 2652 1418 2716 ab
1440 2652 1503 2715 hu·

266 2760 368 2841 jusce
389 2762 463 2824 ludi
488 2778 620 2840 genere
645 2762 833 2841 abstinere,
859 2762 1040 2841 vitamque
1068 2761 1105 2823 in
1131 2761 1256 2824 melius
1283 2768 1502 2823 commutare

269 2867 536 2946 pollicerentur:
564 2868 669 2949 idque
693 2868 852 2932 nonnulli
879 2869 1121 2947 lacrymarum
1149 2866 1350 2929 testimonio
1379 2865 1502 2930 confir·

269 2983 409 3037 mantes
423 2973 528 3038 fidem
550 2986 765 3038 meruerunt.

329 3080 401 3144 251.
443 3080 582 3145 Nobilis
607 3081 751 3162 quidam
768 3080 1013 3159 FlorentinuS,
1041 3080 1100 3160 qui
1120 3079 1306 3143 duodecim
1327 3096 1440 3142 annos
1462 3080 1499 3145 in

266 3187 392 3251 militia
408 3188 510 3251 varia
528 3188 704 3269 stipendia
718 3198 887 3269 sequutus
906 3188 1039 3267 suerat,
1060 3197 1095 3250 et
1114 3203 1222 3267 supra
1241 3186 1498 3267 quinquaginta

265 3291 459 3357 homicidia
472 3304 756 3375 perpetraverat,
773 3295 831 3358 hic
846 3296 884 3357 in
898 3294 1086 3375 quemdam
1100 3310 1146 3357 ex
1162 3293 1294 3357 nostris
1305 3294 1497 3358 sacerdoti·

264 3398 334 3463 bus
348 3398 519 3479 incidenS,
536 3401 588 3463 sic
603 3400 649 3463 ab
663 3418 706 3464 eo
726 3410 923 3465 commotus
937 3399 1110 3479 discessit,
1125 3409 1164 3463 ut
1178 3416 1302 3463 coram
1319 3400 1397 3482 ipso
1417 3400 1498 3463 con·

265 3505 432 3582 stituerit,
448 3517 483 3570 et
500 3506 763 3587 quodammodo
777 3509 930 3585 voverit,
947 3507 1103 3587 aliquam
1117 3505 1255 3586 ingredi
1276 3508 1496 3587 religionem,

266 3613 305 3675 in
320 3630 391 3693 qua
405 3624 555 3695 peccata
572 3614 775 3691 commissa,
791 3613 875 3676 dum
889 3614 1039 3693 viveret,
1056 3613 1270 3693 deploraret.

326 3719 397 3783 252.
442 3720 540 3785 Idem
560 3721 599 3785 P.
620 3720 824 3785 Ludovicus
845 3720 1032 3784 dominicis
1052 3738 1095 3783 ac
1117 3718 1218 3784 iestis
1236 3719 1360 3784 diebus
1378 3722 1497 3801 priore

264 3834 368 3905 parte
382 3826 488 3906 hujus
504 3827 589 3891 anni
603 3827 783 3891 canticum
796 3826 835 3890 B.
852 3826 1014 3905 Virginis
1035 3827 1237 3907 explicavit.
1261 3826 1348 3890 Erat
1368 3826 1499 3892 ibidem

263 3929 303 3993 P.
319 3932 477 4014 Jacobus
493 3933 650 4013 Laynez,
667 3932 912 4011 Provincialis‚
929 3942 964 3995 et
981 3933 1121 4013 pietatis
1137 3933 1304 4013 operibus
1319 3950 1384 3997 suo
1401 3952 1499 3998 more

262 4040 431 4114 vacabat;
448 4041 512 4105 sed
527 4038 659 4122 [nediu
673 4050 833 4103 maneret
844 4036 991 4121 obstitit]
1003 4048 1233 4120 praeceptum
1248 4038 1430 4104 Pontificis
1440 4041 1498 4124 Ju-

263 4145 301 4208 lii
315 4144 373 4225 111,
390 4147 452 4228 qui
469 4147 514 4210 ad
529 4146 684 4210 diaetam
697 4146 950 4211 Germanicam
964 4164 1045 4210 cum
1057 4144 1096 4209 P.
1107 4144 1237 4225 Natali,
1253 4158 1292 4209 ut
1306 4147 1460 4211 diximus
1473 4150 1498 4227 ⁸,

260 4269 345 4315 eum
369 4254 545 4333 mittebat,
572 4266 610 4317 ut
635 4264 782 4333 uterque
806 4253 1037 4317 comitaretur
1063 4252 1287 4318 Cardinalem
1307 4252 1497 4319 Moronum

304 4566 312 4596 ¹
343 4563 443 4609 Deliae
456 4576 494 4619 re,
510 4566 612 4610 nomine
626 4574 713 4610 tamen
727 4564 918 4609 concionatoris
934 4574 1081 4619 suppresso,
1097 4565 1185 4618 plures
1202 4566 1373 4611 intercessere
1390 4567 1496 4613 litterae

264 4631 399 4689 ignatium
408 4637 477 4681 inter
487 4643 514 4681 et
524 4637 668 4682 Florentlni
679 4635 789 4690 Collegit
795 4635 941 4681 Rectorem.

306 4708 319 4739 ¹
346 4706 440 4764 supra,
452 4708 543 4765 pag&
553 4709 609 4753 nti.
