3717 5400
376 471 429 529 166
830 471 958 530 Cuaou.
980 469 1055 528 Soc.
1077 469 1147 542 Jas.

433 614 504 676 477.
546 615 645 679 Haec
660 632 747 695 ergo
763 632 872 679 causa
886 615 952 678 fuit
967 632 1032 678 cur
1054 633 1120 678 nec
1134 616 1223 679 alios
1238 615 1420 695 Rectores,
1437 634 1503 680 nec
1517 618 1601 681 sele·
1644 643 1646 646 ·

374 722 506 786 ctiores
520 723 704 803 operarios
714 723 752 785 in
765 732 839 784 tam
850 723 1051 800 insignibus
1061 723 1205 786 urbibus
1218 720 1379 786 Societas
1390 740 1432 786 eo
1444 733 1602 804 tempore

371 829 550 908 habuerit3
565 831 683 893 nullus
696 829 791 892 enim
804 839 881 892 erat
895 831 1085 909 theologus
1099 846 1165 893 nec
1180 831 1421 910 concionator,
1439 831 1602 910 quamvis

374 937 435 1014 illi,
451 937 512 1016 qui
529 935 687 1000 Veneriis
702 936 868 1016 agebant,
884 936 989 1000 sicuti
1002 947 1036 1001 et
1048 937 1107 1017 qui
1118 935 1270 1011 Patavii,
1284 938 1393 1000 multa
1405 935 1483 1001 Deo
1497 948 1602 1018 grata

374 1051 410 1106 et
423 1043 595 1124 proximis
609 1044 708 1107 utilia
722 1043 865 1125 pietatis
879 1061 988 1123 opera
1009 1053 1227 1108 exercerent.

435 1149 506 1248 4⁷⁸·
548 1149 639 1214 Nam
654 1151 827 1230 inprimis
842 1151 937 1231 quod
951 1150 997 1213 ad
1011 1152 1245 1214 ministerium
1260 1151 1386 1214 attinet
1400 1168 1603 1215 sacramen-

374 1267 502 1331 torum,
517 1275 589 1320 non
609 1259 713 1337 pauci
738 1258 888 1335 singulis
908 1256 1139 1320 hebdomadis
1160 1266 1385 1321 sacramenta
1406 1258 1602 1340 frequenta-

374 1364 473 1442 bant,
489 1365 582 1426 inter
596 1380 685 1443 quos
704 1373 806 1426 erant
824 1363 1096 1427 honestissimae
1117 1363 1291 1444 quaedam
1307 1383 1350 1427 ac
1364 1365 1605 1428 nobilissimae

375 1480 571 1548 matronae,
588 1486 679 1549 quae
693 1487 779 1532 suae
794 1469 995 1532 devotionis
1010 1473 1172 1550 exemplo
1187 1471 1278 1534 alios
1292 1471 1474 1551 utriusque
1495 1488 1604 1534 sexus

374 1577 423 1640 ad
436 1579 492 1640 sui
505 1576 749 1650 imitationem,
770 1578 900 1640 tamin
920 1575 1142 1640 consessione
1162 1591 1198 1641 et
1218 1579 1474 1655 communione,
1498 1594 1606 1659 quam

374 1683 555 1747 indevota
571 1683 731 1747 oratione
746 1683 947 1746 invitabant
961 1695 996 1747 et
1007 1684 1052 1747 ad
1064 1685 1159 1748 vitae
1171 1685 1326 1748 melioris
1337 1685 1602 1748 institutionem.

375 1787 530 1853 Eaedem
549 1803 678 1865 autem,
704 1800 852 1869 prouta
877 1790 1105 1855 confessariis
1132 1791 1404 1871 suggerebatur,
1431 1809 1605 1873 pauperes

375 1897 450 1959 suis
463 1895 689 1960 facultatibus
709 1898 954 1973 sublevabant,
978 1907 1012 1959 et
1034 1897 1080 1960 ad
1100 1897 1248 1977 aliquos,
1269 1907 1412 1978 propter
1432 1898 1549 1962 debita
1569 1898 1606 1960 in

376 2005 580 2067 carceribus
600 2003 774 2080 detentos
800 2005 1003 2068 liberandos
1023 2005 1211 2084 pecuniam
1231 2004 1513 2068 contribuebant.
1534 2004 1605 2067 Ali·
1649 2037 1652 2042 ·

377 2111 439 2191 qui
452 2111 570 2190 etiam,
586 2112 646 2192 qui
661 2131 732 2174 non
746 2111 951 2192 frequenter
966 2110 1235 2190 confitebantur,
1252 2129 1273 2173 a
1293 2113 1421 2191 pelago
1442 2120 1603 2192 peccato·

377 2234 468 2296 rum,
484 2236 553 2298 quo
568 2220 743 2283 submersi
756 2218 908 2298 fuerant,
921 2236 985 2299 per
1000 2217 1242 2282 confessiones
1252 2221 1438 2297 generales
1449 2233 1607 2298 emerge·

378 2324 474 2387 bant.
490 2324 559 2387 Hic
572 2335 719 2406 septem,
743 2327 800 2388 ille
815 2325 1017 2405 quindecim
1037 2337 1072 2388 et
1091 2326 1250 2405 pluribus
1269 2325 1377 2387 etiam
1397 2325 1512 2403 anniS,
1532 2329 1608 2388 sine
1637 2389 1638 2394 ,

379 2431 611 2495 consessionis
625 2433 800 2495 medicina
819 2418 859 2494 ‘in
880 2433 954 2495 suis
972 2433 1130 2512 peccatis
1144 2433 1403 2509 insordescenS,
1425 2432 1470 2495 ad
1490 2431 1607 2511 poeni-

377 2540 526 2601 tentiam
539 2550 574 2602 et
586 2541 680 2602 vitae
691 2541 923 2602 mutationem
935 2557 956 2602 a
968 2538 1035 2602 Dei
1047 2539 1290 2604 misericordia
1305 2539 1524 2602 trahebatur.
1539 2536 1609 2602 Sed

378 2645 469 2710 haec
483 2656 517 2710 et
530 2646 746 2727 huJusmodi,
768 2646 851 2726 quia
865 2646 995 2710 similia
1010 2655 1091 2711 sunt
1107 2647 1186 2710 aliis
1201 2647 1342 2729 saepius
1357 2646 1473 2726 dictis,
1495 2642 1608 2727 [prae-

378 2751 600 2834 termittens]‚
624 2755 692 2817 hoc
714 2764 851 2817 tantum
873 2755 1000 2833 dicam,
1021 2755 1118 2834 quod
1135 2756 1355 2834 spiritualem
1368 2754 1522 2817 lructum
1536 2770 1607 2815 non

381 2860 629 2939 poenitendum
644 2860 680 2921 in
702 2864 832 2923 horrea
847 2860 990 2924 Domini
1005 2860 1119 2923 nostri
1139 2860 1350 2938 referebant;
1371 2870 1406 2923 et
1425 2878 1471 2924 ex
1494 2862 1609 2939 lacry-

379 2968 447 3030 mis
465 2977 693 3045 peccatorum
713 2968 998 3047 resipiscentium
1018 2981 1053 3031 et
1073 2968 1117 3030 ad
1137 2968 1252 3032 Deum
1277 2968 1514 3044 redeuntium,
1535 2984 1608 3029 non

381 3074 558 3137 modicam
583 3076 863 3138 consolationem
886 3076 1000 3138 nostri
1024 3076 1253 3156 recipiebant3
1274 3076 1366 3137 sicut
1386 3074 1608 3154 frequentan-

381 3182 468 3245 tium
483 3193 707 3245 sacramenta
723 3179 855 3259 fervor,
871 3183 1025 3260 gemitus
1039 3192 1074 3245 et
1088 3185 1268 3261 lacrymae
1284 3182 1427 3245 eosdem
1445 3198 1531 3243 suae
1549 3197 1606 3243 ne·

378 3289 574 3367 gligentiae
588 3289 1074 3369 meminissecompellebant.

441 3396 512 3459 479.
554 3394 620 3458 His
634 3407 755 3458 tamen
766 3396 995 3475 temporibuS,
1012 3396 1138 3477 quibus
1152 3398 1210 3458 vel
1224 3396 1420 3467 celebriora
1434 3394 1535 3473 festa,
1550 3394 1608 3457 vel

380 3504 520 3584 aliquae
533 3504 774 3582 indulgentiae
796 3504 958 3567 homines
980 3504 1189 3582 invitabant,
1211 3503 1448 3567 confessarios
1467 3511 1608 3565 nostros

378 3612 563 3691 oportebat
572 3612 609 3673 in
623 3628 812 3690 vesperam
823 3611 1051 3675 reiectionem
1063 3610 1223 3690 corporis
1234 3610 1443 3690 relinquere,
1457 3617 1492 3671 et
1502 3624 1545 3671 ne
1557 3608 1610 3670 sic

380 3718 522 3798 quidem
536 3718 743 3781 satisfacere
755 3719 1025 3782 advenientibus
1037 3727 1211 3797 poterant.
1230 3715 1542 3796 Consequebantur
1557 3731 1607 3777 re·

380 3826 596 3904 stitutioneS,
622 3829 869 3906 eleemosynae
889 3834 924 3888 et
943 3826 1012 3887 alia
1033 3825 1175 3905 pietatis
1201 3840 1325 3905 opera;
1350 3833 1384 3886 et
1410 3823 1518 3903 aliqui
1537 3831 1611 3884 tam

382 3944 484 3996 erant
499 3933 701 3997 obedientes
723 3934 881 4014 patribus
905 3933 1158 4011 spiritualibus,
1181 3940 1220 3994 ut
1242 3930 1359 3994 multis
1378 3929 1554 4008 religiosis
1574 3928 1610 3990 in

383 4042 451 4103 hac
466 4049 567 4121 parte
581 4057 653 4103 non
665 4041 839 4104 cederent.
857 4038 970 4103 Paces
981 4038 1110 4102 fiebant
1122 4039 1213 4102 inter
1225 4039 1354 4101 multos
1366 4047 1400 4100 et
1411 4036 1455 4099 ab
1469 4034 1613 4099 oflensis

384 4146 451 4210 Dei
465 4148 606 4227 plurimi
621 4148 893 4210 revocabantur.

444 4252 515 4317 480.
558 4254 743 4317 Hebraeus
757 4254 901 4333 quidam
917 4255 954 4318 in
968 4254 1126 4335 Collegio
1141 4254 1323 4317 institutus
1343 4261 1396 4314 est
1417 4251 1541 4330 (donec
1556 4250 1615 4313 ba·

384 4361 589 4438 ptizaretur)
605 4362 640 4423 in
657 4362 819 4423 doctrina
835 4372 869 4424 et
884 4362 957 4424 vita
974 4362 1179 4440 christiana,
1198 4370 1232 4423 et
1247 4360 1401 4423 maxime
1413 4360 1448 4421 in
1464 4368 1613 4438 utroque

384 4465 545 4545 profecit.

445 4574 514 4637 481.
558 4574 596 4637 Ρ.
613 4574 758 4655 Caesar,
776 4594 842 4656 pro
858 4594 922 4640 suo
939 4594 1048 4653 more,
1065 4576 1164 4639 lestis
1178 4575 1302 4639 diebus
1314 4574 1539 4653 evangelium
1553 4588 1614 4651 po·

382 4683 467 4761 pulo
484 4685 571 4746 satis
586 4683 760 4763 frequenti
776 4684 988 4764 explicabat.
