3717 5400
764 553 829 611 Ant.
851 552 922 611 1535
1406 554 1461 613 513

220 702 287 784 qui
299 702 438 781 collega
450 699 568 764 iuerat
580 698 821 763 Salmanticae
831 698 973 779 collegii
982 698 1066 762 Divi
1077 698 1460 780 Bartholomaei,quod

223 808 459 873 seminarium
474 807 537 871 fuit
553 806 589 869 in
604 806 725 885 regnis
747 804 943 886 Hispaniae
967 807 1235 886 praeclarorum
1259 806 1420 870 virorum
1437 806 1459 885 ¹,

225 918 320 979 inter
331 932 422 996 quos
437 915 552 978 luerat
566 915 641 995 ipse
660 913 963 993 Archiepiscopus
982 911 1234 993 Graaatensis,
1251 912 1312 995 qui
1330 912 1461 978 refere-

223 1024 289 1087 -bat
303 1022 515 1101 magistrum
530 1020 744 1084 Madridium
765 1020 922 1083 omnium
941 1020 1095 1100 primum
1113 1038 1160 1083 ex
1178 1036 1221 1083 eo
1236 1021 1386 1101 collegio
1408 1038 1461 1085 re-

229 1129 395 1209 ligiosum
424 1146 502 1192 esse
530 1127 675 1191 iactum.
705 1127 934 1219 Praelegerat
961 1128 1056 1191 idem
1083 1126 1322 1193 Salmanticae
1349 1130 1461 1221 philo·

223 1236 377 1317 sophiae
405 1252 560 1315 cursum,
583 1233 765 1298 Grana'tae
780 1242 900 1297 autem
914 1233 1115 1313 theologiae
1130 1234 1368 1299 scholasticae
1382 1253 1462 1316 pro-

225 1344 343 1407 resson
358 1342 433 1405 D.¹²¹
447 1343 620 1407 Thomam
635 1341 946 1422 interpretabatur,
963 1350 997 1404 et
1018 1343 1139 1405 sacelli
1151 1342 1242 1423 regii
1256 1344 1463 1423 capellanus

231 1459 325 1537 erat,
345 1451 401 1514 vir
426 1450 584 1514 eruditus
606 1459 640 1513 et
664 1449 879 1528 ingeniosus
907 1448 970 1511 sed
999 1449 1059 1527 qui
1077 1450 1221 1513 virtutis
1245 1460 1281 1513 et
1301 1450 1460 1530 spiritus,

223 1558 399 1639 quamdiu
415 1558 452 1620 in
476 1556 652 1621 Societate
672 1556 781 1635 vixit,
805 1556 986 1635 specimen
1006 1573 1129 1619 rarum
1148 1554 1339 1620 admodum
1363 1558 1463 1621 exhi-

227 1664 318 1743 buit,
335 1674 370 1727 et
384 1664 534 1743 insignis
550 1663 781 1726 concionator
795 1663 860 1726 luit
876 1661 897 1725 ¹.

275 1770 363 1834 1399.
407 1770 509 1835 Alius
524 1768 668 1850 quidam
687 1770 886 1849 theologiae
907 1770 1033 1833 doctor
1052 1787 1133 1834 cum
1155 1787 1286 1850 magno
1306 1788 1370 1834 suo
1385 1788 1465 1853 pro·

229 1878 329 1942 iectu
348 1887 383 1941 et
415 1879 566 1940 aliorum
596 1875 840 1940 aedificatione
867 1876 1065 1957 spiritualia
1094 1878 1265 1940 exercitia
1295 1879 1464 1959 suscepit;

228 1984 530 2065 quemadmodum
542 1983 684 2064 juvenis
695 1983 839 2064 quidam
854 1984 1079 2063 hispalensis,
1103 1994 1291 2063 mercator,
1312 1993 1348 2047 et
1367 2001 1467 2065 egre·

231 2092 296 2172 gio
310 2092 494 2172 praeditus
506 2091 663 2171 ingenie,
680 2090 788 2171 quise
800 2089 971 2154 Societati
983 2090 1129 2154 addixit.
1144 2090 1225 2154 Duo
1237 2091 1297 2155 alii
1308 2103 1467 2173 praeter·

236 2216 289 2278 ea,
307 2201 396 2263 alter
417 2199 537 2278 herus,
561 2201 651 2261 alter
667 2198 822 2263 ramulus
836 2209 917 2279 post
937 2199 1109 2262 exercitia
1130 2200 1331 2279 spiritualia
1351 2198 1467 2264 Socie-

233 2306 299 2369 tati
318 2315 461 2369 nostrae
477 2322 515 2367 se
536 2305 747 2367 obtulerunt.
776 2304 819 2367 Et
845 2305 987 2385 quidem
1001 2305 1121 2384 heruS,
1146 2306 1206 2386 qui
1224 2307 1416 2387 aliquando
1431 2306 1469 2369 in

234 2422 367 2476 ornatu
382 2421 416 2475 et
432 2411 645 2475 famulorum
660 2414 832 2475 comitatu
846 2413 975 2476 nimius
994 2412 1110 2475 luerat
1131 2410 1154 2491 ³,
1178 2420 1277 2475 tanto
1300 2429 1382 2476 cum
1400 2412 1467 2475 ier·

235 2536 325 2583 vore
342 2519 387 2582 ad
402 2519 582 2583 Christum
598 2520 761 2599 accessit,
778 2528 816 2581 ut
830 2519 978 2583 fratrem
993 2530 1027 2581 et
1042 2536 1203 2582 sororem
1225 2530 1260 2582 et
1280 2520 1469 2601 quemdam

241 2627 347 2690 alium
363 2644 449 2708 prae
465 2627 641 2690 moestitia
658 2636 886 2706 aegrotantes
906 2628 951 2689 ob
971 2627 1081 2707 ipsius
1096 2626 1389 2690 deliberationem
1404 2626 1469 2710 [re-

244 2733 428 2815 linquens],
446 2734 491 2797 ad
506 2745 647 2798 nostros
659 2735 826 2811 evolavit,
840 2735 1060 2812 persuadens
1070 2735 1138 2798 sibi
1149 2753 1274 2798 verum
1285 2752 1364 2798 esse
1375 2736 1470 2816 quod

241 2841 431 2922 aliquando
448 2841 628 2905 audierat:
645 2844 702 2904 vel
717 2841 822 2904 unius
842 2841 912 2905 diei
932 2842 1148 2919 dilationem,
1166 2843 1260 2921 quod
1275 2842 1322 2904 ad
1336 2843 1471 2922 ingres·

239 2966 317 3012 sum
333 2949 515 3028 refigionis
531 2949 666 3025 attinet,
684 2965 815 3026 magna
829 2951 866 3012 in
882 2947 1022 3027 jactura
1038 2966 1116 3012 esse
1130 2945 1153 3012 ⁴.

241 3091 453 3102 ι--ι-ι-υ--ι-

234 3153 332 3198 lasdos
343 3154 465 3208 antiguas
476 3153 606 3207 hlelarias,
615 3155 689 3209 junto
700 3155 740 3198 del
751 3155 872 3198 estrecho
882 3155 913 3198 de
924 3154 1068 3208 Gibraltar,
1079 3155 1189 3200 diocesis
1197 3158 1228 3200 de
1237 3155 1338 3211 cridia„
1349 3156 1474 3202 sarmu-

239 3229 295 3279 Νη,
307 3227 325 3269 1.
336 3236 367 3278 e.,
378 3225 422 3269 lib.
433 3237 450 3278 r,
462 3237 519 3280 cap.
532 3225 567 3270 26.

280 3297 289 3330 ¹
318 3297 400 3349 Quam
412 3309 502 3340 verum
513 3299 560 3340 hoc
571 3299 603 3340 sit
616 3299 688 3350 patet
699 3298 796 3350 legenti
808 3297 928 3341 Historia
940 3298 984 3341 del
1001 3298 1102 3351 Colegio
1117 3301 1187 3356 viejo
1197 3301 1230 3344 de
1247 3301 1303 3345 San
1318 3301 1475 3346 Bartolomd

239 3379 334 3424 arrayor
344 3369 377 3413 de
387 3369 414 3412 la
425 3371 528 3414 calabre
542 3369 724 3413 Uaiuersidad
734 3371 767 3412 de
782 3369 956 3420 salamanca,
966 3382 1013 3424 por
1023 3371 1123 3423 D.Josi:
1135 3385 1168 3416 uu
1182 3373 1271 3418 Rotas
1280 3387 1298 3420 r
1313 3376 1473 3431 Cumanas,

240 3445 360 3495 marquds
372 3441 402 3484 de
415 3443 551 3484 Alventos.
565 3441 674 3494 bladrid,
685 3452 732 3496 por
744 3442 845 3485 Andres
853 3442 962 3496 ortega,
975 3442 1179 3490 {libandas-ol.
1189 3445 1236 3488 iol.

279 3513 290 3544 ¹
317 3513 381 3568 Ejus
390 3513 474 3556 vitam
484 3525 576 3567 resque
587 3521 676 3567 gestas
686 3515 822 3557 enarravit
833 3513 854 3556 N
857 3525 1013 3564 reanuaeno,
1029 3513 1147 3557 Varoaas·
1158 3518 1270 3560 ilustres
1282 3517 1315 3562 de
1326 3520 1354 3562 ia
1366 3521 1476 3576 Compa-

240 3583 288 3627 dia
305 3585 338 3628 da
353 3584 447 3638 Jasus.
465 3587 526 3629 edit.
544 3594 598 3630 ant.
616 3584 792 3638 Matritensis,
806 3593 825 3629 t.
840 3597 863 3639 1,
878 3597 940 3640 pag.
955 3586 1058 3640 bita-3¹3&
1073 3590 1227 3633 recentioris
1243 3589 1402 3645 Bilbaensls,
1420 3599 1440 3639 t.
1453 3600 1474 3646 a,

244 3658 352 3711 papati.

282 3729 293 3758 ὅ
321 3727 367 3771 ἘΙ
378 3731 483 3771 nombre
495 3729 525 3770 de
536 3733 591 3771 este
603 3729 736 3782 hermano,
747 3739 817 3772 como
828 3731 852 3772 el
863 3730 894 3773 de
905 3737 984 3780 otros,
998 3741 1044 3773 nos
1055 3731 1195 3784 quedamos
1210 3735 1292 3776 conci
1307 3734 1383 3778 deseo
1394 3737 1426 3780 de
1436 3749 1477 3781 sa·

244 3801 324 3842 berle.
335 3799 424 3842 Hecho
435 3801 560 3854 diligente
571 3801 696 3844 scrutinio
707 3811 737 3843 en
748 3802 853 3854 papales
862 3814 880 3857 y
890 3802 1029 3845 memorias
1039 3810 1169 3856 antrguas,
1180 3815 1212 3846 no
1224 3805 1307 3858 puedo
1322 3817 1396 3850 creer
1405 3809 1477 3853 luese

245 3878 302 3914 otro
313 3882 362 3924 que
373 3873 397 3914 cl
408 3873 533 3915 hermano
543 3871 610 3924 Juan
620 3871 694 3924 Dlaz,
706 3885 753 3926 que
769 3884 800 3915 en
812 3873 936 3916 Granada
950 3876 1032 3917 murlo
1047 3885 1095 3927 por
1111 3876 1135 3918 el
1150 3887 1245 3919 mesmo
1260 3877 1364 3932 tiempo.
1376 3891 1477 3935 cunque

244 3943 304 3996 algo
315 3941 434 3996 despues,
445 3954 494 3997 que
506 3945 529 3986 el
544 3944 572 3986 P.
585 3943 682 3986 Basilio
693 3943 732 3994 (de
744 3943 857 3997 hailai„
868 3943 1042 3998 snanvanrz,
1054 3948 1070 3989 l.
1082 3957 1104 3989 c.

283 4015 296 4050 ⁴
323 4013 505 4066 Quorumdam,
516 4003 558 4069 uui
567 4015 700 4059 Granatae
711 4016 758 4058 hoc
768 4023 883 4070 tempore
895 4018 1005 4072 ingressi
1016 4025 1075 4061 sunt
1086 4020 1203 4064 meminit
1217 4021 1390 4078 Snsrrvnhaz,
1400 4027 1418 4070 l.
1428 4037 1480 4072 c.-

244 4085 341 4128 “Entrd
353 4087 466 4130 tambien
477 4099 523 4140 por
532 4096 587 4130 esre
599 4087 694 4142 ticmpo
706 4099 737 4130 en
747 4089 772 4132 la
783 4087 925 4142 Compailla
936 4096 994 4133 otro
1004 4101 1076 4133 mozo
1090 4093 1165 4135 noble
1175 4105 1193 4148 y
1202 4095 1307 4147 golan...
1322 4095 1478 4143 Llamabase

245 4157 301 4201 Don
311 4157 433 4211 biegnae
446 4159 626 4212 Bracamonte,
642 4169 716 4202 rama
726 4160 768 4202 dcl
779 4161 931 4204 ilustrisimo
942 4163 1016 4204 arbel
1027 4172 1076 4215 que
1086 4165 1260 4217 trasplantoa
1274 4167 1380 4221 Espalla
1396 4172 1420 4213 el
1436 4171 1480 4215 at·

243 4229 356 4274 mirante
367 4230 397 4273 de
410 4229 522 4274 Francia
533 4230 621 4274 Mosen
632 4231 691 4285 (sic)
702 4231 785 4275 Rubin
801 4231 831 4274 de
842 4231 1025 4286 Bracamonte,
1036 4236 1222 4287 cmparentado
1233 4249 1265 4281 en
1278 4240 1305 4282 la
1319 4243 1481 4288 excelentia!-

244 4312 286 4344 ma
297 4313 359 4345 casa
370 4302 400 4345 de
412 4301 517 4356 Daques
530 4303 571 4346 dcl
581 4301 727 4357 lnlantado,
738 4303 768 4346 de
780 4303 861 4346 donde
873 4304 925 4360 hoy
933 4306 972 4348 los
983 4304 1083 4348 Condes
1093 4308 1124 4349 de
1136 4307 1299 4364 Penaranda,
1315 4324 1364 4366 que
1379 4325 1481 4360 conser-

245 4384 297 4416 vau
310 4375 334 4417 el
346 4373 459 4428 apellido
473 4373 504 4416 dc
515 4374 730 4426 Bracamonte,.-
738 4373 785 4419 “El
794 4373 950 4419 Licenclado
961 4376 1017 4420 Don
1032 4377 1117 4422 Pedro
1131 4378 1296 4435 noruntque
1310 4395 1359 4427 con
1369 4384 1439 4430 fama
1449 4387 1480 4430 de

243 4447 311 4488 buen
322 4445 424 4489 letrado
435 4447 557 4500 abogaba
568 4458 598 4490 en
610 4447 636 4490 la
648 4445 713 4489 Real
725 4445 891 4501 Cantillerla‚
901 4459 919 4504 y
933 4455 1007 4491 tanto
1021 4451 1092 4493 tenla
1107 4453 1273 4504 grangeados
1287 4455 1325 4498 los
1340 4457 1441 4502 animos
1450 4459 1482 4502 de

246 4515 319 4560 todos
329 4527 377 4560 con
387 4528 416 4560 su
428 4518 554 4562 modestia
564 4529 635 4562 como
646 4529 694 4561 con
705 4529 749 4562 sus
759 4520 849 4574 letrau,
859 4520 1023 4564 catedratico
1033 4521 1064 4563 de
1077 4519 1195 4567 canones
1206 4525 1237 4568 de
1248 4527 1273 4569 la
1283 4526 1483 4585 Unlrersidam.

246 4587 427 4632 --“E1Doctor
439 4589 523 4633 Pedro
534 4589 668 4642 Martlnez,
679 4592 784 4634 natural
792 4591 822 4634 de
834 4591 1085 4645 Rivarreeuanuaar
1093 4605 1124 4636 en
1133 4596 1159 4638 la
1167 4595 1277 4641 diocesis
1286 4599 1317 4642 de
1327 4599 1483 4659 Calahorra,

245 4659 350 4702 sobrino
361 4660 402 4703 del
413 4667 488 4704 santo
498 4661 643 4715 Arzobispo
654 4660 711 4704 Don
721 4661 802 4706 Pcdro
817 4662 957 4717 Guerrero‚
972 4664 1083 4718 coleglal
1095 4676 1127 4708 en
1142 4669 1165 4709 el
1176 4667 1241 4712 Real
1252 4668 1359 4726 Coleglo
1373 4673 1405 4716 de
1416 4671 1482 4719 Gra·

245 4731 324 4782 uada,
335 4743 352 4787 y
363 4743 394 4774 en
406 4733 501 4787 ticmpo
512 4743 560 4788 que
572 4745 604 4776 en
615 4734 640 4776 la
652 4732 827 4778 Universidad
838 4736 889 4779 leia
904 4737 1021 4790 seguntia
1036 4749 1084 4781 vez
1094 4739 1118 4780 el
1130 4749 1207 4785 curso
1224 4741 1255 4784 de
1270 4745 1352 4788 Artes
1368 4756 1417 4790 con
1430 4749 1486 4793 nni·

249 4805 337 4847 versal
347 4803 473 4858 acepeion
483 4804 514 4847 de
525 4816 554 4848 su
565 4815 631 4859 gran
640 4805 752 4860 ingenio,
761 4818 809 4861 que
820 4817 866 4851 era
876 4808 939 4852 vlvo
949 4809 1106 4865 ydesplerto
1117 4821 1183 4865 para
1192 4814 1232 4857 las
1240 4813 1377 4872 citatius,

395 4893 433 4950 T·
456 4913 483 4950 l·
1296 4922 1328 4980 33
