3717 5400
818 499 881 556 An.
904 501 975 558 1555
1454 501 1522 560 235

278 643 443 720 quamvis
458 653 582 722 postea
599 661 662 706 sex
678 662 799 708 eorum
816 663 896 708 cum
912 645 1021 725 Regis
1035 647 1257 725 beneplacito
1278 647 1414 710 dimissi
1435 648 1507 710 fue-

278 757 370 826 runt,
388 759 423 811 et
438 761 589 829 quatuor
606 761 742 814 tanturn
762 753 851 815 inter
876 754 1101 816 convictores
1122 754 1259 816 retenti.
1284 753 1358 816 Nec
1380 755 1519 817 mirum.

277 867 332 918 est
351 857 382 918 si
402 855 490 935 Rex,
513 858 643 938 alioqui
669 859 959 938 benignissimus
987 861 1106 923 omnia
1133 878 1223 940 quae
1249 862 1381 923 nostris
1406 871 1509 924 erant

278 965 480 1026 necessaria
498 983 568 1028 non
584 966 795 1044 intelligeret
810 983 852 1029 ac
872 968 1086 1046 provideret.
1108 967 1226 1030 Turca
1246 968 1390 1030 enimin
1411 968 1509 1030 Hun-

278 1071 417 1150 gariam
438 1089 476 1134 se
498 1083 687 1136 venturum
706 1090 800 1135 anno
820 1075 980 1152 sequenti
1000 1075 1213 1153 minabatur,
1235 1075 1265 1136 si
1287 1075 1511 1138 conditiones

280 1179 464 1257 quasdam,
481 1197 607 1259 parum
624 1197 757 1261 aequas
772 1190 806 1243 et
822 1181 1048 1259 honorificas
1065 1181 1142 1244 Rex
1156 1200 1228 1244 non
1244 1182 1454 1253 admitteret
1473 1195 1510 1244 et

279 1284 327 1346 ita
354 1287 494 1364 plurimi
517 1286 670 1350 Praelati
695 1297 729 1349 et
754 1289 958 1350 saeculares
983 1289 1115 1351 domini
1137 1288 1313 1350 Viennam
1335 1306 1508 1351 convene-

278 1402 360 1454 runt
374 1403 413 1455 ut
429 1393 472 1456 de
489 1394 592 1456 modo
612 1395 799 1458 resistendi
820 1395 947 1457 Turcis
966 1408 1124 1474 agerent.
1149 1394 1219 1458 Sed
1243 1396 1310 1458 hoc
1336 1398 1427 1458 male
1448 1413 1509 1458 no-

279 1509 373 1561 stros
394 1499 558 1576 habebat,
582 1501 674 1580 quod
697 1519 819 1564 omnes
839 1503 1116 1564 consultationes
1137 1503 1182 1564 ad
1205 1503 1392 1581 pecuniam
1412 1503 1507 1565 inve-

280 1605 446 1668 niendam
462 1607 664 1686 tendebant,
681 1617 716 1670 et
730 1626 800 1670 non
817 1609 862 1670 ad
884 1618 1032 1688 peccata
1054 1609 1282 1681 removenda,
1305 1626 1395 1688 quae
1419 1610 1510 1672 iram

279 1713 346 1777 Dei
361 1725 660 1792 provocaverant.

339 1819 410 1883 679.
454 1820 696 1884 Contionatus
711 1825 818 1885 etiam
837 1822 953 1885 suerat
974 1823 1042 1885 hoc
1063 1840 1157 1886 anno
1178 1822 1339 1886 Viennae
1360 1824 1415 1885 vir
1434 1824 1507 1901 qui·

279 1928 361 1990 dam
383 1945 454 1990 non
475 1928 591 1991 minus
611 1929 771 2008 impurae
792 1929 897 2007 vitae,
922 1947 1030 2009 quam
1051 1930 1250 2005 doct-rinae3
1274 1930 1508 1992 concubinam

280 2035 398 2108 etiam,
415 2037 484 2110 vel,
501 2044 538 2097 ut
552 2035 628 2115 ipse
643 2037 808 2111 vocabat,
827 2053 991 2112 uxorem,
1013 2054 1094 2098 cum
1110 2053 1173 2099 sex
1188 2038 1245 2098 vel
1271 2046 1406 2116 septem
1429 2035 1512 2099 filiis

279 2142 446 2220 habebat;
471 2151 505 2204 et
525 2160 595 2204 non
616 2144 729 2206 solum
749 2153 963 2222 suspectam,
990 2145 1052 2206 sed
1078 2143 1296 2206 haereticam
1317 2161 1359 2205 ac
1379 2145 1510 2206 malam

279 2245 487 2325 doctrinam,
506 2267 586 2311 cum
601 2251 800 2328 eloquentia
816 2266 947 2330 magna
962 2251 1092 2330 populo
1106 2250 1326 2330 proponebat
1343 2249 1363 2326 ¹;
1380 2261 1507 2313 etcum

280 2356 325 2419 ad
340 2355 621 2419 lilaximilianum
634 2357 825 2420 Bohemiae
840 2357 974 2436 Regem
987 2357 1125 2420 delatus
1139 2368 1242 2432 esset,
1260 2357 1423 2436 frigidius
1437 2358 1509 2433 iile,

281 2480 387 2542 quam
403 2482 467 2543 par
484 2474 572 2540 erat,
590 2465 837 2544 respondebat,
855 2476 892 2528 ut
914 2476 1080 2528 notarent
1099 2483 1250 2542 errores,
1273 2482 1363 2544 quos
1384 2474 1510 2527 contra

280 2567 382 2632 fidem
395 2570 606 2633 catholicam
619 2572 763 2634 diceret.
777 2571 925 2634 Delatus
938 2572 1045 2634 etiam
1057 2583 1108 2634 est
1125 2571 1170 2632 ad
1185 2571 1318 2650 Regem
1335 2571 1509 2634 Romano·

281 2693 371 2755 rum,
389 2678 447 2757 qui
463 2687 547 2742 tunc
562 2678 749 2759 Augustae
765 2681 910 2759 agebat;
928 2681 988 2761 qui
1002 2680 1163 2759 graviter
1181 2680 1271 2759 tulit,
1291 2687 1329 2741 ut
1352 2679 1417 2742 sub
1437 2697 1510 2742 urn-

280 2785 344 2847 bra
370 2784 431 2848 lilii
456 2787 522 2864 sui,
540 2784 648 2864 Regis
668 2787 870 2864 Bohemiae,
892 2787 1033 2850 infamis
1053 2786 1255 2866 hujusmodi
1279 2788 1511 2851 concionator

284 2892 352 2955 hoc
366 2908 512 2955 munere
527 2893 752 2973 iungeretur;
769 2906 804 2956 et
827 2912 907 2957 curn
927 2894 1003 2973 ipse
1023 2893 1168 2957 Octobri
1191 2910 1311 2956 mense
1332 2892 1511 2956 Viennam

281 2988 397 3077 rediit,
420 3008 455 3061 et
475 3000 608 3079 aliquot
631 3000 706 3080 ejus
729 3002 919 3065 conciones
945 3001 1113 3077 audisset,
1140 3000 1296 3080 ejusdem
1312 3001 1512 3068 doctrinam

279 3104 520 3185 improbabat;
537 3106 599 3169 sed
614 3108 735 3169 nescio
750 3108 877 3187 quibus
892 3108 1020 3169 ductus
1041 3108 1250 3185 rationibus,
1273 3116 1377 3186 prout
1397 3109 1511 3169 nostri

279 3212 488 3289 suadebant,
505 3214 684 3277 hominem
700 3214 841 3278 Vienna
857 3232 927 3279 non
943 3214 1148 3277 exturbavit
1163 3219 1184 3277 ².
1270 3269 1275 3290 ,

338 3318 408 3381 680.
454 3318 606 3398 Quidam
622 3321 712 3383 alius
727 3320 975 3401 suffraganeus
990 3320 1214 3383 Pataviensis
1229 3320 1396 3400 Episcopi
1419 3318 1441 3397 ³,
1464 3320 1509 3382 de

279 3524 492 3533 *—

323 3670 330 3703 ¹
359 3668 426 3713 Vide
436 3672 531 3723 Tsnpra,
542 3682 601 3723 pag.
616 3670 665 3722 230,
676 3682 700 3713 n.
715 3670 763 3713 655.
778 3676 866 3713 annot.
883 3668 960 3713 2.-In
979 3670 1089 3723 epistola
1106 3669 1141 3711 ibi
1158 3675 1301 3712 memorata
1318 3667 1436 3711 Caninius
1452 3666 1505 3711 San

280 3748 323 3787 cto
333 3741 436 3795 ignatio
445 3742 585 3785 scribebat:
596 3741 633 3784 “E
642 3741 679 3795 (S.
691 3740 816 3795 Phnnser)
826 3743 905 3785 molto
915 3743 1051 3795 eloquente
1062 3748 1088 3783 et
1097 3751 1199 3793 sempre
1209 3740 1278 3784 tiene
1286 3750 1321 3783 vn
1329 3751 1453 3783 concurso
1463 3741 1512 3783 mi·

279 3813 362 3857 rubiie
373 3814 440 3856 della
450 3822 536 3867 gente,
547 3820 573 3855 et
584 3824 611 3855 se
623 3812 678 3855 dice
687 3813 734 3855 che
745 3813 784 3855 sla
793 3814 926 3865 maritato,
938 3813 999 3855 item
1010 3812 1057 3854 elie
1067 3811 1163 3855 habbia
1174 3812 1282 3855 lansiuto
1291 3813 1371 3855 lanua
1384 3811 1511 3864 parochie

278 3886 357 3937 piena
367 3884 407 3927 del
418 3884 545 3928 fermento
556 3884 695 3935 heretico„
706 3884 802 3935 Quibus
812 3884 898 3927 subdit
909 3883 1123 3934 Bannnsnnucun,
1136 3890 1224 3927 annot.
1239 3882 1260 3925 8:
1277 3882 1408 3925 “Phauser
1425 3884 1450 3925 in
1465 3892 1511 3935 op-

279 3958 340 4011 pido
349 3956 467 4000 tirolensi
477 3956 597 4006 Sterzing
607 3956 736 4009 parochus
748 3956 842 3999 luerat.
854 3954 1064 4001 Haeresessuae.
1080 3955 1154 3998 initio
1167 3956 1270 4007 saltem,
1286 3966 1337 3997 non
1350 3954 1405 3997 sine
1422 3953 1511 4008 aliqua

280 4029 399 4072 cautione
410 4029 567 4082 proferebat,
578 4028 685 4081 ideoque
695 4040 711 4071 a
721 4026 863 4071 Barnardo
874 4026 1007 4081 Raupacit
1017 4026 1168 4071 Lutherano
1176 4027 1218 4070 vir
1225 4029 1348 4079 *magnae
1356 4026 1510 4079 prudentiae

279 4100 455 4153 theologicae,
473 4101 622 4154 appellatur
638 4098 854 4153 (Evangeiisches
871 4098 1037 4142 Oeuterreich
1052 4098 1197 4151 [Hamunrg
1214 4098 1275 4151 1752]
1291 4109 1351 4151 pag.
1367 4097 1426 4149 bit,
1436 4096 1465 4139 L.
1476 4108 1509 4149 c.,

278 4172 398 4227 panant.
566 4186 568 4193 ⁴
768 4180 769 4185 ’

318 4244 330 4273 2
358 4244 402 4287 ntt
414 4250 500 4287 tamen
511 4232 726 4295 Bnnurtsnnnonn,
738 4245 754 4287 l.
766 4256 796 4295 c,
808 4255 867 4297 pag.
878 4244 925 4286 535:
942 4242 1098 4296 “Reiegatnn
1113 4250 1152 4286 est
1169 4243 1309 4293 (Phauser)
1323 4243 1349 4285 iu
1366 4240 1482 4297 styriam
1493 4254 1511 4286 u

278 4312 747 4369 Ferdinend03sedeodemanno1555
757 4326 772 4357 a
783 4314 960 4359 Maximllinno
974 4324 1127 4368 revocatus,
1141 4322 1168 4358 et
1182 4314 1221 4358 ite
1235 4313 1333 4357 Caninii
1347 4319 1456 4357 conatus
1472 4314 1505 4357 ed

192 4400 206 4423 a
277 4388 380 4430 irritum
391 4386 695 4439 reciderunt,.-A1iquid
705 4387 784 4430 etiam
795 4388 920 4429 adversus
937 4386 1005 4430 hunc
1015 4387 1225 4430 concionatorem
1234 4384 1332 4429 Romae
1347 4386 1511 4438 tentabatnr;

278 4458 369 4503 scribit
380 4460 455 4511 enlm,
467 4470 566 4501 excom
577 4490 584 4510 ,
595 4458 721 4502 Polancus
733 4458 844 4501 Cunisio:
856 4458 902 4501 “V.
915 4458 945 4501 R.
957 4459 980 4501 ci
990 4457 1058 4501 uulsi
1068 4470 1096 4501 se
1107 4460 1165 4511 quel
1176 4458 1340 4512 predicatore
1355 4458 1396 4501 del
1407 4457 1444 4500 Re
1456 4456 1508 4501 Mu·

279 4531 412 4575 ximiliuno
422 4542 457 4575 va
467 4530 568 4575 innanzi
579 4538 605 4573 et
616 4532 656 4573 dei
667 4531 742 4575 modo
752 4530 845 4575 debbln
856 4531 953 4574 tenensi
963 4542 1011 4573 con
1027 4537 1137 4584 questu„
1153 4531 1199 4573 ta·
1213 4528 1511 4575 &montilium-vide

279 4604 358 4645 etinrn
369 4602 467 4646 Caninii
476 4604 580 4646 litterae
592 4602 712 4646 Patribus
722 4602 878 4659 Hieronymo
888 4602 979 4646 Natali
989 4607 1016 4644 et
1027 4601 1124 4653 Jacobo
1135 4601 1240 4658 Luynez
1251 4604 1328 4647 dates
1337 4603 1348 4645 1
1358 4601 1457 4656 Aprilis
1465 4602 1512 4644 lin·

277 4676 322 4728 Jne
332 4675 392 4719 anni
403 4674 463 4727 1555,
473 4674 542 4727 apud
552 4672 766 4725 Banunsuenenn,
776 4676 793 4717 1.
804 4686 835 4727 c.,
846 4685 870 4729 p.
886 4674 983 4718 55554,
1381 4704 1385 4709 -

323 4745 332 4773 i
360 4746 526 4791 Petavternis
536 4756 581 4789 eeu
591 4744 772 4790 Pessevieneie
783 4744 925 4801 Episcopus
935 4746 968 4790 ed
977 4746 992 4790 5
1001 4758 1081 4800 usque
1092 4746 1243 4791 Decembris
1250 4747 1326 4801 liujus
1334 4747 1394 4792 anni
1403 4747 1455 4791 1555
1462 4746 1513 4790 init
