3717 5400
360 461 414 520 198
817 459 945 520 Cultor.
967 463 1045 520 Soc.
1065 464 1135 535 Jas.

361 606 618 671 sanabantura
890 615 897 645 ¹
921 621 955 670 et
980 608 1189 672 inveteratis
1214 606 1358 685 morbis,
1384 606 1477 668 inter
1502 622 1592 685 quos

361 715 428 776 fuit
451 714 512 795 qui
531 713 863 794 quinquagesimum
887 733 1018 778 annum
1044 731 1167 792 agens,
1190 723 1374 794 peccatum
1400 712 1589 793 quoddam,

361 819 463 901 cujus
477 822 552 901 ipse
567 820 633 884 sibi
649 822 816 884 conscius
831 833 922 899 erat,
940 838 1122 902 nunquam
1141 821 1270 885 adduci
1289 830 1430 901 poterat
1451 830 1490 883 ut
1510 836 1591 882 con-

362 928 537 1007 fiteretur3
553 937 587 990 et
601 928 741 1007 magnis
756 929 954 993 terroribus
968 945 1011 991 ac
1022 929 1207 992 tormentis
1219 947 1241 991 a
1252 927 1436 1001 daemone,
1450 943 1494 989 ne
1506 926 1592 990 illud

360 1033 601 1105 confiteretur,
622 1035 887 1114 impediebatur.
905 1034 975 1099 Sed
999 1035 1133 1116 placuit
1151 1034 1295 1098 tandem
1313 1033 1390 1097 Deo
1412 1042 1450 1097 ut
1468 1042 1591 1096 nostro

363 1143 543 1222 intemplo
559 1143 660 1222 plene
676 1141 912 1220 confiteretur,
929 1143 1102 1223 simulque
1118 1161 1140 1204 a
1155 1141 1350 1204 terroribus
1366 1149 1401 1203 et
1421 1140 1592 1204 molestiis

363 1249 547 1313 daemonis
561 1249 782 1313 liberaretur.

423 1355 493 1420 574.
537 1355 688 1420 Cuidam
703 1355 810 1418 etiam
825 1356 970 1436 spiritus
982 1356 1223 1436 blasphemiae
1236 1354 1505 1440 molestissimus
1516 1353 1591 1417 fue·

362 1473 433 1542 rat,
452 1474 486 1526 et
500 1465 537 1526 in
552 1480 631 1527 eam
651 1464 935 1545 desperationem
960 1464 1168 1540 adduxerat,
1185 1473 1223 1526 ut
1237 1478 1419 1542 nunquam
1439 1461 1591 1541 amplius

361 1571 628 1656 communicare
651 1571 899 1649 constitueret;
923 1570 987 1633 sed
1009 1588 1090 1635 cum
1111 1571 1299 1633 doceretur
1322 1587 1344 1632 a
1368 1568 1589 1631 confessario

363 1677 567 1740 voluntaria
582 1677 670 1740 haec
686 1695 758 1740 non
772 1695 861 1757 esse,
879 1695 970 1758 quae
985 1678 1140 1740 maxime
1152 1678 1189 1739 in
1200 1676 1423 1740 confessione
1435 1674 1590 1755 patieba-

362 1793 433 1862 tur,
448 1800 514 1847 nec
531 1782 576 1846 ad
590 1795 777 1864 peccatum
792 1783 971 1864 imputari,
993 1803 1014 1846 a
1036 1801 1174 1847 summa
1194 1783 1359 1846 molestia
1380 1792 1416 1844 et
1438 1780 1594 1845 tenebris

369 1893 472 1971 quasi
486 1891 663 1970 evigilans
676 1907 808 1970 magna
823 1908 905 1954 cum
920 1908 1009 1972 pace
1031 1891 1179 1971 spiritus
1198 1890 1314 1971 coepit
1334 1887 1593 1970 [Eucharistiae

367 1995 643 2078 sacramentum]
658 1997 893 2078 frequentare.

424 2105 495 2168 575.
539 2103 628 2167 Cum
642 2103 839 2186 Jubilaeum
854 2121 919 2183 pro
936 2104 1141 2168 reductione
1155 2103 1309 2184 Angliae
1328 2102 1496 2166 Panormi
1517 2117 1596 2181 pro·

368 2213 566 2290 mulgatum
579 2220 683 2288 esset,
700 2209 774 2274 fere
787 2212 1004 2291 septingenti
1029 2212 1161 2276 nostris
1187 2209 1368 2293 [con]fessi
1386 2221 1470 2272 sunt
1489 2219 1524 2271 et
1544 2207 1594 2270 in·

365 2330 421 2381 ter
446 2335 506 2380 eos
531 2317 615 2380 Dux
638 2317 796 2381 Bibonae
821 2329 855 2381 et
881 2316 957 2398 ejus
981 2335 1074 2382 uxor
1098 2328 1132 2382 et
1154 2319 1256 2381 multi
1276 2318 1337 2380 alii
1357 2334 1404 2380 ex
1424 2315 1595 2396 primaria

368 2425 564 2488 nobilitate.
581 2423 752 2487 Curatum
767 2437 821 2487 est
840 2426 948 2488 etiam
967 2436 1003 2488 ut
1026 2425 1154 2506 aliquis
1173 2443 1218 2488 ex
1236 2425 1370 2487 nostris
1390 2423 1595 2486 exhortare·

366 2543 425 2595 tur
440 2531 601 2594 detentos
615 2531 652 2593 in
672 2531 812 2609 publica
833 2531 996 2594 custodia
1018 2533 1063 2594 ad
1082 2531 1275 2611 jubilaeum
1296 2529 1536 2608 obtinendum;
1559 2537 1595 2590 et

366 2639 416 2703 ita
430 2639 572 2720 plurimi
586 2637 742 2701 confessi
756 2649 849 2719 sunt,
865 2649 903 2701 ut
918 2640 955 2702 in
968 2638 1145 2703 Paschate
1163 2640 1280 2703 nullus
1294 2637 1439 2701 relictus
1453 2653 1531 2700 esse
1546 2634 1595 2697 vi·

365 2747 521 2823 deretur,
538 2764 618 2809 cum
632 2746 883 2826 quadringenti
896 2756 932 2810 et
946 2764 989 2809 eo
1005 2747 1156 2828 amplius
1171 2747 1219 2809 ibi
1232 2755 1363 2809 essent.

427 2854 499 2917 576.
541 2853 581 2917 In
603 2853 759 2916 secundo
782 2864 899 2916 autem
919 2852 1075 2934 jubilaeo
1096 2851 1118 2933 ¹²,
1141 2854 1236 2933 quod
1256 2869 1376 2916 mense
1398 2848 1596 2932 Septembri

368 2962 433 3025 fuit
448 2962 662 3041 publicatum
678 2961 856 3037 Panormi,
873 2961 1019 3042 quidam
1034 2962 1274 3036 concionator,
1288 2961 1346 3024 cui
1357 2957 1596 3051 promulgatio

372 3069 561 3131 commissa
582 3067 709 3146 fuerat,
732 3067 822 3130 duos
841 3078 980 3131 tantum
999 3069 1086 3145 dieS,
1107 3068 1252 3147 scilicet,
1275 3069 1381 3130 lunae
1404 3076 1438 3129 et
1459 3065 1595 3141 martis,

367 3190 510 3256 praeter
531 3175 624 3238 diem
645 3175 872 3253 dominicum,
896 3176 932 3240 in
955 3194 1025 3256 quo
1044 3176 1310 3256 promulgabat,
1332 3173 1530 3253 assignavit
1551 3171 1598 3234 ad

365 3283 626 3346 confessionem
640 3282 855 3361 faciendam
872 3293 907 3346 et
922 3284 972 3346 ita
986 3284 1175 3364 pauciores
1196 3292 1386 3363 potuerunt
1406 3280 1493 3344 illud
1511 3279 1598 3342 obti-

363 3406 450 3452 nere
466 3406 571 3470 quam
591 3390 704 3451 nostri
720 3399 918 3469 optassent;
935 3390 1187 3469 quadringenti
1212 3400 1331 3453 tamen
1355 3407 1401 3451 ex
1424 3388 1480 3451 his
1502 3385 1596 3467 apud

369 3507 509 3559 nostros
524 3497 841 3560 communicarunt.
858 3497 975 3560 Tanta
990 3506 1109 3560 autem
1123 3497 1188 3560 fuit
1208 3496 1463 3577 poenitentium
1483 3494 1597 3557 multi·

365 3602 463 3682 tud0,
480 3614 518 3666 ut
532 3603 696 3683 quamvis
711 3619 823 3683 usque
838 3604 883 3666 ad
898 3602 988 3666 duas
1002 3614 1037 3667 et
1052 3613 1124 3667 tres
1139 3604 1247 3667 horas
1266 3603 1381 3666 noctis
1401 3601 1515 3665 nostri
1536 3618 1597 3663 va·

368 3720 492 3775 carent
506 3708 786 3774 confessionibus
801 3710 997 3790 audiendis,
1014 3712 1066 3774 eis
1081 3710 1290 3774 satisfacere
1305 3728 1375 3774 non
1394 3717 1595 3789 potuerunt.

369 3818 425 3882 Ex
439 3818 494 3881 his
508 3828 640 3897 tamen,
656 3834 744 3897 quos
760 3817 959 3896 audierunt,
978 3835 1061 3897 pars
1072 3819 1109 3881 in
1121 3818 1325 3881 Cathedrali
1336 3815 1499 3894 ecclesia,
1513 3832 1597 3894 pars

369 3928 405 3988 in
420 3924 613 4005 parochiis,
629 3940 714 4004 pars
728 3924 764 3985 in
779 3924 903 3987 eodem
918 3934 1041 3987 nostro
1057 3926 1189 4004 templo
1204 3922 1494 3986 communicavit.

428 4032 499 4094 577.
544 4031 738 4094 Generales
752 4031 861 4093 totius
876 4031 972 4094 vitae
987 4031 1228 4094 confessiones
1242 4031 1312 4093 hoc
1327 4046 1514 4094 annocum
1528 4030 1597 4094 sin·

365 4140 486 4217 gulari
499 4136 616 4201 fructu
631 4137 772 4201 auditae
784 4137 927 4201 fuerunt
938 4140 1122 4218 plurimae,
1135 4156 1207 4201 non
1219 4138 1457 4201 saecularium
1470 4138 1598 4214 solum,

370 4245 432 4307 sed
443 4254 478 4307 et
488 4244 733 4323 religiosarum
747 4244 993 4322 foeminarum,
1007 4261 1097 4323 quae
1108 4253 1311 4308 nostrorum
1326 4260 1472 4324 operam
1483 4243 1520 4305 in
1530 4243 1599 4305 hoc

371 4396 482 4407 ———-.
536 4398 584 4405 -ι
1253 4374 1265 4405 '

409 4486 418 4518 ¹
447 4486 565 4540 spartum
575 4486 617 4530 ltlc
628 4488 651 4530 ln
664 4486 709 4529 Ms.
720 4487 841 4530 relictum
851 4488 979 4541 aequasi
990 4489 1103 4532 voluerit
1112 4487 1238 4532 librarius
1252 4488 1355 4543 aliquod
1366 4488 1523 4531 vocabulum
1533 4488 1601 4531 luse-

371 4569 437 4611 rere;
448 4558 515 4611 qnod
527 4564 615 4601 tamen
624 4559 745 4612 supplere
755 4569 801 4601 nos
816 4569 866 4601 non
883 4560 999 4601 valemus
1016 4560 1151 4613 nequidem
1169 4572 1202 4603 ex
1216 4560 1291 4604 Pauli
1306 4560 1329 4603 d'
1341 4558 1461 4610 Achillis,
1478 4570 1493 4602 e
1508 4558 1602 4613 quibu·

369 4632 435 4673 baec
446 4631 600 4683 deprompta
610 4634 679 4683 sunt,
689 4628 793 4673 litteris.
806 4628 873 4673 Vide
885 4628 1007 4672 Litterae
1017 4630 1247 4682 Quadrimestres,
1256 4639 1273 4675 t.
1283 4642 1321 4685 ιιι,
1331 4642 1391 4687 pag.
1401 4631 1450 4674 an.

411 4702 421 4731 ¹
451 4704 473 4747 Α
486 4704 564 4745 l'aulo
576 4702 611 4745 lV
623 4714 754 4746 concesso.
