3717 5400
760 512 825 569 Au.
846 512 916 570 1555
1439 509 1493 568 187

312 655 384 720 aas.
428 657 507 737 Ipse
518 665 636 720 antem
647 655 797 720 Pro-rex
806 666 842 720 et
857 653 933 735 ejus
947 655 1018 719 lilia
1034 656 1196 735 exemplo
1211 655 1319 718 etiam
1337 654 1492 717 charita·

246 773 325 827 tem
339 763 433 827 hanc
448 763 635 840 docebant;
650 781 735 826 nam
749 781 791 826 eo
807 762 912 827 famis
926 771 1097 843 tempore,
1113 762 1228 826 victus
1239 771 1378 842 partem
1391 760 1492 824 fami·

253 869 323 934 liae
338 887 426 934 suae
436 870 702 948 subtrahebant,
720 886 827 951 quam
841 870 1058 950 pauperibus
1072 870 1302 948 largirentnr;
1317 879 1351 931 et
1367 867 1418 934 ita
1431 869 1491 932 ho-

254 993 334 1040 rum
358 985 394 1039 et
411 976 564 1040 aliorum
585 977 746 1040 virorum
759 976 930 1040 nobilium
949 993 1058 1056 opera
1077 977 1270 1038 multorum
1294 991 1491 1055 pauperum

251 1101 325 1147 non
340 1092 479 1147 tantum
493 1084 786 1162 messanensium,
803 1083 866 1145 sed
885 1083 993 1146 etiam
1013 1099 1151 1161 eorum,
1175 1082 1235 1163 qui
1257 1100 1303 1146 ex
1324 1081 1492 1145 Calabria

249 1189 458 1253 Messanam
472 1189 707 1269 confluebant,
723 1189 876 1269 egestati
890 1188 1048 1270 quotidie
1058 1191 1271 1252 subventum
1283 1197 1349 1266 est;
1363 1187 1420 1252 cui
1432 1188 1491 1268 pio

246 1297 451 1361 »ministerio
465 1306 608 1378 praeter
622 1297 812 1378 quemdam
824 1297 1048 1361 sacerdotem
1062 1295 1244 1376 Pro-regis
1262 1295 1283 1375 ¹,
1301 1295 1370 1358 duo
1382 1295 1489 1358 etiam

255 1422 299 1467 ex
318 1405 451 1468 nostris
469 1404 650 1482 fratribus
674 1405 807 1468 dabant
829 1420 987 1484 operam.
1008 1402 1078 1467 Sed
1099 1413 1290 1483 antequam
1311 1403 1491 1483 corporali

246 1511 334 1575 -eibo
343 1528 520 1592 pauperes
531 1511 729 1590 reficerent,
740 1511 917 1592 spirituali
927 1509 1071 1574 eosdem
1082 1511 1161 1574 cibo
1173 1509 1391 1588 reficiebant,
1406 1526 1490 1572 nam

247 1618 489 1682 christianam
513 1619 731 1697 doctrinam,
753 1626 949 1699 praeeunte
967 1634 1036 1681 uno
1060 1635 1105 1680 ex
1126 1617 1278 1694 nostris,
1305 1618 1378 1679 alta
1399 1631 1490 1678 voce

249 1741 381 1790 omnes
395 1726 500 1788 simul
515 1726 691 1789 dicebant.

316 1830 387 1894 539.
430 1830 485 1894 De
506 1831 678 1912 patientia
700 1848 788 1895 vero
806 1833 945 1913 piorum
965 1831 1166 1912 hujusmodi
1181 1831 1375 1906 hominum,
1398 1826 1486 1910 [qui]

252 1938 389 2003 ¹nostris
403 1938 538 2002 addicti
552 1948 665 2014 erant,
682 1957 791 2002 unum
805 1940 913 2003 etiam
933 1940 991 2001 vel
1006 1941 1155 2002 alterum
1179 1939 1380 2016 exemplum
1402 1935 1491 1998 rese·

258 2063 346 2108 ram.
363 2044 499 2109 Nobilis
514 2046 658 2126 quidam
678 2047 745 2126 vir,
767 2048 846 2127 plus
865 2046 953 2110 satis
969 2048 1094 2123 elatus,
1117 2047 1154 2109 in
1170 2045 1274 2108 unius
1290 2061 1335 2106 ex
1355 2043 1410 2106 his
1430 2043 1492 2105 do-

252 2169 365 2226 mum,
382 2153 504 2216 nescio
520 2170 608 2233 quas
622 2163 805 2232 empturus
824 2171 973 2228 merces,
990 2154 1100 2228 venit,
1119 2169 1225 2232 aquo
1241 2168 1322 2214 cum
1337 2149 1491 2229 pretium

254 2259 527 2339 interrogasset,
540 2245 574 2323 et
586 2277 692 2340 quam
703 2261 817 2341 potuit
828 2262 886 2325 ille
900 2260 1020 2324 verbis
1032 2259 1222 2322 humilibus
1232 2257 1488 2337 respondisset,

254 2367 387 2430 nobilis
405 2367 476 2445 iile,
503 2368 567 2430 vix
590 2367 745 2430 ferendis
769 2366 906 2446 injuriis
931 2385 1011 2430 eum
1032 2364 1161 2441 affecit,
1184 2377 1219 2428 et
1243 2365 1393 2446 turpiter
1414 2361 1490 2442 ejus

256 2475 394 2536 vultum
418 2473 593 2553 conspuit;
618 2475 713 2555 quod
738 2484 876 2538 tanturn
900 2475 1001 2538 abest
1027 2483 1065 2538 ut
1080 2475 1228 2538 moleste
1244 2472 1300 2534 ille
1315 2479 1350 2534 et
1371 2469 1490 2550 gravi-

255 2590 314 2642 ter
325 2580 444 2658 ferret,
467 2591 505 2644 ut
524 2581 611 2644 nihil
635 2580 729 2644 aliud
753 2592 894 2661 praeter
910 2583 999 2644 haec
1025 2581 1136 2644 verba
1151 2578 1394 2659 responderet:
1415 2576 1491 2640 “Li-

261 2687 383 2751 benter
404 2688 493 2752 haec
514 2697 548 2751 et
568 2689 678 2751 multo
699 2686 835 2768 maJ'ora
857 2687 1001 2752 Domini
1022 2687 1092 2751 mei
1115 2687 1198 2769 Jesu
1215 2685 1347 2751 Christi
1370 2702 1490 2749 amore

259 2794 420 2872 suffero„¹

318 2900 389 2964 540.
431 2901 510 2965 Non
530 2903 700 2967 dissimile
719 2902 785 2966 fuit
806 2903 900 2984 quod
922 2902 1066 2982 quidam
1088 2904 1190 2979 aliuS,
1215 2904 1345 2983 templo
1368 2913 1490 2965 nostro

257 3009 533 3086 addictissimus,
549 3026 677 3089 passus
691 3020 756 3090 est;
773 3012 830 3074 cui
844 3028 926 3074 cum
938 3020 1032 3074 esset
1043 3010 1080 3072 in
1092 3008 1225 3089 judicio
1237 3008 1490 3073 decertandum

255 3133 339 3179 cum
353 3115 461 3179 nobili
477 3117 631 3195 quodam
644 3118 733 3193 viro,
757 3129 949 3197 antequam
973 3117 1018 3180 ad
1034 3116 1191 3196 judicem
1211 3134 1248 3179 se
1274 3116 1487 3193 conferrent,

256 3224 501 3303 spectantibus
516 3224 687 3303 plurimis
704 3225 940 3302 interrogavit
954 3241 1035 3287 eum
1052 3240 1098 3286 an
1113 3222 1297 3286 Nicolinus
1313 3232 1406 3286 esset
1428 3223 1492 3299 (sic

255 3331 352 3394 enim
366 3347 428 3394 eos
443 3332 682 3410 appellabant,
699 3332 758 3412 qui
774 3332 819 3394 ad
835 3341 996 3394 nostrum
1011 3333 1181 3409 templum
1197 3330 1242 3392 D.
1259 3328 1395 3393 Nicolai
1410 3347 1492 3393 con·

255 3438 472 3516 veniebant).
489 3436 684 3518 Respondit
698 3438 768 3501 ille:
786 3437 950 3501 “Utinam
965 3453 1050 3500 vere
1066 3437 1250 3501 Nicolinus
1274 3453 1418 3513 essem,.
1443 3436 1492 3499 At

256 3546 327 3608 ille:
345 3544 418 3608 “Tu
431 3545 633 3625 hujusmodi
648 3562 730 3609 cum
743 3546 809 3624 sis,
825 3561 965 3624 (nonne
988 3563 1076 3625 quos
1097 3546 1294 3625 impingam
1318 3545 1488 3623 colaphos

258 3660 321 3714 aut
334 3668 474 3731 pugnos
489 3670 603 3732 aequo
618 3652 737 3715 animo
755 3651 882 3727 feresi,
898 3651 959 3714 Ille
983 3668 1070 3715 vero
1096 3652 1270 3715 submisse
1296 3650 1489 3731 respondit,

254 3776 341 3822 cum
355 3758 479 3823 divina
492 3759 622 3839 gratia,
637 3776 785 3839 sperare
798 3776 836 3821 se
852 3758 908 3821 his
920 3760 1021 3838 plura
1033 3760 1109 3838 pati
1121 3775 1239 3838 posse.
1254 3757 1327 3822 Vix
1338 3776 1380 3820 ea
1395 3757 1491 3821 dixe·

262 3874 329 3943 rat,
345 3874 384 3929 ut
398 3866 525 3929 nobilis
539 3867 597 3929 ille
611 3884 738 3929 manus
751 3866 788 3930 in
799 3883 880 3929 eum
894 3864 1014 3945 injecit
1029 3884 1071 3929 ac
1086 3865 1217 3947 pugnis
1229 3865 1390 3944 graviter
1402 3864 1492 3927 ceci·

260 3971 324 4035 dit.
334 3971 395 4035 Ille
406 3982 526 4036 autem
536 3974 588 4036 sic
599 3972 728 4052 injuria
739 3973 937 4050 lacessitus
949 3984 1131 4036 mansuete
1143 3972 1336 4053 respondit:
1353 3969 1491 4050 ,tQuid

260 4080 298 4141 ni
312 4080 401 4143 haec
415 4079 597 4143 levissima
616 4097 680 4159 pro
695 4078 837 4143 Christo
849 4064 980 4159 patiar,
992 4080 1053 4159 qui
1069 4097 1133 4160 pro
1150 4098 1205 4142 me
1218 4080 1373 4143 maxima
1389 4077 1491 4141 susti-

258 4186 373 4264 nuiti,

318 4293 390 4358 541.
433 4292 616 4374 Superiori
631 4312 724 4357 anno
740 4310 841 4357 mons
856 4293 1000 4373 pietatis
1015 4295 1060 4357 ad
1073 4312 1267 4373 pauperum
1290 4296 1494 4358 subventio·

254 4416 341 4463 nem
354 4400 543 4464 inchoatus
562 4400 678 4463 luerat
692 4409 714 4480 ¹;
731 4400 799 4464 hoc
815 4412 933 4463 autem
953 4418 1057 4477 anno,
1074 4400 1269 4481 Praepositi
1288 4400 1492 4466 Provincia·

303 4682 311 4711 ¹
343 4676 450 4723 Scilicet
460 4690 476 4723 a
486 4678 600 4734 Prorege
611 4678 784 4732 designatum.

300 4754 313 4781 ²
342 4751 407 4795 Vide
417 4762 505 4805 supra,
517 4758 538 4795 t.
551 4762 589 4802 111,
600 4762 660 4805 pag.
671 4751 719 4799 223.
728 4762 752 4794 n.
761 4753 809 4794 lul.
