3717 5400
815 491 878 549 Aa.
902 492 972 551 1555
1454 493 1508 555 lat

275 651 339 713 per
354 635 515 715 publicas
530 636 609 699 vias
624 647 658 700 et
674 638 812 716 plateas
825 638 924 700 missi
942 634 1068 717 [erant]
1082 638 1117 700 in
1129 638 1250 700 habitu
1264 650 1324 701 aut
1335 640 1510 703 exercitio

276 742 321 805 ad
346 742 581 807 humilitatem
605 744 816 824 pertinente,
845 762 908 825 pro
935 744 1045 807 nihilo
1075 745 1110 807 id
1139 744 1325 821 ducebam,
1356 762 1506 825 quorum

275 851 441 929 exemplo
456 850 516 913 alii
530 850 710 914 ferventer
725 853 770 915 ad
791 850 991 931 hujusmodi
1006 852 1215 914 humilitatis
1235 852 1512 917 exercitationes

277 956 505 1037 aspirabant;
526 969 561 1021 et
582 975 662 1021 cum
684 958 791 1022 fiebat
812 960 1009 1038 periculum
1024 956 1223 1037 hujusmodi
1239 958 1509 1039 desideriorum,

278 1079 367 1127 vera
380 1063 490 1128 fuisse
505 1065 726 1146 experientia
740 1066 902 1131 docebat.
919 1065 964 1129 Et
975 1076 1055 1146 post
1067 1064 1266 1145 hujusmodi
1278 1066 1448 1146 actioneS,
1461 1068 1510 1133 ad

277 1170 367 1233 alias
382 1170 490 1235 etiam
505 1172 681 1236 desideria
696 1174 916 1237 crescebant.

340 1277 428 1341 1153.
471 1279 577 1343 Mane
605 1291 639 1344 et
667 1298 816 1361 vespere
846 1281 935 1344 duas
964 1280 1072 1343 horas
1100 1281 1252 1343 orationi
1281 1282 1425 1345 mentali
1448 1283 1510 1346 da·

274 1385 361 1448 bant
387 1384 415 1461 ¹;
442 1404 550 1450 unam
574 1388 701 1451 horam
730 1389 869 1467 utrique
897 1388 1070 1461 examini,
1101 1398 1136 1450 et
1165 1388 1200 1450 in
1230 1387 1345 1451 officio
1374 1389 1511 1453 Beatae

276 1492 440 1571 Virginis
455 1493 591 1557 Mariae
605 1495 756 1559 dicendo
770 1494 860 1558 duas
884 1496 974 1557 alias
994 1495 1113 1572 horas,
1139 1495 1174 1558 in
1192 1495 1332 1559 rosario
1353 1496 1509 1563 mediam

280 1600 516 1681 occupabant.
533 1600 633 1665 Duas
654 1602 762 1665 etiam
781 1602 974 1665 conciones
991 1620 1013 1665 a
1034 1600 1072 1664 P.
1095 1600 1328 1665 Bustamante
1350 1603 1510 1684 quotidie

277 1708 479 1786 audiebant,
496 1726 601 1771 mane
616 1708 659 1772 de
674 1708 960 1787 beatitudinibus,
978 1726 998 1771 a
1014 1708 1164 1788 prandio
1184 1708 1227 1771 de
1249 1710 1509 1774 constitutioni-

273 1814 341 1877 bus
355 1824 390 1878 et
404 1816 550 1895 regulis.
565 1815 735 1896 Reliquas
754 1816 862 1879 etiam
875 1815 984 1878 horas
1003 1815 1072 1895 piis
1090 1826 1126 1878 et
1147 1815 1290 1879 utilibus
1312 1816 1416 1879 rebus
1438 1816 1505 1881 im-

276 1922 490 2003 pendebant.
506 1920 576 1986 Sex
591 1924 701 1985 horas
714 1940 796 1985 cum
811 1921 957 1985 dimidia
972 1922 1081 2003 quieti
1096 1930 1290 1985 nocturnae
1306 1922 1449 1987 dabant.

337 2028 425 2092 1154.
468 2028 578 2093 Venit
592 2040 711 2093 autem
726 2028 765 2092 P.
782 2028 999 2091 Franciscus
1012 2026 1082 2091 30.a
1096 2028 1151 2092 die
1166 2028 1284 2092 Martii
1299 2047 1380 2093 cum
1399 2028 1508 2094 Patre

273 2134 431 2199 Antonio
446 2136 489 2199 de
504 2135 679 2213 Corduba,
695 2136 757 2216 qui
767 2136 998 2198 vehementer
1012 2134 1048 2197 in
1060 2135 1178 2198 culina
1190 2136 1316 2199 domus
1328 2136 1507 2217 probatio·

272 2243 330 2305 nis
357 2243 520 2307 habitare
545 2243 749 2324 exoptabat.
774 2241 929 2306 Rediens
955 2252 1073 2305 autem
1097 2240 1267 2322 Princeps
1291 2242 1431 2325 Joanna
1458 2262 1505 2311 ex

272 2350 403 2429 oppido
428 2350 644 2414 Tordesillas
668 2349 928 2427 Vallisoletum,
955 2348 1158 2429 posthabita
1177 2366 1262 2412 arce
1283 2348 1306 2429 ¹,
1323 2350 1360 2413 in
1381 2351 1504 2431 domo,

270 2474 379 2535 quam
394 2457 583 2520 Moschera
598 2457 756 2535 dederat,
772 2456 933 2534 divertit;
946 2464 981 2519 et
991 2454 1206 2535 significavit
1217 2473 1256 2519 se
1267 2457 1403 2520 duobus
1416 2475 1502 2521 nun·

270 2564 335 2627 ciis
352 2565 397 2628 ad
412 2564 448 2628 id
462 2565 580 2629 missis
593 2564 735 2628 Patrem
754 2562 987 2627 Franciscum
1008 2579 1192 2641 evocasse,
1210 2571 1245 2626 et
1258 2563 1309 2626 ita
1329 2566 1505 2643 postridie

270 2688 378 2752 quam
393 2688 435 2736 eo
450 2682 598 2736 venerat
613 2670 794 2753 Princeps,
811 2670 919 2735 Pater
933 2670 1009 2751 ipse
1024 2668 1240 2734 Franciscus
1254 2688 1296 2734 eo
1311 2672 1419 2736 venit.
1443 2672 1501 2738 Ad

271 2779 491 2844 infirmorum
506 2789 636 2857 autem,
653 2779 683 2842 si
698 2780 759 2860 qui
779 2789 909 2856 essent,
934 2777 1130 2842 subsidium
1152 2778 1304 2841 delicata
1325 2780 1503 2859 quaedam

269 2889 365 2952 misit
380 2886 403 2964 ³,
419 2899 454 2951 et
470 2888 521 2951 eis
536 2888 654 2950 omnia
668 2895 868 2967 opportuna
883 2886 920 2948 in
942 2899 1123 2965 posterum
1144 2885 1222 2948 dari
1239 2884 1355 2966 jussit.
1377 2886 1501 2951 Voluit

269 3006 389 3059 autem
402 3008 441 3058 ut
456 2993 493 3057 P.
510 2993 741 3058 Bustamante
755 2994 791 3056 in
807 2993 927 3056 vicina
943 2992 1250 3056 Carthusiensium
1274 2993 1379 3056 domo
1398 2991 1411 3024 ⁴
1431 2995 1500 3059 sibi

268 3103 552 3180 concionaretur,
570 3102 663 3182 quod
678 3102 761 3164 licet
775 3118 821 3164 ex
836 3110 1007 3179 tempore,
1029 3098 1106 3163 Deo
1128 3097 1331 3180 adjuvante,
1353 3102 1502 3182 egregie

267 3211 459 3290 praestitit;
474 3219 510 3271 et
525 3217 598 3272 tam
613 3218 746 3271 attente
761 3225 841 3270 eum
857 3207 994 3270 audivit
1008 3203 1180 3286 Princeps
1194 3207 1344 3288 Joanna,
1366 3217 1405 3270 ut
1426 3209 1497 3271 cui·

267 3318 350 3380 dam
365 3333 411 3380 ex
431 3315 665 3379 familiaribus
687 3314 905 3392 mulieribus
925 3329 1017 3392 quae
1039 3312 1074 3375 in
1096 3313 1207 3392 ipsius
1227 3314 1360 3394 palatio
1382 3325 1499 3395 erant,

267 3434 380 3487 totum
394 3439 595 3486 sermonem
610 3423 782 3486 retulerit.

331 3530 418 3593 1155.
463 3529 551 3593 Cum
566 3538 684 3592 autem
699 3529 856 3591 venisset
870 3527 908 3590 P.
925 3527 1140 3591 Franciscus
1155 3536 1189 3590 et
1208 3526 1290 3589 inde
1311 3527 1499 3592 Vallisole-

265 3648 340 3700 tum
355 3639 434 3716 iret,
450 3637 510 3699 ubi
524 3636 695 3715 Princeps
706 3633 781 3715 jam
796 3644 884 3713 erat,
902 3634 991 3698 dixit
1007 3635 1039 3698 ei
1059 3634 1184 3698 eadem
1205 3631 1375 3715 Princeps
1395 3652 1434 3698 se
1459 3635 1495 3698 li·

264 3746 389 3808 beuter
410 3745 540 3808 ituram
561 3742 818 3823 Septimancas,
843 3743 902 3804 ubi
927 3741 1043 3805 officia
1065 3739 1218 3805 Sanctae
1240 3739 1498 3806 Hebdomadae

264 3852 413 3930 audiret,
430 3852 461 3914 si
475 3850 679 3914 necessario
694 3849 857 3914 habenda
872 3850 921 3912 illi
937 3849 1028 3912 ratio
1045 3865 1117 3911 non
1130 3845 1255 3911 fuisset
1269 3847 1405 3926 gradus
1425 3849 1492 3913 sui.

262 3957 333 4022 Sed
352 3967 390 4021 ut
408 3956 654 4038 Septimancas
673 3957 833 4032 redeam,
855 3957 1026 4036 pergebat
1046 3954 1085 4018 P.
1109 3954 1339 4018 Bustamante
1362 3957 1497 4036 populo

260 4065 468 4130 concionari
484 4075 519 4127 et
539 4074 612 4126 tam
627 4064 859 4128 ecclesiastici
880 4080 988 4144 quam
1003 4062 1206 4126 saeculares
1227 4077 1403 4124 eumcum
1420 4079 1494 4124 ma-

301 4380 310 4414 ¹
338 4381 458 4424 Alteram
468 4390 553 4434 mane,
563 4389 673 4433 vespere
683 4379 803 4422 alteram.
814 4375 882 4420 Vide
891 4376 968 4430 lnlra,
980 4386 1004 4420 n.
1016 4373 1076 4418 1169.

299 4453 311 4485 ¹
338 4453 444 4498 Scilicet
454 4451 546 4505 Regia,
556 4451 582 4494 ln
597 4461 648 4504 qua
663 4461 729 4493 nune
745 4450 812 4493 bona
828 4459 891 4502 pars
904 4452 1127 4492 monumentorum
1144 4446 1176 4490 ad
1193 4445 1330 4489 hiatorlam
1347 4444 1493 4500 Hispaniae

258 4522 443 4578 pertinentium
453 4526 615 4566 asservatur.

299 4594 311 4626 ⁵
337 4593 398 4649 Ipsa
408 4593 539 4648 Princeps.

297 4667 310 4702 ⁴
337 4666 367 4710 ln
376 4665 533 4710 monasterio
544 4663 655 4708 Nostrae
665 4662 791 4708 Dominae
802 4663 836 4707 de
847 4663 957 4716 Aniago.
970 4663 1037 4706 Vide
1046 4661 1168 4706 Litterae
1176 4661 1407 4715 Quadrlmeatm,
1417 4667 1438 4705 t.
1450 4669 1493 4712 nt,

257 4750 319 4795 pag.
328 4739 377 4793 387,
388 4744 476 4782 annot.
486 4738 507 4780 2.
