3717 5400
354 492 412 555 492
817 490 946 553 Cnaor.
965 492 1042 554 Soc.
1059 494 1129 567 Jrs.

358 639 500 703 nariam
518 656 689 720 passuros
703 649 899 722 putaretur,
915 651 1078 705 curatum
1093 649 1147 704 est
1163 659 1184 705 a
1199 640 1331 705 nostris
1345 640 1534 720 diligenter
1552 650 1591 703 ut

354 747 605 827 eleemosynae
616 747 864 827 largaelierent
875 747 920 811 ad
935 766 1058 813 eorum
1072 748 1353 812 subventionem.

420 852 509 918 1339.
552 854 767 919 Declarabat
781 854 819 919 P.
836 852 971 919 Suarez
984 855 1021 918 in
1035 855 1176 937 publico
1192 870 1336 919 carcere
1356 854 1587 918 christianam

356 959 570 1036 doctrinam,
586 962 630 1025 de
644 962 704 1025 illa
721 973 851 1025 octavo
866 980 1004 1043 quoque
1027 962 1083 1026 die
1108 962 1361 1042 praedicanda
1388 971 1423 1024 et
1447 970 1588 1043 praeter

358 1067 470 1130 multa
484 1069 640 1148 negotia,
658 1085 750 1148 quae
764 1069 809 1132 ab
823 1086 865 1132 eo
890 1068 1056 1149 expedita
1071 1068 1118 1132 ibi
1139 1068 1293 1146 suerunt,
1318 1084 1383 1131 usa
1398 1077 1451 1131 est
1466 1050 1588 1131 divina

359 1172 506 1239 Bonitas
521 1173 596 1255 eJus
609 1176 807 1239 ministerio
825 1176 871 1239 ad
885 1176 1056 1240 haeretici
1072 1173 1267 1255 cujusdam,
1287 1175 1428 1239 natione
1448 1173 1587 1251 flandri,

357 1280 469 1361 quiin
485 1283 637 1345 vinculis
652 1292 740 1361 erat,
758 1283 1042 1347 conversionem.
1064 1282 1191 1347 Petrus
1210 1280 1348 1346 Mendel
1369 1281 1589 1345 'vocabatur

355 1397 395 1452 et
409 1387 455 1451 ad
469 1389 578 1470 pedes
589 1390 732 1453 Martini
747 1390 893 1454 Lutheri
904 1408 944 1453 se
959 1392 1150 1454 enutritum
1162 1390 1278 1470 ajebat
1290 1385 1449 1469 ejusdem
1461 1388 1588 1453 doctri·

360 1513 407 1559 na
422 1496 604 1559 imbutum.
622 1494 712 1560 Cum
726 1497 784 1561 hic
797 1496 841 1559 ad
858 1506 1008 1561 mortem
1022 1498 1211 1562 damnatus
1228 1507 1332 1575 esset,
1354 1514 1445 1578 quae
1464 1496 1590 1577 postri-

358 1602 417 1666 die
432 1614 695 1684 consequutura
710 1614 797 1684 erat,
812 1605 1014 1668 admonitus
1026 1606 1069 1669 de
1080 1605 1303 1669 consessione
1319 1604 1493 1682 facienda,
1511 1604 1589 1667 sub·
1635 1578 1644 1601 ⁸

359 1710 481 1774 ridens
506 1711 699 1791 respondit:
726 1711 824 1795 “Jam
849 1728 918 1791 ego
944 1710 1099 1776 Domino
1121 1730 1200 1775 meo
1224 1711 1407 1775 consessus
1422 1728 1511 1789 sum,
1533 1711 1590 1774 cui

359 1828 510 1915 peccata
522 1800 602 1881 m'ea
621 1828 704 1881 sunt
727 1828 825 1898 nota;
841 1836 905 1883 cur
921 1818 1116 1883 confitebor
1130 1820 1264 1884 homini
1284 1818 1464 1900 peccatori
1484 1817 1590 1882 simili

359 1924 481 2004 mihil„
497 1924 660 1989 Vocatus
684 1934 738 1989 est
762 1943 850 2006 ergo
874 1927 920 1990 ad
945 1944 1026 1990 eum
1051 1925 1291 2006 adjuvandum
1304 1925 1343 1991 P.
1367 1918 1510 2004 Suare'z;
1527 1926 1590 1989 sed

357 2032 482 2096 statim
508 2032 566 2095 ille
587 2050 690 2096 suam
716 2034 899 2097 vesaniam
922 2035 1112 2114 propalare
1133 2034 1259 2114 coepit.
1279 2032 1433 2097 Adducti
1449 2032 1589 2096 luerunt

359 2138 557 2203 doctissimi
568 2140 637 2203 viri
649 2138 793 2204 Ordinis
803 2140 1108 2220 Praedicatorum,
1123 2141 1258 2204 scilicet
1269 2141 1443 2222 magister
1453 2138 1589 2203 Chana·
1637 2196 1643 2210 ,

359 2246 436 2310 rius
450 2244 462 2277 ¹
476 2254 511 2309 et
526 2246 697 2326 magister
709 2245 918 2312 Vincentius
931 2246 1063 2312 Calvus
1075 2246 1098 2329 ³;
1115 2224 1226 2328 ag'unt
1238 2265 1319 2311 cum
1331 2248 1390 2311 illo
1404 2247 1592 2311 dialectico

357 2361 396 2417 et
410 2354 612 2433 theologico
628 2370 727 2417 more
742 2355 850 2417 semel
865 2365 972 2436 atque
987 2356 1126 2435 iterum,
1143 2356 1274 2419 frustra
1294 2363 1413 2418 tamen
1434 2352 1592 2419 efficacia

357 2469 573 2540 argumenta
586 2461 827 2541 proponendo,
840 2460 1014 2525 Postridie
1026 2479 1130 2527 mane
1141 2464 1237 2526 solus
1252 2461 1290 2525 P.
1303 2460 1436 2526 Suarez
1451 2462 1497 2525 ad
1511 2479 1592 2525 eum

361 2566 511 2646 accedit,
528 2568 596 2646 cui,
614 2568 658 2630 ob
673 2568 864 2632 conciones
883 2566 960 2647 ejus
979 2568 1131 2649 auditas,
1153 2578 1343 2650 utcumque
1365 2566 1514 2633 affectus
1533 2568 1591 2632 ille

360 2674 488 2739 iuerat.
502 2673 662 2738 Adduxit
676 2682 795 2739 autem
808 2676 906 2740 illurn
920 2676 1192 2740 ratiocinatione
1208 2676 1362 2757 quadam
1374 2675 1542 2742 familiari
1552 2685 1592 2740 ut

360 2789 504 2862 optaret
518 2791 552 2845 et
567 2800 613 2844 ex
626 2782 745 2846 animo
759 2792 896 2863 peteret
909 2802 931 2846 a
947 2782 1101 2847 Domino
1115 2784 1314 2848 doctrinam
1330 2802 1373 2848 ac
1388 2785 1485 2848 viam
1499 2785 1578 2849 salu

286 2905 293 2921 ·
363 2889 421 2954 tis.
438 2889 499 2953 Ille
514 2898 633 2952 autem
647 2890 714 2953 hoc
729 2891 906 2954 facturum
921 2909 961 2956 se
980 2891 1116 2972 recepit
1128 2902 1163 2955 et
1185 2910 1227 2955 ea
1248 2901 1352 2955 nocte
1374 2891 1518 2972 quievit;
1541 2911 1591 2956 se·

361 2996 483 3078 quenti
498 2996 566 3075 die,
579 3014 600 3059 a
614 3006 791 3077 potestate
802 2995 937 3062 Summi
947 2997 1128 3062 Pontificis
1143 3000 1290 3062 exordio
1301 2999 1409 3079 lacto,
1422 2999 1592 3080 paulatim

360 3104 533 3168 dedoctus
548 3113 602 3167 est
617 3121 739 3167 omnes
759 3121 900 3168 errores
919 3105 1083 3184 Lutheri;
1105 3116 1138 3169 et
1160 3106 1214 3170 his
1237 3106 1399 3170 omnibus
1422 3106 1594 3186 abJuratis

361 3218 398 3275 et
411 3221 575 3274 sanctam
588 3210 786 3275 Ecclesiam
805 3212 1026 3276 Catholicam
1041 3213 1236 3288 confessus,
1253 3223 1358 3277 nocte
1372 3214 1532 3293 sequenti
1551 3230 1594 3277 ac

363 3326 507 3398 postero
527 3318 583 3381 die
603 3318 743 3381 circiter
770 3319 899 3399 viginti
917 3319 1027 3382 horas
1046 3317 1192 3383 suor'um
1211 3331 1438 3401 peccatorum
1461 3319 1594 3384 confes·

360 3427 456 3490 sioni
470 3426 723 3489 sacramentali
738 3427 911 3507 impendit
926 3427 1146 3506 (distulerant
1164 3429 1256 3499 enim
1269 3428 1406 3509 judices
1417 3427 1492 3508 jam
1502 3429 1594 3491 latae
1700 3451 1705 3459 ·

364 3537 560 3596 sententiae
575 3533 846 3615 executionem),
862 3552 948 3598 nam
963 3535 1048 3598 totis
1064 3535 1210 3616 triginta
1226 3552 1289 3598 sex
1306 3535 1407 3600 annis
1427 3535 1595 3616 praeteri·

364 3641 410 3703 tis
425 3639 609 3704 confessus
623 3658 806 3722 nunquam
821 3641 948 3706 luerat.
969 3640 1163 3722 Postridie,
1176 3643 1216 3707 in
1236 3643 1340 3706 altari
1359 3643 1518 3723 publico.
1535 3661 1595 3723 pu-

364 3745 455 3810 blice
470 3764 611 3811 errores
630 3765 713 3812 suos
728 3749 883 3812 secundo
903 3747 1089 3830 abjurans,
1113 3767 1156 3812 ac
1175 3751 1364 3814 veritatem
1384 3749 1595 3814 catholicam

364 3855 563 3934 professus,
584 3855 694 3918 Missa
720 3856 854 3936 audita,
878 3857 1034 3936 suscepit
1053 3855 1300 3920 Eucharistiae
1320 3866 1594 3921 sacramentum.

361 3959 544 4025 Successit
567 3962 602 4024 in
628 3962 753 4025 eodem
782 3980 927 4026 carcere
956 3965 1081 4027 concio
1109 3962 1148 4026 Ρ.
1177 3961 1325 4045 Joannis
1354 3964 1535 4043 Baptistae
1559 3963 1597 4028 in

362 4069 541 4132 actionem
555 4069 773 4150 gratiarum
789 4087 880 4150 quae
895 4071 1015 4134 omnia
1036 4073 1184 4134 multum
1205 4071 1360 4134 laetitiae
1381 4080 1415 4133 et
1434 4069 1597 4134 aedifica·

364 4175 473 4239 tionis
487 4193 558 4239 non
573 4179 690 4239 solum
704 4178 769 4240 toti
784 4177 934 4257 carceri,
951 4175 1012 4241 sed
1027 4195 1180 4256 magnae
1195 4178 1289 4258 parti
1304 4177 1459 4242 civitatis
1476 4178 1598 4242 attule-

407 4455 415 4486 ¹
445 4455 512 4498 Vide
522 4454 645 4498 Litterae
654 4455 888 4507 Quadrtmestres,
897 4461 916 4498 t.
925 4465 962 4508 ιιι,
972 4466 1032 4509 pap.
1039 4454 1088 4498 ³8l.

405 4527 417 4559 ⁸
443 4525 512 4581 lise.
522 4525 567 4570 Fr.
577 4525 690 4578 joonnes
701 4526 732 4570 de
742 4519 827 4570 Salas.
837 4526 905 4569 Vide
912 4525 1034 4571 Litterae
1043 4525 1275 4580 Quadrtmestres,
1282 4531 1302 4569 t.
1311 4537 1349 4580 ιιι,
1358 4537 1418 4581 pag.
1426 4526 1474 4580 878,
1483 4533 1571 4571 annot.
1582 4527 1601 4570 l.

405 4599 418 4631 ³
444 4598 520 4643 Prlor
528 4597 625 4642 Domus
633 4595 722 4642 Sancti
733 4597 817 4650 Pauli.
829 4597 940 4653 Hispali.
950 4597 1094 4642 Iota-“El
1105 4597 1216 4642 Maestro
1226 4595 1297 4653 Fray
1305 4597 1416 4641 Vlcente
1426 4596 1518 4650 Calvo,
1528 4597 1561 4642 de
1572 4599 1600 4642 la

362 4669 490 4714 Ordende
501 4669 582 4714 santo
594 4669 729 4724 Domlngo,
740 4669 873 4724 Religioso
884 4670 1021 4715 docttsimo
1031 4683 1049 4726 y
1059 4670 1203 4714 admirable
1214 4681 1245 4712 en
1256 4669 1280 4713 el
1289 4669 1411 4725 pulpito...
1422 4668 1500 4714 Oarrz
1509 4681 1543 4714 nn
1553 4667 1602 4714 Zd-

363 4745 437 4798 sm,
448 4741 549 4786 Anates
558 4740 766 4796 eclesiasticosy
776 4742 956 4787 secularesde
968 4741 1081 4794 Sevttta,
1089 4742 1122 4786 ad
1133 4753 1192 4787 ann.
1206 4740 1269 4786 15⁴5.
