<?xml version="1.0" encoding="UTF-8"?>
<!DOCTYPE html PUBLIC "-//W3C//DTD XHTML 1.0 Transitional//EN"
    "http://www.w3.org/TR/xhtml1/DTD/xhtml1-transitional.dtd">
<html xmlns="http://www.w3.org/1999/xhtml" xml:lang="en" lang="en">
 <head>
  <title>
</title>
<meta http-equiv="Content-Type" content="text/html;charset=utf-8" />
  <meta name='ocr-system' content='tesseract 3.04.00' />
  <meta name='ocr-capabilities' content='ocr_page ocr_carea ocr_par ocr_line ocrx_word'/>
</head>
<body>
  <div class='ocr_page' id='page_1' title='image "./vitaignatiiloio01polagoog_0481.png"; bbox 0 0 3717 5400; ppageno 0'>
   <div class='ocr_carea' id='block_1_1' title="bbox 762 522 1505 585">
    <p class='ocr_par' dir='ltr' id='par_1_1' title="bbox 762 522 1505 585">
     <span class='ocr_line' id='line_1_1' title="bbox 762 522 1505 585; baseline 0 -4"><span class='ocrx_word' id='word_1_1' title='bbox 762 577 765 581; x_wconf 13' lang='grc' dir='ltr'><em>Δ</em></span> <span class='ocrx_word' id='word_1_2' title='bbox 804 525 867 585; x_wconf 78' lang='lat' dir='ltr'>Ar.</span> <span class='ocrx_word' id='word_1_3' title='bbox 895 525 965 585; x_wconf 71' lang='lat' dir='ltr'>tftu</span> <span class='ocrx_word' id='word_1_4' title='bbox 1445 522 1505 581; x_wconf 73' lang='lat' dir='ltr'>tib</span> 
     </span>
    </p>
   </div>
   <div class='ocr_carea' id='block_1_2' title="bbox 263 667 1500 4597">
    <p class='ocr_par' dir='ltr' id='par_1_2' title="bbox 263 667 1500 2243">
     <span class='ocr_line' id='line_1_2' title="bbox 267 667 1500 751; baseline 0.001 -20"><span class='ocrx_word' id='word_1_5' title='bbox 267 667 469 732; x_wconf 84' lang='lat' dir='ltr'>aedificium</span> <span class='ocrx_word' id='word_1_6' title='bbox 482 668 648 749; x_wconf 84' lang='lat' dir='ltr'>collegii,</span> <span class='ocrx_word' id='word_1_7' title='bbox 670 670 873 735; x_wconf 86' lang='lat' dir='ltr'>scholarum</span> <span class='ocrx_word' id='word_1_8' title='bbox 887 680 922 733; x_wconf 90' lang='lat' dir='ltr'>et</span> <span class='ocrx_word' id='word_1_9' title='bbox 942 670 1115 735; x_wconf 89' lang='lat' dir='ltr'>ecciesiae</span> <span class='ocrx_word' id='word_1_10' title='bbox 1129 669 1333 751; x_wconf 85' lang='lat' dir='ltr'>quaerendo</span> <span class='ocrx_word' id='word_1_11' title='bbox 1348 684 1500 749; x_wconf 86' lang='lat' dir='ltr'>occupa·</span> 
     </span>
     <span class='ocr_line' id='line_1_3' title="bbox 267 774 1497 859; baseline -0.003 -20"><span class='ocrx_word' id='word_1_12' title='bbox 267 776 300 839; x_wconf 87' lang='lat' dir='ltr'>ri</span> <span class='ocrx_word' id='word_1_13' title='bbox 314 792 394 839; x_wconf 89' lang='lat' dir='ltr'>cum</span> <span class='ocrx_word' id='word_1_14' title='bbox 410 776 461 839; x_wconf 90' lang='lat' dir='ltr'>eis</span> <span class='ocrx_word' id='word_1_15' title='bbox 476 777 603 859; x_wconf 63' lang='lat' dir='ltr'>coepit</span> <span class='ocrx_word' id='word_1_16' title='bbox 622 789 660 841; x_wconf 92' lang='lat' dir='ltr'>ut</span> <span class='ocrx_word' id='word_1_17' title='bbox 674 777 733 859; x_wconf 89' lang='lat' dir='ltr'>qui</span> <span class='ocrx_word' id='word_1_18' title='bbox 747 777 868 841; x_wconf 88' lang='lat' dir='ltr'>statim</span> <span class='ocrx_word' id='word_1_19' title='bbox 883 794 1027 841; x_wconf 89' lang='lat' dir='ltr'>manum</span> <span class='ocrx_word' id='word_1_20' title='bbox 1050 778 1150 857; x_wconf 89' lang='lat' dir='ltr'>operi</span> <span class='ocrx_word' id='word_1_21' title='bbox 1172 778 1278 841; x_wconf 84' lang='lat' dir='ltr'>veliet</span> <span class='ocrx_word' id='word_1_22' title='bbox 1299 774 1497 841; x_wconf 87' lang='lat' dir='ltr'>admoveri.</span> 
     </span>
     <span class='ocr_line' id='line_1_4' title="bbox 266 880 1500 964; baseline 0.002 -19"><span class='ocrx_word' id='word_1_23' title='bbox 266 880 459 946; x_wconf 85' lang='lat' dir='ltr'>Senatores</span> <span class='ocrx_word' id='word_1_24' title='bbox 482 894 608 947; x_wconf 91' lang='lat' dir='ltr'>contra</span> <span class='ocrx_word' id='word_1_25' title='bbox 626 882 803 964; x_wconf 85' lang='lat' dir='ltr'>Episcopo</span> <span class='ocrx_word' id='word_1_26' title='bbox 828 882 992 947; x_wconf 81' lang='lat' dir='ltr'>dicebant</span> <span class='ocrx_word' id='word_1_27' title='bbox 1013 884 1106 949; x_wconf 90' lang='lat' dir='ltr'>utin</span> <span class='ocrx_word' id='word_1_28' title='bbox 1128 892 1203 947; x_wconf 82' lang='lat' dir='ltr'>tota</span> <span class='ocrx_word' id='word_1_29' title='bbox 1225 884 1371 947; x_wconf 90' lang='lat' dir='ltr'>civitate</span> <span class='ocrx_word' id='word_1_30' title='bbox 1391 883 1500 947; x_wconf 83' lang='lat' dir='ltr'>situm</span> 
     </span>
     <span class='ocr_line' id='line_1_5' title="bbox 268 989 1499 1071; baseline 0 -19"><span class='ocrx_word' id='word_1_31' title='bbox 268 1006 375 1069; x_wconf 86' lang='lat' dir='ltr'>quam</span> <span class='ocrx_word' id='word_1_32' title='bbox 396 991 549 1053; x_wconf 85' lang='lat' dir='ltr'><strong>maxime</strong></span> <span class='ocrx_word' id='word_1_33' title='bbox 570 1002 808 1071; x_wconf 91' lang='lat' dir='ltr'>opportunum</span> <span class='ocrx_word' id='word_1_34' title='bbox 827 990 908 1054; x_wconf 90' lang='lat' dir='ltr'>buic</span> <span class='ocrx_word' id='word_1_35' title='bbox 928 992 1028 1071; x_wconf 91' lang='lat' dir='ltr'>operi</span> <span class='ocrx_word' id='word_1_36' title='bbox 1049 990 1213 1071; x_wconf 86' lang='lat' dir='ltr'>eligeret;</span> <span class='ocrx_word' id='word_1_37' title='bbox 1236 1008 1274 1053; x_wconf 86' lang='lat' dir='ltr'>se</span> <span class='ocrx_word' id='word_1_38' title='bbox 1289 989 1382 1053; x_wconf 89' lang='lat' dir='ltr'>enim</span> <span class='ocrx_word' id='word_1_39' title='bbox 1396 1005 1499 1070; x_wconf 85' lang='lat' dir='ltr'>para·</span> 
     </span>
     <span class='ocr_line' id='line_1_6' title="bbox 267 1096 1499 1178; baseline 0.001 -20"><span class='ocrx_word' id='word_1_40' title='bbox 267 1106 325 1159; x_wconf 87' lang='lat' dir='ltr'>tos</span> <span class='ocrx_word' id='word_1_41' title='bbox 339 1113 417 1159; x_wconf 89' lang='lat' dir='ltr'>esse</span> <span class='ocrx_word' id='word_1_42' title='bbox 432 1096 477 1159; x_wconf 92' lang='lat' dir='ltr'>ad</span> <span class='ocrx_word' id='word_1_43' title='bbox 492 1098 656 1177; x_wconf 81' lang='lat' dir='ltr'>proprias</span> <span class='ocrx_word' id='word_1_44' title='bbox 669 1096 806 1174; x_wconf 66' lang='lat' dir='ltr'>domos</span> <span class='ocrx_word' id='word_1_45' title='bbox 822 1098 853 1161; x_wconf 95' lang='lat' dir='ltr'>si</span> <span class='ocrx_word' id='word_1_46' title='bbox 867 1108 1058 1177; x_wconf 81' lang='lat' dir='ltr'><strong>oporteret,</strong></span> <span class='ocrx_word' id='word_1_47' title='bbox 1076 1096 1327 1178; x_wconf 84' lang='lat' dir='ltr'>relinquendas</span> <span class='ocrx_word' id='word_1_48' title='bbox 1341 1104 1402 1159; x_wconf 91' lang='lat' dir='ltr'>aut</span> <span class='ocrx_word' id='word_1_49' title='bbox 1416 1111 1499 1159; x_wconf 88' lang='lat' dir='ltr'>cum</span> 
     </span>
     <span class='ocr_line' id='line_1_7' title="bbox 267 1200 1500 1283; baseline 0 -16"><span class='ocrx_word' id='word_1_50' title='bbox 267 1200 446 1267; x_wconf 88' lang='lat' dir='ltr'>Societate</span> <span class='ocrx_word' id='word_1_51' title='bbox 467 1202 687 1267; x_wconf 87' lang='lat' dir='ltr'>dividendas.</span> <span class='ocrx_word' id='word_1_52' title='bbox 710 1203 791 1267; x_wconf 82' lang='lat' dir='ltr'><strong>Fuit</strong></span> <span class='ocrx_word' id='word_1_53' title='bbox 810 1214 930 1267; x_wconf 88' lang='lat' dir='ltr'>autem</span> <span class='ocrx_word' id='word_1_54' title='bbox 951 1204 1115 1267; x_wconf 83' lang='lat' dir='ltr'>inventus</span> <span class='ocrx_word' id='word_1_55' title='bbox 1136 1204 1225 1267; x_wconf 91' lang='lat' dir='ltr'>situs</span> <span class='ocrx_word' id='word_1_56' title='bbox 1246 1202 1390 1283; x_wconf 91' lang='lat' dir='ltr'>quidam</span> <span class='ocrx_word' id='word_1_57' title='bbox 1409 1202 1500 1267; x_wconf 88' lang='lat' dir='ltr'>salu·</span> 
     </span>
     <span class='ocr_line' id='line_1_8' title="bbox 266 1308 1499 1391; baseline 0 -20"><span class='ocrx_word' id='word_1_58' title='bbox 266 1308 341 1372; x_wconf 91' lang='lat' dir='ltr'>bris</span> <span class='ocrx_word' id='word_1_59' title='bbox 355 1319 389 1371; x_wconf 91' lang='lat' dir='ltr'>et</span> <span class='ocrx_word' id='word_1_60' title='bbox 405 1310 506 1389; x_wconf 85' lang='lat' dir='ltr'>quasi</span> <span class='ocrx_word' id='word_1_61' title='bbox 520 1310 556 1375; x_wconf 90' lang='lat' dir='ltr'>in</span> <span class='ocrx_word' id='word_1_62' title='bbox 571 1310 687 1373; x_wconf 85' lang='lat' dir='ltr'>medio</span> <span class='ocrx_word' id='word_1_63' title='bbox 701 1310 858 1375; x_wconf 84' lang='lat' dir='ltr'>civitatis</span> <span class='ocrx_word' id='word_1_64' title='bbox 873 1310 1020 1391; x_wconf 78' lang='lat' dir='ltr'>posituS,</span> <span class='ocrx_word' id='word_1_65' title='bbox 1037 1309 1099 1374; x_wconf 85' lang='lat' dir='ltr'>sed</span> <span class='ocrx_word' id='word_1_66' title='bbox 1123 1326 1224 1375; x_wconf 90' lang='lat' dir='ltr'>muro</span> <span class='ocrx_word' id='word_1_67' title='bbox 1244 1309 1402 1373; x_wconf 87' lang='lat' dir='ltr'>civitatis</span> <span class='ocrx_word' id='word_1_68' title='bbox 1420 1318 1499 1373; x_wconf 90' lang='lat' dir='ltr'>erat</span> 
     </span>
     <span class='ocr_line' id='line_1_9' title="bbox 265 1414 1497 1497; baseline 0.001 -20"><span class='ocrx_word' id='word_1_69' title='bbox 265 1414 489 1495; x_wconf 85' lang='lat' dir='ltr'>conjunctus.</span> <span class='ocrx_word' id='word_1_70' title='bbox 516 1415 622 1479; x_wconf 87' lang='lat' dir='ltr'>Dedit</span> <span class='ocrx_word' id='word_1_71' title='bbox 645 1428 764 1481; x_wconf 88' lang='lat' dir='ltr'>autem</span> <span class='ocrx_word' id='word_1_72' title='bbox 788 1416 916 1481; x_wconf 86' lang='lat' dir='ltr'>civitas</span> <span class='ocrx_word' id='word_1_73' title='bbox 936 1435 1017 1481; x_wconf 87' lang='lat' dir='ltr'>eam</span> <span class='ocrx_word' id='word_1_74' title='bbox 1042 1417 1134 1481; x_wconf 91' lang='lat' dir='ltr'>muri</span> <span class='ocrx_word' id='word_1_75' title='bbox 1154 1427 1289 1497; x_wconf 85' lang='lat' dir='ltr'>partem</span> <span class='ocrx_word' id='word_1_76' title='bbox 1310 1432 1390 1481; x_wconf 91' lang='lat' dir='ltr'>cum</span> <span class='ocrx_word' id='word_1_77' title='bbox 1414 1432 1497 1495; x_wconf 89' lang='lat' dir='ltr'>qua·</span> 
     </span>
     <span class='ocr_line' id='line_1_10' title="bbox 265 1522 1500 1603; baseline 0 -19"><span class='ocrx_word' id='word_1_78' title='bbox 265 1529 350 1585; x_wconf 87' lang='lat' dir='ltr'>tuor</span> <span class='ocrx_word' id='word_1_79' title='bbox 377 1523 553 1593; x_wconf 88' lang='lat' dir='ltr'>turribus,</span> <span class='ocrx_word' id='word_1_80' title='bbox 584 1524 810 1603; x_wconf 87' lang='lat' dir='ltr'>quaesitum</span> <span class='ocrx_word' id='word_1_81' title='bbox 838 1525 937 1589; x_wconf 89' lang='lat' dir='ltr'>iilum</span> <span class='ocrx_word' id='word_1_82' title='bbox 965 1524 1198 1601; x_wconf 87' lang='lat' dir='ltr'>attingebant.</span> <span class='ocrx_word' id='word_1_83' title='bbox 1233 1522 1344 1588; x_wconf 82' lang='lat' dir='ltr'>Extra</span> <span class='ocrx_word' id='word_1_84' title='bbox 1378 1537 1500 1587; x_wconf 88' lang='lat' dir='ltr'>muros</span> 
     </span>
     <span class='ocr_line' id='line_1_11' title="bbox 266 1628 1499 1709; baseline 0.001 -19"><span class='ocrx_word' id='word_1_85' title='bbox 266 1637 387 1691; x_wconf 88' lang='lat' dir='ltr'>autem</span> <span class='ocrx_word' id='word_1_86' title='bbox 400 1629 569 1709; x_wconf 87' lang='lat' dir='ltr'>quidquid</span> <span class='ocrx_word' id='word_1_87' title='bbox 588 1632 804 1709; x_wconf 89' lang='lat' dir='ltr'>postulatum</span> <span class='ocrx_word' id='word_1_88' title='bbox 818 1640 873 1695; x_wconf 90' lang='lat' dir='ltr'>est</span> <span class='ocrx_word' id='word_1_89' title='bbox 888 1640 923 1693; x_wconf 88' lang='lat' dir='ltr'>et</span> <span class='ocrx_word' id='word_1_90' title='bbox 940 1630 1023 1693; x_wconf 89' lang='lat' dir='ltr'>utiie</span> <span class='ocrx_word' id='word_1_91' title='bbox 1040 1628 1200 1707; x_wconf 83' lang='lat' dir='ltr'>Collegio</span> <span class='ocrx_word' id='word_1_92' title='bbox 1220 1628 1416 1706; x_wconf 88' lang='lat' dir='ltr'>videbatur,</span> <span class='ocrx_word' id='word_1_93' title='bbox 1438 1628 1499 1693; x_wconf 87' lang='lat' dir='ltr'>de·</span> 
     </span>
     <span class='ocr_line' id='line_1_12' title="bbox 265 1733 1500 1817; baseline 0.001 -19"><span class='ocrx_word' id='word_1_94' title='bbox 265 1733 415 1813; x_wconf 89' lang='lat' dir='ltr'>derunt,</span> <span class='ocrx_word' id='word_1_95' title='bbox 447 1754 527 1800; x_wconf 91' lang='lat' dir='ltr'>cum</span> <span class='ocrx_word' id='word_1_96' title='bbox 556 1736 724 1801; x_wconf 79' lang='lat' dir='ltr'>facultate</span> <span class='ocrx_word' id='word_1_97' title='bbox 752 1748 893 1817; x_wconf 91' lang='lat' dir='ltr'>portam</span> <span class='ocrx_word' id='word_1_98' title='bbox 916 1738 953 1799; x_wconf 90' lang='lat' dir='ltr'>in</span> <span class='ocrx_word' id='word_1_99' title='bbox 977 1736 1054 1817; x_wconf 91' lang='lat' dir='ltr'>ipso</span> <span class='ocrx_word' id='word_1_100' title='bbox 1080 1753 1182 1801; x_wconf 88' lang='lat' dir='ltr'>muro</span> <span class='ocrx_word' id='word_1_101' title='bbox 1207 1734 1408 1815; x_wconf 88' lang='lat' dir='ltr'>aperiendi,</span> <span class='ocrx_word' id='word_1_102' title='bbox 1435 1752 1500 1815; x_wconf 91' lang='lat' dir='ltr'>per</span> 
     </span>
     <span class='ocr_line' id='line_1_13' title="bbox 263 1842 1499 1925; baseline -0.001 -19"><span class='ocrx_word' id='word_1_103' title='bbox 263 1858 375 1923; x_wconf 84' lang='lat' dir='ltr'>quarn</span> <span class='ocrx_word' id='word_1_104' title='bbox 401 1844 466 1906; x_wconf 93' lang='lat' dir='ltr'>soii</span> <span class='ocrx_word' id='word_1_105' title='bbox 491 1844 604 1907; x_wconf 85' lang='lat' dir='ltr'>nostri</span> <span class='ocrx_word' id='word_1_106' title='bbox 628 1845 882 1923; x_wconf 80' lang='lat' dir='ltr'>egrederentur</span> <span class='ocrx_word' id='word_1_107' title='bbox 908 1844 944 1905; x_wconf 93' lang='lat' dir='ltr'>in</span> <span class='ocrx_word' id='word_1_108' title='bbox 970 1844 1133 1919; x_wconf 85' lang='lat' dir='ltr'>bortum,</span> <span class='ocrx_word' id='word_1_109' title='bbox 1161 1843 1221 1925; x_wconf 91' lang='lat' dir='ltr'>qui</span> <span class='ocrx_word' id='word_1_110' title='bbox 1245 1842 1499 1907; x_wconf 86' lang='lat' dir='ltr'>conficiebatur</span> 
     </span>
     <span class='ocr_line' id='line_1_14' title="bbox 267 1948 1494 2031; baseline 0.002 -20"><span class='ocrx_word' id='word_1_111' title='bbox 267 1958 369 2013; x_wconf 90' lang='lat' dir='ltr'>extra</span> <span class='ocrx_word' id='word_1_112' title='bbox 390 1967 524 2029; x_wconf 82' lang='lat' dir='ltr'>mur0s3</span> <span class='ocrx_word' id='word_1_113' title='bbox 546 1963 580 2013; x_wconf 86' lang='lat' dir='ltr'>et</span> <span class='ocrx_word' id='word_1_114' title='bbox 599 1968 671 2015; x_wconf 90' lang='lat' dir='ltr'>non</span> <span class='ocrx_word' id='word_1_115' title='bbox 691 1951 860 2031; x_wconf 86' lang='lat' dir='ltr'>exiguum</span> <span class='ocrx_word' id='word_1_116' title='bbox 884 1951 1000 2014; x_wconf 89' lang='lat' dir='ltr'>bonae</span> <span class='ocrx_word' id='word_1_117' title='bbox 1027 1950 1223 2015; x_wconf 90' lang='lat' dir='ltr'>voluntatis</span> <span class='ocrx_word' id='word_1_118' title='bbox 1248 1949 1391 2031; x_wconf 85' lang='lat' dir='ltr'>signum</span> <span class='ocrx_word' id='word_1_119' title='bbox 1414 1948 1494 2027; x_wconf 91' lang='lat' dir='ltr'>fuit,</span> 
     </span>
     <span class='ocr_line' id='line_1_15' title="bbox 264 2054 1498 2137; baseline -0.002 -18"><span class='ocrx_word' id='word_1_120' title='bbox 264 2056 362 2136; x_wconf 87' lang='lat' dir='ltr'>quod</span> <span class='ocrx_word' id='word_1_121' title='bbox 375 2066 516 2137; x_wconf 90' lang='lat' dir='ltr'>portam</span> <span class='ocrx_word' id='word_1_122' title='bbox 531 2057 749 2136; x_wconf 87' lang='lat' dir='ltr'>praedictam</span> <span class='ocrx_word' id='word_1_123' title='bbox 764 2056 801 2121; x_wconf 91' lang='lat' dir='ltr'>in</span> <span class='ocrx_word' id='word_1_124' title='bbox 814 2073 917 2121; x_wconf 89' lang='lat' dir='ltr'>muro</span> <span class='ocrx_word' id='word_1_125' title='bbox 933 2056 1007 2121; x_wconf 88' lang='lat' dir='ltr'>fieri</span> <span class='ocrx_word' id='word_1_126' title='bbox 1024 2057 1192 2133; x_wconf 85' lang='lat' dir='ltr'>sinerent,</span> <span class='ocrx_word' id='word_1_127' title='bbox 1214 2072 1294 2121; x_wconf 92' lang='lat' dir='ltr'>cum</span> <span class='ocrx_word' id='word_1_128' title='bbox 1310 2056 1355 2121; x_wconf 92' lang='lat' dir='ltr'>sit</span> <span class='ocrx_word' id='word_1_129' title='bbox 1370 2072 1414 2119; x_wconf 83' lang='lat' dir='ltr'>ex</span> <span class='ocrx_word' id='word_1_130' title='bbox 1429 2054 1498 2118; x_wconf 88' lang='lat' dir='ltr'>for-</span> 
     </span>
     <span class='ocr_line' id='line_1_16' title="bbox 268 2162 1115 2243; baseline 0 -18"><span class='ocrx_word' id='word_1_131' title='bbox 268 2162 418 2227; x_wconf 90' lang='lat' dir='ltr'>tioribus</span> <span class='ocrx_word' id='word_1_132' title='bbox 433 2181 475 2226; x_wconf 90' lang='lat' dir='ltr'>ac</span> <span class='ocrx_word' id='word_1_133' title='bbox 490 2165 737 2231; x_wconf 88' lang='lat' dir='ltr'>munitioribus</span> <span class='ocrx_word' id='word_1_134' title='bbox 755 2164 895 2229; x_wconf 90' lang='lat' dir='ltr'>illorum</span> <span class='ocrx_word' id='word_1_135' title='bbox 910 2180 1115 2243; x_wconf 87' lang='lat' dir='ltr'>regnorum.</span> 
     </span>
    </p>

    <p class='ocr_par' dir='ltr' id='par_1_3' title="bbox 264 2268 1500 4171">
     <span class='ocr_line' id='line_1_17' title="bbox 332 2268 1497 2353; baseline 0.003 -22"><span class='ocrx_word' id='word_1_136' title='bbox 332 2268 417 2333; x_wconf 82' lang='lat'>1289.</span> <span class='ocrx_word' id='word_1_137' title='bbox 463 2270 597 2335; x_wconf 83' lang='lat' dir='ltr'>Obtulit</span> <span class='ocrx_word' id='word_1_138' title='bbox 611 2272 720 2335; x_wconf 89' lang='lat' dir='ltr'>etiam</span> <span class='ocrx_word' id='word_1_139' title='bbox 734 2272 862 2335; x_wconf 88' lang='lat' dir='ltr'>civitas</span> <span class='ocrx_word' id='word_1_140' title='bbox 877 2272 947 2335; x_wconf 88' lang='lat' dir='ltr'>alia</span> <span class='ocrx_word' id='word_1_141' title='bbox 963 2288 1033 2335; x_wconf 90' lang='lat' dir='ltr'>non</span> <span class='ocrx_word' id='word_1_142' title='bbox 1056 2289 1171 2352; x_wconf 89' lang='lat' dir='ltr'>pauca</span> <span class='ocrx_word' id='word_1_143' title='bbox 1191 2272 1367 2353; x_wconf 87' lang='lat' dir='ltr'>Episcopo</span> <span class='ocrx_word' id='word_1_144' title='bbox 1382 2286 1497 2351; x_wconf 92' lang='lat' dir='ltr'>prom·</span> 
     </span>
     <span class='ocr_line' id='line_1_18' title="bbox 266 2378 1498 2460; baseline 0.002 -21"><span class='ocrx_word' id='word_1_145' title='bbox 266 2386 331 2460; x_wconf 84' lang='lat' dir='ltr'>pto</span> <span class='ocrx_word' id='word_1_146' title='bbox 356 2396 400 2441; x_wconf 90' lang='lat' dir='ltr'>ac</span> <span class='ocrx_word' id='word_1_147' title='bbox 424 2378 560 2442; x_wconf 88' lang='lat' dir='ltr'>liberali</span> <span class='ocrx_word' id='word_1_148' title='bbox 582 2379 712 2443; x_wconf 89' lang='lat' dir='ltr'>animo.</span> <span class='ocrx_word' id='word_1_149' title='bbox 739 2378 778 2442; x_wconf 90' lang='lat' dir='ltr'>in</span> <span class='ocrx_word' id='word_1_150' title='bbox 798 2378 1012 2459; x_wconf 88' lang='lat' dir='ltr'>quibusdam</span> <span class='ocrx_word' id='word_1_151' title='bbox 1036 2390 1154 2443; x_wconf 86' lang='lat' dir='ltr'>autom</span> <span class='ocrx_word' id='word_1_152' title='bbox 1179 2378 1340 2443; x_wconf 85' lang='lat' dir='ltr'>domibus</span> <span class='ocrx_word' id='word_1_153' title='bbox 1365 2378 1498 2459; x_wconf 88' lang='lat' dir='ltr'>palatio</span> 
     </span>
     <span class='ocr_line' id='line_1_19' title="bbox 264 2467 1500 2656; baseline -0.001 -109"><span class='ocrx_word' id='word_1_154' title='bbox 264 2467 435 2656; x_wconf 55' lang='lat' dir='ltr'>’inscopi</span> <span class='ocrx_word' id='word_1_155' title='bbox 451 2484 650 2565; x_wconf 86' lang='lat' dir='ltr'>conjunctis</span> <span class='ocrx_word' id='word_1_156' title='bbox 663 2486 712 2563; x_wconf 91' lang='lat' dir='ltr'>(in</span> <span class='ocrx_word' id='word_1_157' title='bbox 726 2502 796 2567; x_wconf 89' lang='lat' dir='ltr'>quo</span> <span class='ocrx_word' id='word_1_158' title='bbox 807 2496 950 2549; x_wconf 89' lang='lat' dir='ltr'>nostros</span> <span class='ocrx_word' id='word_1_159' title='bbox 962 2486 1122 2549; x_wconf 89' lang='lat' dir='ltr'>habitare</span> <span class='ocrx_word' id='word_1_160' title='bbox 1137 2484 1291 2551; x_wconf 87' lang='lat' dir='ltr'>diximus</span> <span class='ocrx_word' id='word_1_161' title='bbox 1307 2486 1339 2563; x_wconf 87' lang='lat'>¹),</span> <span class='ocrx_word' id='word_1_162' title='bbox 1356 2485 1500 2548; x_wconf 88' lang='lat' dir='ltr'>scholas</span> 
     </span>
     <span class='ocr_line' id='line_1_20' title="bbox 290 2592 1499 2673; baseline 0.002 -20"><span class='ocrx_word' id='word_1_163' title='bbox 290 2592 477 2655; x_wconf 90' lang='lat' dir='ltr'>oncinnari</span> <span class='ocrx_word' id='word_1_164' title='bbox 495 2594 608 2655; x_wconf 88' lang='lat' dir='ltr'>voluit</span> <span class='ocrx_word' id='word_1_165' title='bbox 626 2594 769 2657; x_wconf 88' lang='lat' dir='ltr'>interim</span> <span class='ocrx_word' id='word_1_166' title='bbox 790 2593 873 2657; x_wconf 90' lang='lat' dir='ltr'>dum</span> <span class='ocrx_word' id='word_1_167' title='bbox 888 2594 965 2673; x_wconf 83' lang='lat' dir='ltr'>ipsc</span> <span class='ocrx_word' id='word_1_168' title='bbox 979 2610 1093 2657; x_wconf 90' lang='lat' dir='ltr'>novas</span> <span class='ocrx_word' id='word_1_169' title='bbox 1108 2593 1225 2672; x_wconf 84' lang='lat' dir='ltr'>erigit.</span> <span class='ocrx_word' id='word_1_170' title='bbox 1242 2592 1421 2657; x_wconf 84' lang='lat' dir='ltr'>invisebat</span> <span class='ocrx_word' id='word_1_171' title='bbox 1437 2608 1499 2655; x_wconf 88' lang='lat' dir='ltr'>au·</span> 
     </span>
     <span class='ocr_line' id='line_1_21' title="bbox 264 2699 1497 2782; baseline -0.001 -19"><span class='ocrx_word' id='word_1_172' title='bbox 264 2709 340 2764; x_wconf 89' lang='lat' dir='ltr'>tem</span> <span class='ocrx_word' id='word_1_173' title='bbox 354 2699 552 2782; x_wconf 91' lang='lat' dir='ltr'>Episcopus</span> <span class='ocrx_word' id='word_1_174' title='bbox 566 2702 702 2764; x_wconf 92' lang='lat' dir='ltr'>nobiles</span> <span class='ocrx_word' id='word_1_175' title='bbox 716 2699 791 2780; x_wconf 86' lang='lat' dir='ltr'>ejus</span> <span class='ocrx_word' id='word_1_176' title='bbox 805 2701 914 2779; x_wconf 87' lang='lat' dir='ltr'>urbis,</span> <span class='ocrx_word' id='word_1_177' title='bbox 931 2702 991 2782; x_wconf 89' lang='lat' dir='ltr'>qui</span> <span class='ocrx_word' id='word_1_178' title='bbox 1011 2701 1213 2764; x_wconf 86' lang='lat' dir='ltr'>contrariae</span> <span class='ocrx_word' id='word_1_179' title='bbox 1232 2699 1399 2766; x_wconf 84' lang='lat' dir='ltr'>factionis</span> <span class='ocrx_word' id='word_1_180' title='bbox 1418 2713 1497 2764; x_wconf 89' lang='lat' dir='ltr'>esse</span> 
     </span>
     <span class='ocr_line' id='line_1_22' title="bbox 266 2807 1497 2888; baseline -0.001 -19"><span class='ocrx_word' id='word_1_181' title='bbox 266 2807 440 2885; x_wconf 87' lang='lat' dir='ltr'>solebant,</span> <span class='ocrx_word' id='word_1_182' title='bbox 457 2820 491 2871; x_wconf 90' lang='lat' dir='ltr'>et</span> <span class='ocrx_word' id='word_1_183' title='bbox 506 2808 556 2870; x_wconf 90' lang='lat' dir='ltr'>illi</span> <span class='ocrx_word' id='word_1_184' title='bbox 577 2808 764 2872; x_wconf 84' lang='lat' dir='ltr'>viceversa</span> <span class='ocrx_word' id='word_1_185' title='bbox 783 2807 1001 2888; x_wconf 90' lang='lat' dir='ltr'>Episcopum</span> <span class='ocrx_word' id='word_1_186' title='bbox 1016 2807 1228 2884; x_wconf 85' lang='lat' dir='ltr'>visitabant,</span> <span class='ocrx_word' id='word_1_187' title='bbox 1250 2816 1288 2870; x_wconf 91' lang='lat' dir='ltr'>ut</span> <span class='ocrx_word' id='word_1_188' title='bbox 1314 2823 1416 2870; x_wconf 86' lang='lat' dir='ltr'>suum</span> <span class='ocrx_word' id='word_1_189' title='bbox 1437 2821 1497 2884; x_wconf 89' lang='lat' dir='ltr'>pa·</span> 
     </span>
     <span class='ocr_line' id='line_1_23' title="bbox 266 2911 1496 2996; baseline -0.002 -19"><span class='ocrx_word' id='word_1_190' title='bbox 266 2923 422 2993; x_wconf 89' lang='lat' dir='ltr'>storem,</span> <span class='ocrx_word' id='word_1_191' title='bbox 448 2915 508 2996; x_wconf 89' lang='lat' dir='ltr'>qui</span> <span class='ocrx_word' id='word_1_192' title='bbox 526 2916 619 2978; x_wconf 89' lang='lat' dir='ltr'>serio</span> <span class='ocrx_word' id='word_1_193' title='bbox 641 2915 687 2978; x_wconf 88' lang='lat' dir='ltr'>ad</span> <span class='ocrx_word' id='word_1_194' title='bbox 708 2933 767 2994; x_wconf 91' lang='lat' dir='ltr'>ea,</span> <span class='ocrx_word' id='word_1_195' title='bbox 788 2933 879 2996; x_wconf 89' lang='lat' dir='ltr'>quae</span> <span class='ocrx_word' id='word_1_196' title='bbox 903 2916 1109 2979; x_wconf 85' lang='lat' dir='ltr'>necessaria</span> <span class='ocrx_word' id='word_1_197' title='bbox 1123 2923 1226 2978; x_wconf 89' lang='lat' dir='ltr'>erant</span> <span class='ocrx_word' id='word_1_198' title='bbox 1251 2913 1350 2994; x_wconf 89' lang='lat' dir='ltr'>operi</span> <span class='ocrx_word' id='word_1_199' title='bbox 1364 2911 1496 2992; x_wconf 86' lang='lat' dir='ltr'>futuro,</span> 
     </span>
     <span class='ocr_line' id='line_1_24' title="bbox 271 3018 1497 3102; baseline -0.001 -18"><span class='ocrx_word' id='word_1_200' title='bbox 271 3021 445 3102; x_wconf 87' lang='lat' dir='ltr'>paranda,</span> <span class='ocrx_word' id='word_1_201' title='bbox 461 3032 499 3085; x_wconf 94' lang='lat' dir='ltr'>ut</span> <span class='ocrx_word' id='word_1_202' title='bbox 518 3021 684 3097; x_wconf 66' lang='lat' dir='ltr'>artifices</span> <span class='ocrx_word' id='word_1_203' title='bbox 705 3025 851 3098; x_wconf 83' lang='lat' dir='ltr'>calcem,</span> <span class='ocrx_word' id='word_1_204' title='bbox 872 3025 1014 3100; x_wconf 89' lang='lat' dir='ltr'>lateres,</span> <span class='ocrx_word' id='word_1_205' title='bbox 1037 3023 1133 3102; x_wconf 88' lang='lat' dir='ltr'>ligna</span> <span class='ocrx_word' id='word_1_206' title='bbox 1150 3032 1183 3085; x_wconf 92' lang='lat' dir='ltr'>et</span> <span class='ocrx_word' id='word_1_207' title='bbox 1198 3021 1269 3084; x_wconf 90' lang='lat' dir='ltr'>alia</span> <span class='ocrx_word' id='word_1_208' title='bbox 1284 3018 1497 3100; x_wconf 89' lang='lat' dir='ltr'>hujusmodi,</span> 
     </span>
     <span class='ocr_line' id='line_1_25' title="bbox 267 3127 1498 3208; baseline 0 -18"><span class='ocrx_word' id='word_1_209' title='bbox 267 3127 377 3191; x_wconf 88' lang='lat' dir='ltr'>dabat</span> <span class='ocrx_word' id='word_1_210' title='bbox 397 3145 554 3208; x_wconf 89' lang='lat' dir='ltr'>operam.</span> <span class='ocrx_word' id='word_1_211' title='bbox 577 3129 685 3193; x_wconf 86' lang='lat' dir='ltr'>Cives</span> <span class='ocrx_word' id='word_1_212' title='bbox 706 3141 824 3194; x_wconf 89' lang='lat' dir='ltr'>autem</span> <span class='ocrx_word' id='word_1_213' title='bbox 839 3131 929 3193; x_wconf 91' lang='lat' dir='ltr'>tanti</span> <span class='ocrx_word' id='word_1_214' title='bbox 943 3129 1122 3194; x_wconf 89' lang='lat' dir='ltr'>faciebant</span> <span class='ocrx_word' id='word_1_215' title='bbox 1136 3129 1291 3208; x_wconf 84' lang='lat' dir='ltr'>gratiam</span> <span class='ocrx_word' id='word_1_216' title='bbox 1306 3147 1328 3191; x_wconf 89' lang='lat' dir='ltr'>a</span> <span class='ocrx_word' id='word_1_217' title='bbox 1342 3127 1498 3192; x_wconf 92' lang='lat' dir='ltr'>Domino</span> 
     </span>
     <span class='ocr_line' id='line_1_26' title="bbox 266 3234 1498 3316; baseline -0.001 -19"><span class='ocrx_word' id='word_1_218' title='bbox 266 3245 454 3316; x_wconf 84' lang='lat' dir='ltr'>acceptam</span> <span class='ocrx_word' id='word_1_219' title='bbox 473 3235 568 3316; x_wconf 90' lang='lat' dir='ltr'>quod</span> <span class='ocrx_word' id='word_1_220' title='bbox 588 3235 634 3298; x_wconf 91' lang='lat' dir='ltr'>ad</span> <span class='ocrx_word' id='word_1_221' title='bbox 654 3239 751 3316; x_wconf 90' lang='lat' dir='ltr'>ipsos</span> <span class='ocrx_word' id='word_1_222' title='bbox 770 3235 984 3301; x_wconf 87' lang='lat' dir='ltr'>Societatem</span> <span class='ocrx_word' id='word_1_223' title='bbox 1006 3246 1167 3300; x_wconf 89' lang='lat' dir='ltr'>nostram</span> <span class='ocrx_word' id='word_1_224' title='bbox 1186 3236 1357 3312; x_wconf 88' lang='lat' dir='ltr'>misisset,</span> <span class='ocrx_word' id='word_1_225' title='bbox 1379 3234 1498 3314; x_wconf 91' lang='lat' dir='ltr'>utqui</span> 
     </span>
     <span class='ocr_line' id='line_1_27' title="bbox 266 3342 1499 3423; baseline 0 -19"><span class='ocrx_word' id='word_1_226' title='bbox 266 3342 366 3421; x_wconf 90' lang='lat' dir='ltr'>prius</span> <span class='ocrx_word' id='word_1_227' title='bbox 380 3342 549 3423; x_wconf 90' lang='lat' dir='ltr'>Episcopi</span> <span class='ocrx_word' id='word_1_228' title='bbox 562 3353 723 3421; x_wconf 88' lang='lat' dir='ltr'>mortem,</span> <span class='ocrx_word' id='word_1_229' title='bbox 740 3354 779 3408; x_wconf 95' lang='lat' dir='ltr'>ut</span> <span class='ocrx_word' id='word_1_230' title='bbox 793 3343 958 3408; x_wconf 85' lang='lat' dir='ltr'>factionis</span> <span class='ocrx_word' id='word_1_231' title='bbox 979 3344 1196 3420; x_wconf 87' lang='lat' dir='ltr'>contrariae,</span> <span class='ocrx_word' id='word_1_232' title='bbox 1213 3343 1403 3422; x_wconf 89' lang='lat' dir='ltr'>optabant,</span> <span class='ocrx_word' id='word_1_233' title='bbox 1427 3357 1499 3404; x_wconf 90' lang='lat' dir='ltr'>non</span> 
     </span>
     <span class='ocr_line' id='line_1_28' title="bbox 265 3450 1500 3529; baseline -0.002 -18"><span class='ocrx_word' id='word_1_234' title='bbox 265 3461 450 3512; x_wconf 86' lang='lat' dir='ltr'>cessarent</span> <span class='ocrx_word' id='word_1_235' title='bbox 466 3450 585 3512; x_wconf 87' lang='lat' dir='ltr'>omnia</span> <span class='ocrx_word' id='word_1_236' title='bbox 601 3450 715 3514; x_wconf 82' lang='lat' dir='ltr'>felicia</span> <span class='ocrx_word' id='word_1_237' title='bbox 730 3460 765 3514; x_wconf 89' lang='lat' dir='ltr'>et</span> <span class='ocrx_word' id='word_1_238' title='bbox 778 3450 890 3514; x_wconf 89' lang='lat' dir='ltr'>vitam</span> <span class='ocrx_word' id='word_1_239' title='bbox 906 3451 1051 3529; x_wconf 87' lang='lat' dir='ltr'>longam</span> <span class='ocrx_word' id='word_1_240' title='bbox 1071 3450 1104 3512; x_wconf 90' lang='lat' dir='ltr'>ei</span> <span class='ocrx_word' id='word_1_241' title='bbox 1119 3457 1259 3528; x_wconf 88' lang='lat' dir='ltr'>optare,</span> <span class='ocrx_word' id='word_1_242' title='bbox 1281 3458 1318 3512; x_wconf 91' lang='lat' dir='ltr'>ut</span> <span class='ocrx_word' id='word_1_243' title='bbox 1333 3456 1500 3526; x_wconf 89' lang='lat' dir='ltr'>coeptum</span> 
     </span>
     <span class='ocr_line' id='line_1_29' title="bbox 266 3553 1498 3637; baseline 0.002 -21"><span class='ocrx_word' id='word_1_244' title='bbox 266 3571 358 3635; x_wconf 90' lang='lat' dir='ltr'>opus</span> <span class='ocrx_word' id='word_1_245' title='bbox 373 3555 567 3635; x_wconf 87' lang='lat' dir='ltr'>perficeret.</span> <span class='ocrx_word' id='word_1_246' title='bbox 584 3556 705 3637; x_wconf 90' lang='lat' dir='ltr'>Aliqui</span> <span class='ocrx_word' id='word_1_247' title='bbox 719 3558 828 3620; x_wconf 89' lang='lat' dir='ltr'>etiam</span> <span class='ocrx_word' id='word_1_248' title='bbox 841 3557 942 3620; x_wconf 93' lang='lat' dir='ltr'>initio</span> <span class='ocrx_word' id='word_1_249' title='bbox 957 3555 1091 3620; x_wconf 91' lang='lat' dir='ltr'>invidia</span> <span class='ocrx_word' id='word_1_250' title='bbox 1107 3556 1261 3636; x_wconf 89' lang='lat' dir='ltr'>quadam</span> <span class='ocrx_word' id='word_1_251' title='bbox 1274 3555 1332 3633; x_wconf 90' lang='lat' dir='ltr'>pia</span> <span class='ocrx_word' id='word_1_252' title='bbox 1348 3571 1386 3617; x_wconf 92' lang='lat' dir='ltr'>se</span> <span class='ocrx_word' id='word_1_253' title='bbox 1397 3553 1498 3634; x_wconf 88' lang='lat' dir='ltr'>tangi</span> 
     </span>
     <span class='ocr_line' id='line_1_30' title="bbox 266 3661 1498 3744; baseline 0 -20"><span class='ocrx_word' id='word_1_254' title='bbox 266 3661 482 3738; x_wconf 84' lang='lat' dir='ltr'>sentiebant,</span> <span class='ocrx_word' id='word_1_255' title='bbox 504 3661 598 3743; x_wconf 88' lang='lat' dir='ltr'>quod</span> <span class='ocrx_word' id='word_1_256' title='bbox 616 3674 754 3727; x_wconf 89' lang='lat' dir='ltr'>tantum</span> <span class='ocrx_word' id='word_1_257' title='bbox 775 3680 865 3744; x_wconf 91' lang='lat' dir='ltr'>opus</span> <span class='ocrx_word' id='word_1_258' title='bbox 883 3662 1061 3742; x_wconf 91' lang='lat' dir='ltr'>Episcopo</span> <span class='ocrx_word' id='word_1_259' title='bbox 1086 3673 1308 3726; x_wconf 88' lang='lat' dir='ltr'>reservatum</span> <span class='ocrx_word' id='word_1_260' title='bbox 1334 3671 1438 3737; x_wconf 89' lang='lat' dir='ltr'>esset,</span> <span class='ocrx_word' id='word_1_261' title='bbox 1463 3669 1498 3724; x_wconf 89' lang='lat' dir='ltr'>et</span> 
     </span>
     <span class='ocr_line' id='line_1_31' title="bbox 268 3767 1497 3850; baseline -0.002 -18"><span class='ocrx_word' id='word_1_262' title='bbox 268 3769 462 3850; x_wconf 86' lang='lat' dir='ltr'>participes</span> <span class='ocrx_word' id='word_1_263' title='bbox 477 3768 552 3848; x_wconf 83' lang='lat' dir='ltr'>ejus</span> <span class='ocrx_word' id='word_1_264' title='bbox 566 3787 645 3832; x_wconf 89' lang='lat' dir='ltr'>esse</span> <span class='ocrx_word' id='word_1_265' title='bbox 660 3771 728 3850; x_wconf 91' lang='lat' dir='ltr'>ipsi</span> <span class='ocrx_word' id='word_1_266' title='bbox 742 3770 942 3850; x_wconf 90' lang='lat' dir='ltr'>cupiebant.</span> <span class='ocrx_word' id='word_1_267' title='bbox 961 3769 1004 3834; x_wconf 90' lang='lat' dir='ltr'>Et</span> <span class='ocrx_word' id='word_1_268' title='bbox 1024 3767 1089 3833; x_wconf 86' lang='lat' dir='ltr'>suit</span> <span class='ocrx_word' id='word_1_269' title='bbox 1105 3769 1167 3848; x_wconf 90' lang='lat' dir='ltr'>qui</span> <span class='ocrx_word' id='word_1_270' title='bbox 1186 3769 1356 3850; x_wconf 85' lang='lat' dir='ltr'>optimam</span> <span class='ocrx_word' id='word_1_271' title='bbox 1377 3783 1497 3847; x_wconf 90' lang='lat' dir='ltr'>quam-</span> 
     </span>
     <span class='ocr_line' id='line_1_32' title="bbox 266 3872 1498 3956; baseline 0 -18"><span class='ocrx_word' id='word_1_272' title='bbox 266 3875 350 3938; x_wconf 89' lang='lat' dir='ltr'>dam</span> <span class='ocrx_word' id='word_1_273' title='bbox 365 3875 507 3940; x_wconf 90' lang='lat' dir='ltr'>domnm</span> <span class='ocrx_word' id='word_1_274' title='bbox 523 3886 557 3940; x_wconf 90' lang='lat' dir='ltr'>et</span> <span class='ocrx_word' id='word_1_275' title='bbox 571 3877 607 3940; x_wconf 92' lang='lat' dir='ltr'>in</span> <span class='ocrx_word' id='word_1_276' title='bbox 623 3876 716 3940; x_wconf 93' lang='lat' dir='ltr'>bono</span> <span class='ocrx_word' id='word_1_277' title='bbox 730 3877 811 3954; x_wconf 88' lang='lat' dir='ltr'>situ,</span> <span class='ocrx_word' id='word_1_278' title='bbox 827 3893 936 3956; x_wconf 88' lang='lat' dir='ltr'>quam</span> <span class='ocrx_word' id='word_1_279' title='bbox 951 3886 1034 3940; x_wconf 90' lang='lat' dir='ltr'>tunc</span> <span class='ocrx_word' id='word_1_280' title='bbox 1045 3873 1210 3951; x_wconf 89' lang='lat' dir='ltr'>faciebat,</span> <span class='ocrx_word' id='word_1_281' title='bbox 1225 3875 1368 3938; x_wconf 80' lang='lat' dir='ltr'>offerret</span> <span class='ocrx_word' id='word_1_282' title='bbox 1379 3872 1498 3938; x_wconf 88' lang='lat' dir='ltr'>Socie-</span> 
     </span>
     <span class='ocr_line' id='line_1_33' title="bbox 266 3979 1497 4064; baseline 0 -20"><span class='ocrx_word' id='word_1_283' title='bbox 266 3983 343 4062; x_wconf 88' lang='lat' dir='ltr'>tati;</span> <span class='ocrx_word' id='word_1_284' title='bbox 360 3983 422 4048; x_wconf 88' lang='lat' dir='ltr'>sed</span> <span class='ocrx_word' id='word_1_285' title='bbox 436 3983 643 4064; x_wconf 90' lang='lat' dir='ltr'>Episcopus,</span> <span class='ocrx_word' id='word_1_286' title='bbox 661 4001 742 4047; x_wconf 92' lang='lat' dir='ltr'>cum</span> <span class='ocrx_word' id='word_1_287' title='bbox 756 3984 1007 4063; x_wconf 84' lang='lat' dir='ltr'>magnanimus</span> <span class='ocrx_word' id='word_1_288' title='bbox 1021 3992 1130 4059; x_wconf 89' lang='lat' dir='ltr'>esset,</span> <span class='ocrx_word' id='word_1_289' title='bbox 1148 4000 1169 4044; x_wconf 90' lang='lat' dir='ltr'>a</span> <span class='ocrx_word' id='word_1_290' title='bbox 1184 3979 1425 4045; x_wconf 88' lang='lat' dir='ltr'>fundamentis</span> <span class='ocrx_word' id='word_1_291' title='bbox 1441 3997 1497 4044; x_wconf 84' lang='lat' dir='ltr'>ae·</span> 
     </span>
     <span class='ocr_line' id='line_1_34' title="bbox 264 4089 886 4171; baseline 0.002 -18"><span class='ocrx_word' id='word_1_292' title='bbox 264 4089 411 4154; x_wconf 86' lang='lat' dir='ltr'>dificare</span> <span class='ocrx_word' id='word_1_293' title='bbox 425 4100 538 4154; x_wconf 90' lang='lat' dir='ltr'>totum</span> <span class='ocrx_word' id='word_1_294' title='bbox 551 4090 750 4171; x_wconf 85' lang='lat' dir='ltr'>Collegium</span> <span class='ocrx_word' id='word_1_295' title='bbox 765 4091 886 4154; x_wconf 87' lang='lat' dir='ltr'>voluit.</span> 
     </span>
    </p>

    <p class='ocr_par' dir='ltr' id='par_1_4' title="bbox 264 4195 1498 4597">
     <span class='ocr_line' id='line_1_35' title="bbox 328 4195 1498 4276; baseline -0.003 -17"><span class='ocrx_word' id='word_1_296' title='bbox 328 4195 415 4261; x_wconf 82' lang='lat'><strong>1290.</strong></span> <span class='ocrx_word' id='word_1_297' title='bbox 459 4196 667 4261; x_wconf 86' lang='lat' dir='ltr'>Cavendum</span> <span class='ocrx_word' id='word_1_298' title='bbox 687 4198 828 4263; x_wconf 88' lang='lat' dir='ltr'>interim</span> <span class='ocrx_word' id='word_1_299' title='bbox 843 4209 920 4261; x_wconf 90' lang='lat' dir='ltr'>erat</span> <span class='ocrx_word' id='word_1_300' title='bbox 942 4199 1074 4260; x_wconf 89' lang='lat' dir='ltr'>nostris</span> <span class='ocrx_word' id='word_1_301' title='bbox 1089 4215 1110 4260; x_wconf 92' lang='lat' dir='ltr'>a</span> <span class='ocrx_word' id='word_1_302' title='bbox 1126 4197 1338 4276; x_wconf 86' lang='lat' dir='ltr'>vanagioria</span> <span class='ocrx_word' id='word_1_303' title='bbox 1352 4205 1498 4274; x_wconf 88' lang='lat' dir='ltr'>propter</span> 
     </span>
     <span class='ocr_line' id='line_1_36' title="bbox 264 4301 1498 4386; baseline -0.002 -20"><span class='ocrx_word' id='word_1_304' title='bbox 264 4303 441 4384; x_wconf 82' lang='lat' dir='ltr'>insignem</span> <span class='ocrx_word' id='word_1_305' title='bbox 455 4303 621 4368; x_wconf 84' lang='lat' dir='ltr'>affectum</span> <span class='ocrx_word' id='word_1_306' title='bbox 633 4305 777 4382; x_wconf 87' lang='lat' dir='ltr'>civium,</span> <span class='ocrx_word' id='word_1_307' title='bbox 789 4305 861 4386; x_wconf 86' lang='lat' dir='ltr'>qui,</span> <span class='ocrx_word' id='word_1_308' title='bbox 878 4323 961 4368; x_wconf 89' lang='lat' dir='ltr'>cum</span> <span class='ocrx_word' id='word_1_309' title='bbox 972 4305 1126 4385; x_wconf 87' lang='lat' dir='ltr'>aliquem</span> <span class='ocrx_word' id='word_1_310' title='bbox 1137 4323 1181 4368; x_wconf 85' lang='lat' dir='ltr'>ex</span> <span class='ocrx_word' id='word_1_311' title='bbox 1192 4303 1324 4366; x_wconf 90' lang='lat' dir='ltr'>nostris</span> <span class='ocrx_word' id='word_1_312' title='bbox 1335 4301 1498 4366; x_wconf 89' lang='lat' dir='ltr'>inceden-</span> 
     </span>
     <span class='ocr_line' id='line_1_37' title="bbox 265 4411 1497 4492; baseline -0.001 -20"><span class='ocrx_word' id='word_1_313' title='bbox 265 4420 337 4473; x_wconf 90' lang='lat' dir='ltr'>tem</span> <span class='ocrx_word' id='word_1_314' title='bbox 351 4413 388 4473; x_wconf 92' lang='lat' dir='ltr'>in</span> <span class='ocrx_word' id='word_1_315' title='bbox 402 4412 463 4474; x_wconf 88' lang='lat' dir='ltr'>via</span> <span class='ocrx_word' id='word_1_316' title='bbox 476 4411 656 4490; x_wconf 86' lang='lat' dir='ltr'>videbant,</span> <span class='ocrx_word' id='word_1_317' title='bbox 672 4422 836 4492; x_wconf 85' lang='lat' dir='ltr'>spectare</span> <span class='ocrx_word' id='word_1_318' title='bbox 847 4412 965 4492; x_wconf 90' lang='lat' dir='ltr'>ipsum</span> <span class='ocrx_word' id='word_1_319' title='bbox 979 4422 1017 4474; x_wconf 88' lang='lat' dir='ltr'>ut</span> <span class='ocrx_word' id='word_1_320' title='bbox 1028 4411 1112 4492; x_wconf 90' lang='lat' dir='ltr'>quid</span> <span class='ocrx_word' id='word_1_321' title='bbox 1125 4427 1257 4474; x_wconf 86' lang='lat' dir='ltr'>novum</span> <span class='ocrx_word' id='word_1_322' title='bbox 1268 4418 1304 4473; x_wconf 90' lang='lat' dir='ltr'>et</span> <span class='ocrx_word' id='word_1_323' title='bbox 1315 4423 1497 4488; x_wconf 89' lang='lat' dir='ltr'>nunquam</span> 
     </span>
     <span class='ocr_line' id='line_1_38' title="bbox 264 4517 1494 4597; baseline -0.001 -19"><span class='ocrx_word' id='word_1_324' title='bbox 264 4517 382 4581; x_wconf 87' lang='lat' dir='ltr'>visum</span> <span class='ocrx_word' id='word_1_325' title='bbox 397 4518 568 4597; x_wconf 90' lang='lat' dir='ltr'>solebant,</span> <span class='ocrx_word' id='word_1_326' title='bbox 586 4527 620 4581; x_wconf 90' lang='lat' dir='ltr'>et</span> <span class='ocrx_word' id='word_1_327' title='bbox 634 4535 714 4582; x_wconf 91' lang='lat' dir='ltr'>eam</span> <span class='ocrx_word' id='word_1_328' title='bbox 728 4519 967 4582; x_wconf 89' lang='lat' dir='ltr'>reverentiam</span> <span class='ocrx_word' id='word_1_329' title='bbox 987 4519 1143 4582; x_wconf 85' lang='lat' dir='ltr'>exterius</span> <span class='ocrx_word' id='word_1_330' title='bbox 1159 4517 1385 4595; x_wconf 88' lang='lat' dir='ltr'>exhibebant,</span> <span class='ocrx_word' id='word_1_331' title='bbox 1402 4531 1494 4596; x_wconf 89' lang='lat' dir='ltr'>quae</span> 
     </span>
    </p>
   </div>
   <div class='ocr_carea' id='block_1_3' title="bbox 309 4758 676 4815">
    <p class='ocr_par' dir='ltr' id='par_1_5' title="bbox 309 4758 676 4815">
     <span class='ocr_line' id='line_1_39' title="bbox 309 4758 676 4815; baseline 0.005 -13"><span class='ocrx_word' id='word_1_332' title='bbox 309 4758 318 4791; x_wconf 83' lang='lat'>¹</span> <span class='ocrx_word' id='word_1_333' title='bbox 347 4758 441 4814; x_wconf 77' lang='lat' dir='ltr'>Supra,</span> <span class='ocrx_word' id='word_1_334' title='bbox 451 4771 512 4814; x_wconf 73' lang='lat' dir='ltr'>pag.</span> <span class='ocrx_word' id='word_1_335' title='bbox 521 4760 570 4815; x_wconf 66' lang='lat'>1⁶7,</span> <span class='ocrx_word' id='word_1_336' title='bbox 581 4771 606 4804; x_wconf 88' lang='lat' dir='ltr'>n.</span> <span class='ocrx_word' id='word_1_337' title='bbox 615 4760 676 4804; x_wconf 72' lang='lat'><strong>12⁶7.</strong></span> 
     </span>
    </p>
   </div>
   <div class='ocr_carea' id='block_1_4' title="bbox 0 0 1864 5400">
    <p class='ocr_par' dir='ltr' id='par_1_6' title="bbox 0 0 1864 5400">
     <span class='ocr_line' id='line_1_40' title="bbox 0 0 1864 5400; baseline 0 0"><span class='ocrx_word' id='word_1_338' title='bbox 0 0 1864 5400; x_wconf 95' lang='lat' dir='ltr'> </span> 
     </span>
    </p>
   </div>
  </div>
 </body>
</html>
