<?xml version="1.0" encoding="UTF-8"?>
<!DOCTYPE html PUBLIC "-//W3C//DTD XHTML 1.0 Transitional//EN"
    "http://www.w3.org/TR/xhtml1/DTD/xhtml1-transitional.dtd">
<html xmlns="http://www.w3.org/1999/xhtml" xml:lang="en" lang="en">
 <head>
  <title>
</title>
<meta http-equiv="Content-Type" content="text/html;charset=utf-8" />
  <meta name='ocr-system' content='tesseract 3.04.00' />
  <meta name='ocr-capabilities' content='ocr_page ocr_carea ocr_par ocr_line ocrx_word'/>
</head>
<body>
  <div class='ocr_page' id='page_1' title='image "./vitaignatiiloio01polagoog_0181.png"; bbox 0 0 3717 5400; ppageno 0'>
   <div class='ocr_carea' id='block_1_1' title="bbox 806 488 1503 552">
    <p class='ocr_par' dir='ltr' id='par_1_1' title="bbox 806 488 1503 552">
     <span class='ocr_line' id='line_1_1' title="bbox 806 488 1503 552; baseline 0.009 -7"><span class='ocrx_word' id='word_1_1' title='bbox 806 488 870 546; x_wconf 78' lang='grc' dir='ltr'>ΑΝ.</span> <span class='ocrx_word' id='word_1_2' title='bbox 893 488 964 548; x_wconf 78' lang='grc'><strong>1555</strong></span> <span class='ocrx_word' id='word_1_3' title='bbox 1447 495 1503 552; x_wconf 87' lang='grc'>175</span> 
     </span>
    </p>
   </div>
   <div class='ocr_carea' id='block_1_2' title="bbox 266 631 1506 3924">
    <p class='ocr_par' dir='ltr' id='par_1_2' title="bbox 266 631 1505 1892">
     <span class='ocr_line' id='line_1_2' title="bbox 267 631 1498 715; baseline 0.006 -19"><span class='ocrx_word' id='word_1_4' title='bbox 267 634 404 696; x_wconf 91' lang='lat' dir='ltr'>meroni</span> <span class='ocrx_word' id='word_1_5' title='bbox 420 631 647 712; x_wconf 78' lang='lat' dir='ltr'>significavit3</span> <span class='ocrx_word' id='word_1_6' title='bbox 663 635 745 712; x_wconf 89' lang='lat' dir='ltr'>quia</span> <span class='ocrx_word' id='word_1_7' title='bbox 761 645 882 697; x_wconf 90' lang='lat' dir='ltr'>tamen</span> <span class='ocrx_word' id='word_1_8' title='bbox 895 636 1106 715; x_wconf 86' lang='lat' dir='ltr'>propensior</span> <span class='ocrx_word' id='word_1_9' title='bbox 1122 647 1198 700; x_wconf 88' lang='lat' dir='ltr'>erat</span> <span class='ocrx_word' id='word_1_10' title='bbox 1219 638 1265 700; x_wconf 94' lang='lat' dir='ltr'>ad</span> <span class='ocrx_word' id='word_1_11' title='bbox 1285 639 1498 703; x_wconf 88' lang='lat' dir='ltr'>concionan-</span> 
     </span>
     <span class='ocr_line' id='line_1_3' title="bbox 268 738 1504 820; baseline 0.006 -18"><span class='ocrx_word' id='word_1_12' title='bbox 268 739 352 804; x_wconf 90' lang='lat' dir='ltr'>dum</span> <span class='ocrx_word' id='word_1_13' title='bbox 368 740 404 804; x_wconf 91' lang='lat' dir='ltr'>in</span> <span class='ocrx_word' id='word_1_14' title='bbox 420 741 551 820; x_wconf 90' lang='lat' dir='ltr'>templo</span> <span class='ocrx_word' id='word_1_15' title='bbox 565 738 626 803; x_wconf 72' lang='lat' dir='ltr'>§.ti</span> <span class='ocrx_word' id='word_1_16' title='bbox 642 739 802 820; x_wconf 84' lang='lat' dir='ltr'>Georgii,</span> <span class='ocrx_word' id='word_1_17' title='bbox 818 741 987 806; x_wconf 89' lang='lat' dir='ltr'>Vicarius</span> <span class='ocrx_word' id='word_1_18' title='bbox 1002 759 1087 806; x_wconf 89' lang='lat' dir='ltr'>usus</span> <span class='ocrx_word' id='word_1_19' title='bbox 1098 753 1151 808; x_wconf 90' lang='lat' dir='ltr'>est</span> <span class='ocrx_word' id='word_1_20' title='bbox 1163 746 1375 808; x_wconf 87' lang='lat' dir='ltr'>auctoritate</span> <span class='ocrx_word' id='word_1_21' title='bbox 1387 763 1451 810; x_wconf 91' lang='lat' dir='ltr'>sua</span> <span class='ocrx_word' id='word_1_22' title='bbox 1464 755 1504 810; x_wconf 76' lang='lat' dir='ltr'>et.</span> 
     </span>
     <span class='ocr_line' id='line_1_4' title="bbox 267 846 1499 930; baseline 0.005 -20"><span class='ocrx_word' id='word_1_23' title='bbox 267 846 450 911; x_wconf 84' lang='lat' dir='ltr'>interdixit</span> <span class='ocrx_word' id='word_1_24' title='bbox 464 847 497 910; x_wconf 92' lang='lat' dir='ltr'>ei</span> <span class='ocrx_word' id='word_1_25' title='bbox 511 865 556 910; x_wconf 92' lang='lat' dir='ltr'>ne</span> <span class='ocrx_word' id='word_1_26' title='bbox 570 848 607 911; x_wconf 93' lang='lat' dir='ltr'>in</span> <span class='ocrx_word' id='word_1_27' title='bbox 623 848 819 928; x_wconf 86' lang='lat' dir='ltr'>parochiali</span> <span class='ocrx_word' id='word_1_28' title='bbox 833 849 986 914; x_wconf 88' lang='lat' dir='ltr'>ecclesia</span> <span class='ocrx_word' id='word_1_29' title='bbox 1000 850 1059 914; x_wconf 89' lang='lat' dir='ltr'>illa</span> <span class='ocrx_word' id='word_1_30' title='bbox 1071 851 1305 930; x_wconf 85' lang='lat' dir='ltr'>praedicaret,</span> <span class='ocrx_word' id='word_1_31' title='bbox 1324 862 1360 916; x_wconf 89' lang='lat' dir='ltr'>ut</span> <span class='ocrx_word' id='word_1_32' title='bbox 1375 853 1412 916; x_wconf 93' lang='lat' dir='ltr'>in</span> <span class='ocrx_word' id='word_1_33' title='bbox 1433 853 1499 918; x_wconf 91' lang='lat' dir='ltr'>Ca·</span> 
     </span>
     <span class='ocr_line' id='line_1_5' title="bbox 267 953 1502 1040; baseline 0.005 -23"><span class='ocrx_word' id='word_1_34' title='bbox 267 954 422 1019; x_wconf 88' lang='lat' dir='ltr'>thedrali</span> <span class='ocrx_word' id='word_1_35' title='bbox 436 955 561 1018; x_wconf 90' lang='lat' dir='ltr'>eodem</span> <span class='ocrx_word' id='word_1_36' title='bbox 574 953 688 1018; x_wconf 89' lang='lat' dir='ltr'>officio</span> <span class='ocrx_word' id='word_1_37' title='bbox 704 953 923 1034; x_wconf 85' lang='lat' dir='ltr'>iungeretur.</span> <span class='ocrx_word' id='word_1_38' title='bbox 941 956 1027 1020; x_wconf 83' lang='lat' dir='ltr'>Erat</span> <span class='ocrx_word' id='word_1_39' title='bbox 1042 966 1126 1020; x_wconf 89' lang='lat' dir='ltr'>tunc</span> <span class='ocrx_word' id='word_1_40' title='bbox 1141 957 1309 1022; x_wconf 91' lang='lat' dir='ltr'>Vicarius</span> <span class='ocrx_word' id='word_1_41' title='bbox 1321 959 1365 1022; x_wconf 91' lang='lat' dir='ltr'>D.</span> <span class='ocrx_word' id='word_1_42' title='bbox 1380 957 1502 1040; x_wconf 88' lang='lat' dir='ltr'>Scipio</span> 
     </span>
     <span class='ocr_line' id='line_1_6' title="bbox 267 1061 1503 1145; baseline 0.005 -20"><span class='ocrx_word' id='word_1_43' title='bbox 267 1061 415 1140; x_wconf 88' lang='lat' dir='ltr'>Rebiha,</span> <span class='ocrx_word' id='word_1_44' title='bbox 431 1062 631 1142; x_wconf 89' lang='lat' dir='ltr'>Episcopus</span> <span class='ocrx_word' id='word_1_45' title='bbox 646 1062 864 1142; x_wconf 89' lang='lat' dir='ltr'>Motulensis,</span> <span class='ocrx_word' id='word_1_46' title='bbox 886 1073 1012 1144; x_wconf 91' lang='lat' dir='ltr'>postea</span> <span class='ocrx_word' id='word_1_47' title='bbox 1032 1061 1162 1145; x_wconf 84' lang='lat' dir='ltr'>[Urbis]</span> <span class='ocrx_word' id='word_1_48' title='bbox 1183 1065 1408 1130; x_wconf 80' lang='lat' dir='ltr'>Gubernator</span> <span class='ocrx_word' id='word_1_49' title='bbox 1432 1066 1440 1098; x_wconf 89' lang='lat'><strong>¹</strong></span> <span class='ocrx_word' id='word_1_50' title='bbox 1464 1076 1503 1132; x_wconf 89' lang='lat' dir='ltr'>et</span> 
     </span>
     <span class='ocr_line' id='line_1_7' title="bbox 269 1167 1498 1254; baseline 0.005 -22"><span class='ocrx_word' id='word_1_51' title='bbox 269 1167 470 1232; x_wconf 87' lang='lat' dir='ltr'>Cardinalis</span> <span class='ocrx_word' id='word_1_52' title='bbox 485 1167 636 1232; x_wconf 87' lang='lat' dir='ltr'>Pisanus</span> <span class='ocrx_word' id='word_1_53' title='bbox 650 1167 766 1232; x_wconf 87' lang='lat' dir='ltr'>factus</span> <span class='ocrx_word' id='word_1_54' title='bbox 781 1168 805 1228; x_wconf 78' lang='lat'>³.</span> <span class='ocrx_word' id='word_1_55' title='bbox 820 1169 854 1232; x_wconf 93' lang='lat' dir='ltr'>Is</span> <span class='ocrx_word' id='word_1_56' title='bbox 868 1170 1011 1250; x_wconf 84' lang='lat' dir='ltr'>scripsit</span> <span class='ocrx_word' id='word_1_57' title='bbox 1027 1170 1125 1234; x_wconf 88' lang='lat' dir='ltr'>Patri</span> <span class='ocrx_word' id='word_1_58' title='bbox 1139 1171 1277 1252; x_wconf 86' lang='lat' dir='ltr'>ignatio</span> <span class='ocrx_word' id='word_1_59' title='bbox 1293 1190 1342 1250; x_wconf 87' lang='lat' dir='ltr'>se,</span> <span class='ocrx_word' id='word_1_60' title='bbox 1362 1182 1498 1254; x_wconf 91' lang='lat' dir='ltr'>tempo·</span> 
     </span>
     <span class='ocr_line' id='line_1_8' title="bbox 267 1277 1503 1361; baseline 0.006 -22"><span class='ocrx_word' id='word_1_61' title='bbox 267 1277 319 1339; x_wconf 86' lang='lat' dir='ltr'>ris</span> <span class='ocrx_word' id='word_1_62' title='bbox 333 1277 509 1357; x_wconf 85' lang='lat' dir='ltr'>augustiis</span> <span class='ocrx_word' id='word_1_63' title='bbox 523 1277 706 1340; x_wconf 86' lang='lat' dir='ltr'>exclusum</span> <span class='ocrx_word' id='word_1_64' title='bbox 721 1295 765 1339; x_wconf 89' lang='lat' dir='ltr'>ne</span> <span class='ocrx_word' id='word_1_65' title='bbox 784 1294 994 1358; x_wconf 90' lang='lat' dir='ltr'>responsum</span> <span class='ocrx_word' id='word_1_66' title='bbox 1016 1297 1061 1342; x_wconf 83' lang='lat' dir='ltr'>ex</span> <span class='ocrx_word' id='word_1_67' title='bbox 1079 1279 1174 1344; x_wconf 88' lang='lat' dir='ltr'>Urbe</span> <span class='ocrx_word' id='word_1_68' title='bbox 1193 1291 1313 1360; x_wconf 89' lang='lat' dir='ltr'>posset</span> <span class='ocrx_word' id='word_1_69' title='bbox 1332 1293 1503 1361; x_wconf 86' lang='lat' dir='ltr'>expecta·-</span> 
     </span>
     <span class='ocr_line' id='line_1_9' title="bbox 266 1384 1500 1470; baseline 0.005 -24"><span class='ocrx_word' id='word_1_70' title='bbox 266 1402 317 1462; x_wconf 87' lang='lat' dir='ltr'>re,</span> <span class='ocrx_word' id='word_1_71' title='bbox 340 1384 567 1448; x_wconf 83' lang='lat' dir='ltr'>interdixisse</span> <span class='ocrx_word' id='word_1_72' title='bbox 592 1384 803 1447; x_wconf 88' lang='lat' dir='ltr'>concionem</span> <span class='ocrx_word' id='word_1_73' title='bbox 822 1385 919 1448; x_wconf 87' lang='lat' dir='ltr'>illam</span> <span class='ocrx_word' id='word_1_74' title='bbox 939 1385 1036 1450; x_wconf 88' lang='lat' dir='ltr'>Patri</span> <span class='ocrx_word' id='word_1_75' title='bbox 1057 1385 1253 1450; x_wconf 87' lang='lat' dir='ltr'>Salmeroni</span> <span class='ocrx_word' id='word_1_76' title='bbox 1271 1388 1308 1451; x_wconf 93' lang='lat' dir='ltr'>in</span> <span class='ocrx_word' id='word_1_77' title='bbox 1328 1389 1500 1470; x_wconf 91' lang='lat' dir='ltr'>parochia</span> 
     </span>
     <span class='ocr_line' id='line_1_10' title="bbox 266 1491 1498 1574; baseline 0.004 -19"><span class='ocrx_word' id='word_1_78' title='bbox 266 1491 461 1572; x_wconf 88' lang='lat' dir='ltr'>praedicta,</span> <span class='ocrx_word' id='word_1_79' title='bbox 479 1501 516 1555; x_wconf 94' lang='lat' dir='ltr'>ut</span> <span class='ocrx_word' id='word_1_80' title='bbox 530 1491 567 1554; x_wconf 92' lang='lat' dir='ltr'>in</span> <span class='ocrx_word' id='word_1_81' title='bbox 582 1507 720 1553; x_wconf 87' lang='lat' dir='ltr'>summo</span> <span class='ocrx_word' id='word_1_82' title='bbox 735 1493 866 1571; x_wconf 86' lang='lat' dir='ltr'>templo</span> <span class='ocrx_word' id='word_1_83' title='bbox 885 1493 1169 1572; x_wconf 86' lang='lat' dir='ltr'>concionaretur,</span> <span class='ocrx_word' id='word_1_84' title='bbox 1186 1511 1334 1574; x_wconf 90' lang='lat' dir='ltr'>sperans</span> <span class='ocrx_word' id='word_1_85' title='bbox 1353 1493 1498 1561; x_wconf 90' lang='lat' dir='ltr'>Patrem</span> 
     </span>
     <span class='ocr_line' id='line_1_11' title="bbox 267 1598 1498 1682; baseline 0.003 -20"><span class='ocrx_word' id='word_1_86' title='bbox 267 1599 446 1677; x_wconf 84' lang='lat' dir='ltr'>ignatium</span> <span class='ocrx_word' id='word_1_87' title='bbox 460 1598 544 1661; x_wconf 93' lang='lat' dir='ltr'>boni</span> <span class='ocrx_word' id='word_1_88' title='bbox 558 1600 813 1676; x_wconf 87' lang='lat' dir='ltr'>consulturum;</span> <span class='ocrx_word' id='word_1_89' title='bbox 830 1616 914 1662; x_wconf 89' lang='lat' dir='ltr'>nam</span> <span class='ocrx_word' id='word_1_90' title='bbox 929 1599 1157 1664; x_wconf 85' lang='lat' dir='ltr'>admirationi</span> <span class='ocrx_word' id='word_1_91' title='bbox 1171 1600 1295 1664; x_wconf 84' lang='lat' dir='ltr'>fuisset</span> <span class='ocrx_word' id='word_1_92' title='bbox 1316 1603 1445 1682; x_wconf 89' lang='lat' dir='ltr'>populo</span> <span class='ocrx_word' id='word_1_93' title='bbox 1465 1603 1498 1666; x_wconf 91' lang='lat' dir='ltr'>si</span> 
     </span>
     <span class='ocr_line' id='line_1_12' title="bbox 268 1705 1505 1783; baseline 0.004 -15"><span class='ocrx_word' id='word_1_94' title='bbox 268 1705 376 1768; x_wconf 88' lang='lat' dir='ltr'>alium</span> <span class='ocrx_word' id='word_1_95' title='bbox 391 1706 678 1769; x_wconf 86' lang='lat' dir='ltr'>concionatorem</span> <span class='ocrx_word' id='word_1_96' title='bbox 694 1723 765 1769; x_wconf 92' lang='lat' dir='ltr'>non</span> <span class='ocrx_word' id='word_1_97' title='bbox 780 1715 983 1783; x_wconf 87' lang='lat' dir='ltr'>vocassent,</span> <span class='ocrx_word' id='word_1_98' title='bbox 1000 1707 1032 1770; x_wconf 89' lang='lat' dir='ltr'>si</span> <span class='ocrx_word' id='word_1_99' title='bbox 1046 1705 1085 1771; x_wconf 89' lang='lat' dir='ltr'>P.</span> <span class='ocrx_word' id='word_1_100' title='bbox 1101 1705 1286 1770; x_wconf 88' lang='lat' dir='ltr'>Salmeron</span> <span class='ocrx_word' id='word_1_101' title='bbox 1301 1709 1369 1772; x_wconf 90' lang='lat' dir='ltr'>hoc</span> <span class='ocrx_word' id='word_1_102' title='bbox 1384 1709 1505 1774; x_wconf 87' lang='lat' dir='ltr'>officio</span> 
     </span>
     <span class='ocr_line' id='line_1_13' title="bbox 269 1809 601 1892; baseline -0.009 -17"><span class='ocrx_word' id='word_1_103' title='bbox 269 1829 342 1875; x_wconf 92' lang='lat' dir='ltr'>non</span> <span class='ocrx_word' id='word_1_104' title='bbox 355 1812 564 1892; x_wconf 83' lang='lat' dir='ltr'>fungeretur</span> <span class='ocrx_word' id='word_1_105' title='bbox 578 1809 601 1871; x_wconf 81' lang='lat'>³.</span> 
     </span>
    </p>

    <p class='ocr_par' dir='ltr' id='par_1_3' title="bbox 267 1918 1503 2857">
     <span class='ocr_line' id='line_1_14' title="bbox 328 1918 1502 2000; baseline 0.003 -18"><span class='ocrx_word' id='word_1_106' title='bbox 328 1918 398 1982; x_wconf 91' lang='grc'><strong>504.</strong></span> <span class='ocrx_word' id='word_1_107' title='bbox 443 1919 591 1983; x_wconf 87' lang='lat' dir='ltr'>Curavit</span> <span class='ocrx_word' id='word_1_108' title='bbox 617 1919 724 1982; x_wconf 91' lang='lat' dir='ltr'>etiam</span> <span class='ocrx_word' id='word_1_109' title='bbox 752 1919 913 1998; x_wconf 87' lang='lat' dir='ltr'>Pro-rex,</span> <span class='ocrx_word' id='word_1_110' title='bbox 938 1919 1139 1984; x_wconf 89' lang='lat' dir='ltr'>Cardinalis</span> <span class='ocrx_word' id='word_1_111' title='bbox 1161 1920 1357 1985; x_wconf 91' lang='lat' dir='ltr'>Paciechus</span> <span class='ocrx_word' id='word_1_112' title='bbox 1379 1919 1401 2000; x_wconf 76' lang='lat'>⁴,</span> <span class='ocrx_word' id='word_1_113' title='bbox 1431 1923 1502 1986; x_wconf 90' lang='lat' dir='ltr'>hoc</span> 
     </span>
     <span class='ocr_line' id='line_1_15' title="bbox 273 2026 1503 2107; baseline 0.002 -17"><span class='ocrx_word' id='word_1_114' title='bbox 273 2029 388 2107; x_wconf 89' lang='lat' dir='ltr'>ipsum</span> <span class='ocrx_word' id='word_1_115' title='bbox 402 2027 451 2088; x_wconf 94' lang='lat' dir='ltr'>illi</span> <span class='ocrx_word' id='word_1_116' title='bbox 466 2026 667 2106; x_wconf 85' lang='lat' dir='ltr'>injungere;</span> <span class='ocrx_word' id='word_1_117' title='bbox 684 2027 783 2089; x_wconf 89' lang='lat' dir='ltr'>etita</span> <span class='ocrx_word' id='word_1_118' title='bbox 799 2028 876 2107; x_wconf 91' lang='lat' dir='ltr'>ipso</span> <span class='ocrx_word' id='word_1_119' title='bbox 891 2027 947 2090; x_wconf 87' lang='lat' dir='ltr'>die</span> <span class='ocrx_word' id='word_1_120' title='bbox 963 2028 1121 2090; x_wconf 89' lang='lat' dir='ltr'>cinerum</span> <span class='ocrx_word' id='word_1_121' title='bbox 1137 2044 1217 2092; x_wconf 89' lang='lat' dir='ltr'>cum</span> <span class='ocrx_word' id='word_1_122' title='bbox 1232 2044 1420 2091; x_wconf 91' lang='lat' dir='ltr'>numeroso</span> <span class='ocrx_word' id='word_1_123' title='bbox 1442 2029 1503 2093; x_wconf 90' lang='lat' dir='ltr'>ad-</span> 
     </span>
     <span class='ocr_line' id='line_1_16' title="bbox 273 2133 1501 2213; baseline 0.003 -17"><span class='ocrx_word' id='word_1_124' title='bbox 273 2134 417 2197; x_wconf 90' lang='lat' dir='ltr'>modum</span> <span class='ocrx_word' id='word_1_125' title='bbox 442 2134 618 2196; x_wconf 91' lang='lat' dir='ltr'>auditorio</span> <span class='ocrx_word' id='word_1_126' title='bbox 644 2133 948 2213; x_wconf 84' lang='lat' dir='ltr'>Quadragesimae</span> <span class='ocrx_word' id='word_1_127' title='bbox 973 2135 1162 2198; x_wconf 89' lang='lat' dir='ltr'>conciones</span> <span class='ocrx_word' id='word_1_128' title='bbox 1187 2135 1380 2212; x_wconf 83' lang='lat' dir='ltr'>inchoavit,</span> <span class='ocrx_word' id='word_1_129' title='bbox 1407 2137 1501 2200; x_wconf 89' lang='lat' dir='ltr'>sicut</span> 
     </span>
     <span class='ocr_line' id='line_1_17' title="bbox 271 2240 1501 2323; baseline 0.002 -19"><span class='ocrx_word' id='word_1_130' title='bbox 271 2241 409 2304; x_wconf 91' lang='lat' dir='ltr'>duobus</span> <span class='ocrx_word' id='word_1_131' title='bbox 423 2240 717 2320; x_wconf 88' lang='lat' dir='ltr'>praecedentibus</span> <span class='ocrx_word' id='word_1_132' title='bbox 732 2241 836 2304; x_wconf 93' lang='lat' dir='ltr'>annis</span> <span class='ocrx_word' id='word_1_133' title='bbox 849 2242 886 2304; x_wconf 92' lang='lat' dir='ltr'>in</span> <span class='ocrx_word' id='word_1_134' title='bbox 900 2242 1025 2304; x_wconf 91' lang='lat' dir='ltr'>eadem</span> <span class='ocrx_word' id='word_1_135' title='bbox 1041 2241 1186 2306; x_wconf 88' lang='lat' dir='ltr'>civitate</span> <span class='ocrx_word' id='word_1_136' title='bbox 1205 2242 1349 2305; x_wconf 82' lang='lat' dir='ltr'>fecerat.</span> <span class='ocrx_word' id='word_1_137' title='bbox 1373 2241 1501 2323; x_wconf 90' lang='lat' dir='ltr'>Coepit</span> 
     </span>
     <span class='ocr_line' id='line_1_18' title="bbox 269 2347 1498 2428; baseline 0.003 -18"><span class='ocrx_word' id='word_1_138' title='bbox 269 2357 389 2411; x_wconf 91' lang='lat' dir='ltr'>autem</span> <span class='ocrx_word' id='word_1_139' title='bbox 403 2347 535 2412; x_wconf 87' lang='lat' dir='ltr'>Christi</span> <span class='ocrx_word' id='word_1_140' title='bbox 548 2349 739 2428; x_wconf 85' lang='lat' dir='ltr'>parabolas</span> <span class='ocrx_word' id='word_1_141' title='bbox 754 2349 946 2428; x_wconf 84' lang='lat' dir='ltr'>explicare,</span> <span class='ocrx_word' id='word_1_142' title='bbox 963 2357 997 2412; x_wconf 90' lang='lat' dir='ltr'>et</span> <span class='ocrx_word' id='word_1_143' title='bbox 1013 2357 1088 2412; x_wconf 91' lang='lat' dir='ltr'>tota</span> <span class='ocrx_word' id='word_1_144' title='bbox 1103 2347 1386 2428; x_wconf 85' lang='lat' dir='ltr'>Quadragesima</span> <span class='ocrx_word' id='word_1_145' title='bbox 1406 2350 1498 2414; x_wconf 89' lang='lat' dir='ltr'>hanc</span> 
     </span>
     <span class='ocr_line' id='line_1_19' title="bbox 268 2455 1501 2536; baseline 0.002 -18"><span class='ocrx_word' id='word_1_146' title='bbox 268 2455 441 2518; x_wconf 90' lang='lat' dir='ltr'>rationem</span> <span class='ocrx_word' id='word_1_147' title='bbox 452 2465 506 2518; x_wconf 90' lang='lat' dir='ltr'>est</span> <span class='ocrx_word' id='word_1_148' title='bbox 517 2464 766 2535; x_wconf 65' lang='lat' dir='ltr'>prosequutus</span> <span class='ocrx_word' id='word_1_149' title='bbox 780 2473 870 2535; x_wconf 89' lang='lat' dir='ltr'>quae</span> <span class='ocrx_word' id='word_1_150' title='bbox 881 2473 953 2518; x_wconf 91' lang='lat' dir='ltr'>non</span> <span class='ocrx_word' id='word_1_151' title='bbox 964 2473 1089 2536; x_wconf 89' lang='lat' dir='ltr'>parum</span> <span class='ocrx_word' id='word_1_152' title='bbox 1101 2456 1355 2519; x_wconf 88' lang='lat' dir='ltr'>consolationis</span> <span class='ocrx_word' id='word_1_153' title='bbox 1366 2456 1501 2520; x_wconf 91' lang='lat' dir='ltr'>audito·</span> 
     </span>
     <span class='ocr_line' id='line_1_20' title="bbox 267 2547 1500 2642; baseline 0.002 -18"><span class='ocrx_word' id='word_1_154' title='bbox 267 2561 366 2625; x_wconf 89' lang='lat' dir='ltr'>ribus</span> <span class='ocrx_word' id='word_1_155' title='bbox 376 2572 410 2625; x_wconf 86' lang='lat' dir='ltr'>et</span> <span class='ocrx_word' id='word_1_156' title='bbox 420 2562 524 2624; x_wconf 89' lang='lat' dir='ltr'>simul</span> <span class='ocrx_word' id='word_1_157' title='bbox 535 2562 746 2625; x_wconf 89' lang='lat' dir='ltr'>eruditionis</span> <span class='ocrx_word' id='word_1_158' title='bbox 757 2563 974 2640; x_wconf 88' lang='lat' dir='ltr'>praestabat.</span> <span class='ocrx_word' id='word_1_159' title='bbox 985 2563 1029 2626; x_wconf 90' lang='lat' dir='ltr'>Et</span> <span class='ocrx_word' id='word_1_160' title='bbox 1039 2547 1267 2642; x_wconf 62' lang='lat' dir='ltr'>adjuvit&#39;eurn</span> <span class='ocrx_word' id='word_1_161' title='bbox 1276 2561 1449 2627; x_wconf 88' lang='lat' dir='ltr'>Dominus</span> <span class='ocrx_word' id='word_1_162' title='bbox 1461 2573 1500 2627; x_wconf 93' lang='lat' dir='ltr'>ut</span> 
     </span>
     <span class='ocr_line' id='line_1_21' title="bbox 270 2668 1500 2751; baseline 0.002 -18"><span class='ocrx_word' id='word_1_163' title='bbox 270 2669 410 2749; x_wconf 81' lang='lat' dir='ltr'>integra</span> <span class='ocrx_word' id='word_1_164' title='bbox 422 2686 513 2732; x_wconf 89' lang='lat' dir='ltr'>voce</span> <span class='ocrx_word' id='word_1_165' title='bbox 525 2686 568 2732; x_wconf 90' lang='lat' dir='ltr'>ac</span> <span class='ocrx_word' id='word_1_166' title='bbox 578 2669 780 2734; x_wconf 86' lang='lat' dir='ltr'>valetudine</span> <span class='ocrx_word' id='word_1_167' title='bbox 791 2669 886 2733; x_wconf 92' lang='lat' dir='ltr'>hunc</span> <span class='ocrx_word' id='word_1_168' title='bbox 899 2670 1057 2735; x_wconf 91' lang='lat' dir='ltr'>laborem</span> <span class='ocrx_word' id='word_1_169' title='bbox 1068 2668 1412 2750; x_wconf 85' lang='lat' dir='ltr'>quadragesimalem</span> <span class='ocrx_word' id='word_1_170' title='bbox 1420 2687 1500 2751; x_wconf 88' lang='lat' dir='ltr'>pro·</span> 
     </span>
     <span class='ocr_line' id='line_1_22' title="bbox 271 2772 1396 2857; baseline 0 -19"><span class='ocrx_word' id='word_1_171' title='bbox 271 2785 489 2855; x_wconf 89' lang='lat' dir='ltr'>sequeretur,</span> <span class='ocrx_word' id='word_1_172' title='bbox 505 2793 609 2855; x_wconf 89' lang='lat' dir='ltr'>quem</span> <span class='ocrx_word' id='word_1_173' title='bbox 623 2775 759 2839; x_wconf 85' lang='lat' dir='ltr'>fructus</span> <span class='ocrx_word' id='word_1_174' title='bbox 774 2772 882 2839; x_wconf 87' lang='lat' dir='ltr'>etiarn</span> <span class='ocrx_word' id='word_1_175' title='bbox 897 2777 1063 2857; x_wconf 89' lang='lat' dir='ltr'>copiosus</span> <span class='ocrx_word' id='word_1_176' title='bbox 1078 2788 1132 2839; x_wconf 89' lang='lat' dir='ltr'>est</span> <span class='ocrx_word' id='word_1_177' title='bbox 1146 2786 1396 2857; x_wconf 90' lang='lat' dir='ltr'>consequutus.</span> 
     </span>
    </p>

    <p class='ocr_par' dir='ltr' id='par_1_4' title="bbox 269 2881 1506 3924">
     <span class='ocr_line' id='line_1_23' title="bbox 329 2881 1502 2963; baseline 0.003 -18"><span class='ocrx_word' id='word_1_178' title='bbox 329 2881 400 2945; x_wconf 88' lang='grc'><strong>505.</strong></span> <span class='ocrx_word' id='word_1_179' title='bbox 443 2882 538 2945; x_wconf 91' lang='lat' dir='ltr'>Ante</span> <span class='ocrx_word' id='word_1_180' title='bbox 553 2881 874 2961; x_wconf 85' lang='lat' dir='ltr'>Quadragesimam</span> <span class='ocrx_word' id='word_1_181' title='bbox 888 2884 1085 2947; x_wconf 86' lang='lat' dir='ltr'>accersitus</span> <span class='ocrx_word' id='word_1_182' title='bbox 1099 2883 1164 2947; x_wconf 86' lang='lat' dir='ltr'>suit</span> <span class='ocrx_word' id='word_1_183' title='bbox 1180 2901 1201 2946; x_wconf 92' lang='lat' dir='ltr'>a</span> <span class='ocrx_word' id='word_1_184' title='bbox 1216 2883 1399 2963; x_wconf 83' lang='lat' dir='ltr'>Pro-rege,</span> <span class='ocrx_word' id='word_1_185' title='bbox 1416 2884 1502 2949; x_wconf 89' lang='lat' dir='ltr'>Car·</span> 
     </span>
     <span class='ocr_line' id='line_1_24' title="bbox 274 2987 1502 3070; baseline 0.003 -19"><span class='ocrx_word' id='word_1_186' title='bbox 274 2989 394 3067; x_wconf 88' lang='lat' dir='ltr'>dinali,</span> <span class='ocrx_word' id='word_1_187' title='bbox 414 2989 474 3068; x_wconf 91' lang='lat' dir='ltr'>qui</span> <span class='ocrx_word' id='word_1_188' title='bbox 488 2989 686 3069; x_wconf 84' lang='lat' dir='ltr'>Episcopus</span> <span class='ocrx_word' id='word_1_189' title='bbox 701 2999 778 3052; x_wconf 90' lang='lat' dir='ltr'>erat</span> <span class='ocrx_word' id='word_1_190' title='bbox 793 2987 1004 3070; x_wconf 84' lang='lat' dir='ltr'>Siguntinus</span> <span class='ocrx_word' id='word_1_191' title='bbox 1026 2988 1048 3068; x_wconf 81' lang='lat'>⁵,</span> <span class='ocrx_word' id='word_1_192' title='bbox 1071 2992 1130 3070; x_wconf 91' lang='lat' dir='ltr'>qui</span> <span class='ocrx_word' id='word_1_193' title='bbox 1152 2990 1184 3053; x_wconf 88' lang='lat' dir='ltr'>ei</span> <span class='ocrx_word' id='word_1_194' title='bbox 1205 2990 1420 3069; x_wconf 76' lang='lat' dir='ltr'>significavit</span> <span class='ocrx_word' id='word_1_195' title='bbox 1440 2990 1502 3055; x_wconf 89' lang='lat' dir='ltr'>So·</span> 
     </span>
     <span class='ocr_line' id='line_1_25' title="bbox 271 3096 1501 3178; baseline 0.002 -19"><span class='ocrx_word' id='word_1_196' title='bbox 271 3096 411 3159; x_wconf 89' lang='lat' dir='ltr'>cietatis</span> <span class='ocrx_word' id='word_1_197' title='bbox 433 3114 578 3175; x_wconf 89' lang='lat' dir='ltr'>operam</span> <span class='ocrx_word' id='word_1_198' title='bbox 600 3097 660 3159; x_wconf 90' lang='lat' dir='ltr'>illa</span> <span class='ocrx_word' id='word_1_199' title='bbox 683 3097 887 3160; x_wconf 89' lang='lat' dir='ltr'>incivitate</span> <span class='ocrx_word' id='word_1_200' title='bbox 909 3106 1055 3178; x_wconf 90' lang='lat' dir='ltr'>propter</span> <span class='ocrx_word' id='word_1_201' title='bbox 1076 3098 1316 3177; x_wconf 85' lang='lat' dir='ltr'>ignorantiam</span> <span class='ocrx_word' id='word_1_202' title='bbox 1335 3098 1501 3162; x_wconf 89' lang='lat' dir='ltr'>sacerdo·</span> 
     </span>
     <span class='ocr_line' id='line_1_26' title="bbox 271 3199 1506 3283; baseline 0.002 -19"><span class='ocrx_word' id='word_1_203' title='bbox 271 3212 347 3265; x_wconf 91' lang='lat' dir='ltr'>tum</span> <span class='ocrx_word' id='word_1_204' title='bbox 360 3199 372 3233; x_wconf 83' lang='lat'>⁸</span> <span class='ocrx_word' id='word_1_205' title='bbox 386 3202 491 3265; x_wconf 87' lang='lat' dir='ltr'>valde</span> <span class='ocrx_word' id='word_1_206' title='bbox 506 3220 584 3264; x_wconf 85' lang='lat' dir='ltr'>esse</span> <span class='ocrx_word' id='word_1_207' title='bbox 598 3203 850 3281; x_wconf 85' lang='lat' dir='ltr'>necessariam,</span> <span class='ocrx_word' id='word_1_208' title='bbox 867 3204 1031 3283; x_wconf 90' lang='lat' dir='ltr'>quodque</span> <span class='ocrx_word' id='word_1_209' title='bbox 1043 3204 1210 3267; x_wconf 85' lang='lat' dir='ltr'>Decauus</span> <span class='ocrx_word' id='word_1_210' title='bbox 1223 3204 1316 3267; x_wconf 90' lang='lat' dir='ltr'>illius</span> <span class='ocrx_word' id='word_1_211' title='bbox 1330 3204 1506 3268; x_wconf 90' lang='lat' dir='ltr'>ecclesiae-</span> 
     </span>
     <span class='ocr_line' id='line_1_27' title="bbox 273 3306 1501 3391; baseline 0.002 -19"><span class='ocrx_word' id='word_1_212' title='bbox 273 3308 469 3388; x_wconf 83' lang='lat' dir='ltr'>Collegium</span> <span class='ocrx_word' id='word_1_213' title='bbox 495 3318 638 3371; x_wconf 89' lang='lat' dir='ltr'>nostrae</span> <span class='ocrx_word' id='word_1_214' title='bbox 663 3306 851 3372; x_wconf 89' lang='lat' dir='ltr'>Societatis</span> <span class='ocrx_word' id='word_1_215' title='bbox 876 3310 1005 3373; x_wconf 89' lang='lat' dir='ltr'>ibidem</span> <span class='ocrx_word' id='word_1_216' title='bbox 1032 3311 1136 3373; x_wconf 89' lang='lat' dir='ltr'>vellet</span> <span class='ocrx_word' id='word_1_217' title='bbox 1161 3310 1310 3389; x_wconf 86' lang='lat' dir='ltr'>erigere,</span> <span class='ocrx_word' id='word_1_218' title='bbox 1338 3310 1501 3391; x_wconf 88' lang='lat' dir='ltr'>quodque</span> 
     </span>
     <span class='ocr_line' id='line_1_28' title="bbox 269 3416 1501 3497; baseline 0.003 -19"><span class='ocrx_word' id='word_1_219' title='bbox 269 3417 376 3479; x_wconf 89' lang='lat' dir='ltr'>vellet</span> <span class='ocrx_word' id='word_1_220' title='bbox 390 3416 465 3479; x_wconf 87' lang='lat' dir='ltr'>suis</span> <span class='ocrx_word' id='word_1_221' title='bbox 479 3416 605 3478; x_wconf 86' lang='lat' dir='ltr'>litteris</span> <span class='ocrx_word' id='word_1_222' title='bbox 620 3434 700 3479; x_wconf 88' lang='lat' dir='ltr'>eum</span> <span class='ocrx_word' id='word_1_223' title='bbox 714 3416 898 3480; x_wconf 86' lang='lat' dir='ltr'>exhortari</span> <span class='ocrx_word' id='word_1_224' title='bbox 913 3417 959 3479; x_wconf 90' lang='lat' dir='ltr'>ad</span> <span class='ocrx_word' id='word_1_225' title='bbox 979 3418 1076 3497; x_wconf 89' lang='lat' dir='ltr'>pium</span> <span class='ocrx_word' id='word_1_226' title='bbox 1094 3418 1163 3479; x_wconf 93' lang='lat' dir='ltr'>hoc</span> <span class='ocrx_word' id='word_1_227' title='bbox 1183 3419 1405 3497; x_wconf 90' lang='lat' dir='ltr'>propositum</span> <span class='ocrx_word' id='word_1_228' title='bbox 1419 3436 1501 3482; x_wconf 86' lang='lat' dir='ltr'>exe·</span> 
     </span>
     <span class='ocr_line' id='line_1_29' title="bbox 270 3521 1505 3604; baseline 0.003 -19"><span class='ocrx_word' id='word_1_229' title='bbox 270 3523 469 3603; x_wconf 87' lang='lat' dir='ltr'>quendum;</span> <span class='ocrx_word' id='word_1_230' title='bbox 485 3522 649 3603; x_wconf 90' lang='lat' dir='ltr'>quodque</span> <span class='ocrx_word' id='word_1_231' title='bbox 664 3522 709 3584; x_wconf 89' lang='lat' dir='ltr'>ad</span> <span class='ocrx_word' id='word_1_232' title='bbox 725 3521 923 3587; x_wconf 86' lang='lat' dir='ltr'>aedificium</span> <span class='ocrx_word' id='word_1_233' title='bbox 944 3524 1069 3586; x_wconf 90' lang='lat' dir='ltr'>domus</span> <span class='ocrx_word' id='word_1_234' title='bbox 1084 3525 1190 3587; x_wconf 89' lang='lat' dir='ltr'>vellet</span> <span class='ocrx_word' id='word_1_235' title='bbox 1209 3525 1358 3604; x_wconf 88' lang='lat' dir='ltr'>ipsemet</span> <span class='ocrx_word' id='word_1_236' title='bbox 1378 3526 1505 3589; x_wconf 73' lang='lat' dir='ltr'>Cardi-</span> 
     </span>
     <span class='ocr_line' id='line_1_30' title="bbox 269 3629 1500 3709; baseline 0.002 -16"><span class='ocrx_word' id='word_1_237' title='bbox 269 3630 360 3693; x_wconf 89' lang='lat' dir='ltr'>nalis</span> <span class='ocrx_word' id='word_1_238' title='bbox 377 3629 548 3693; x_wconf 84' lang='lat' dir='ltr'>auxilium</span> <span class='ocrx_word' id='word_1_239' title='bbox 564 3629 737 3707; x_wconf 85' lang='lat' dir='ltr'>conferre,</span> <span class='ocrx_word' id='word_1_240' title='bbox 755 3638 789 3692; x_wconf 86' lang='lat' dir='ltr'>et</span> <span class='ocrx_word' id='word_1_241' title='bbox 805 3630 942 3709; x_wconf 86' lang='lat' dir='ltr'>aliquos</span> <span class='ocrx_word' id='word_1_242' title='bbox 962 3631 1068 3693; x_wconf 90' lang='lat' dir='ltr'>etiam</span> <span class='ocrx_word' id='word_1_243' title='bbox 1088 3631 1222 3694; x_wconf 88' lang='lat' dir='ltr'>reditus</span> <span class='ocrx_word' id='word_1_244' title='bbox 1237 3632 1500 3695; x_wconf 91' lang='lat' dir='ltr'>ecclesiasticos</span> 
     </span>
     <span class='ocr_line' id='line_1_31' title="bbox 270 3736 1500 3816; baseline 0.002 -18"><span class='ocrx_word' id='word_1_245' title='bbox 270 3736 463 3816; x_wconf 84' lang='lat' dir='ltr'>applicare,</span> <span class='ocrx_word' id='word_1_246' title='bbox 481 3744 515 3798; x_wconf 92' lang='lat' dir='ltr'>et</span> <span class='ocrx_word' id='word_1_247' title='bbox 530 3754 573 3798; x_wconf 90' lang='lat' dir='ltr'>ea</span> <span class='ocrx_word' id='word_1_248' title='bbox 588 3736 631 3798; x_wconf 89' lang='lat' dir='ltr'>de</span> <span class='ocrx_word' id='word_1_249' title='bbox 647 3754 685 3798; x_wconf 92' lang='lat' dir='ltr'>re</span> <span class='ocrx_word' id='word_1_250' title='bbox 701 3737 791 3797; x_wconf 90' lang='lat' dir='ltr'>velle</span> <span class='ocrx_word' id='word_1_251' title='bbox 807 3754 845 3798; x_wconf 89' lang='lat' dir='ltr'>se</span> <span class='ocrx_word' id='word_1_252' title='bbox 860 3736 1016 3799; x_wconf 90' lang='lat' dir='ltr'>scribere</span> <span class='ocrx_word' id='word_1_253' title='bbox 1031 3737 1077 3800; x_wconf 93' lang='lat' dir='ltr'>ad</span> <span class='ocrx_word' id='word_1_254' title='bbox 1092 3736 1233 3801; x_wconf 89' lang='lat' dir='ltr'>Patrem</span> <span class='ocrx_word' id='word_1_255' title='bbox 1251 3737 1428 3816; x_wconf 85' lang='lat' dir='ltr'>ignatium</span> <span class='ocrx_word' id='word_1_256' title='bbox 1449 3739 1500 3802; x_wconf 95' lang='lat' dir='ltr'>di·</span> 
     </span>
     <span class='ocr_line' id='line_1_32' title="bbox 269 3842 1504 3924; baseline 0.002 -19"><span class='ocrx_word' id='word_1_257' title='bbox 269 3843 341 3919; x_wconf 82' lang='lat' dir='ltr'>xit;</span> <span class='ocrx_word' id='word_1_258' title='bbox 358 3842 451 3923; x_wconf 93' lang='lat' dir='ltr'>quod</span> <span class='ocrx_word' id='word_1_259' title='bbox 466 3852 500 3905; x_wconf 93' lang='lat' dir='ltr'>et</span> <span class='ocrx_word' id='word_1_260' title='bbox 516 3843 615 3922; x_wconf 90' lang='lat' dir='ltr'>lecit;</span> <span class='ocrx_word' id='word_1_261' title='bbox 632 3843 694 3906; x_wconf 89' lang='lat' dir='ltr'>sed</span> <span class='ocrx_word' id='word_1_262' title='bbox 709 3860 767 3905; x_wconf 90' lang='lat' dir='ltr'>res</span> <span class='ocrx_word' id='word_1_263' title='bbox 782 3860 825 3905; x_wconf 90' lang='lat' dir='ltr'>eo</span> <span class='ocrx_word' id='word_1_264' title='bbox 841 3854 1000 3924; x_wconf 90' lang='lat' dir='ltr'>tempore</span> <span class='ocrx_word' id='word_1_265' title='bbox 1016 3844 1061 3907; x_wconf 90' lang='lat' dir='ltr'>ad</span> <span class='ocrx_word' id='word_1_266' title='bbox 1081 3843 1244 3908; x_wconf 86' lang='lat' dir='ltr'>effectum</span> <span class='ocrx_word' id='word_1_267' title='bbox 1260 3844 1410 3907; x_wconf 84' lang='lat' dir='ltr'>deducta</span> <span class='ocrx_word' id='word_1_268' title='bbox 1430 3862 1504 3909; x_wconf 88' lang='lat' dir='ltr'>non</span> 
     </span>
    </p>
   </div>
   <div class='ocr_carea' id='block_1_3' title="bbox 267 4152 1506 4783">
    <p class='ocr_par' dir='ltr' id='par_1_5' title="bbox 311 4152 714 4205">
     <span class='ocr_line' id='line_1_33' title="bbox 311 4152 714 4205; baseline -0.005 -10"><span class='ocrx_word' id='word_1_269' title='bbox 311 4153 321 4185; x_wconf 88' lang='lat'>¹</span> <span class='ocrx_word' id='word_1_270' title='bbox 348 4152 416 4195; x_wconf 84' lang='lat' dir='ltr'>Vide</span> <span class='ocrx_word' id='word_1_271' title='bbox 426 4162 514 4204; x_wconf 83' lang='lat' dir='ltr'>supra,</span> <span class='ocrx_word' id='word_1_272' title='bbox 526 4163 586 4205; x_wconf 78' lang='lat' dir='ltr'>pag.</span> <span class='ocrx_word' id='word_1_273' title='bbox 600 4153 635 4204; x_wconf 79' lang='grc'>47,</span> <span class='ocrx_word' id='word_1_274' title='bbox 646 4164 670 4195; x_wconf 90' lang='lat' dir='ltr'>n.</span> <span class='ocrx_word' id='word_1_275' title='bbox 679 4153 714 4195; x_wconf 76' lang='grc'>91.</span> 
     </span>
    </p>

    <p class='ocr_par' dir='ltr' id='par_1_6' title="bbox 267 4224 1506 4341">
     <span class='ocr_line' id='line_1_34' title="bbox 306 4224 1506 4283; baseline 0.003 -14"><span class='ocrx_word' id='word_1_276' title='bbox 306 4227 318 4257; x_wconf 74' lang='lat'><strong>¹</strong></span> <span class='ocrx_word' id='word_1_277' title='bbox 344 4225 387 4269; x_wconf 81' lang='lat' dir='ltr'>Ad</span> <span class='ocrx_word' id='word_1_278' title='bbox 398 4224 594 4269; x_wconf 80' lang='lat' dir='ltr'>CurdInulatum</span> <span class='ocrx_word' id='word_1_279' title='bbox 605 4227 636 4269; x_wconf 79' lang='lat' dir='ltr'>tit</span> <span class='ocrx_word' id='word_1_280' title='bbox 655 4225 768 4269; x_wconf 84' lang='lat' dir='ltr'>Sanctae</span> <span class='ocrx_word' id='word_1_281' title='bbox 780 4226 957 4270; x_wconf 84' lang='lat' dir='ltr'>Pudentlanae</span> <span class='ocrx_word' id='word_1_282' title='bbox 969 4232 1100 4281; x_wconf 84' lang='lat' dir='ltr'>promotus</span> <span class='ocrx_word' id='word_1_283' title='bbox 1110 4235 1149 4271; x_wconf 85' lang='lat' dir='ltr'>est</span> <span class='ocrx_word' id='word_1_284' title='bbox 1161 4229 1206 4271; x_wconf 91' lang='lat' dir='ltr'>hoc</span> <span class='ocrx_word' id='word_1_285' title='bbox 1218 4229 1273 4283; x_wconf 85' lang='lat' dir='ltr'>ipso</span> <span class='ocrx_word' id='word_1_286' title='bbox 1284 4240 1350 4273; x_wconf 87' lang='lat' dir='ltr'>anno</span> <span class='ocrx_word' id='word_1_287' title='bbox 1363 4228 1506 4273; x_wconf 72' lang='grc'><strong>1555111125</strong></span> 
     </span>
     <span class='ocr_line' id='line_1_35' title="bbox 267 4297 433 4341; baseline -0.018 0"><span class='ocrx_word' id='word_1_288' title='bbox 267 4297 433 4341; x_wconf 78' lang='lat' dir='ltr'>Decembris.</span> 
     </span>
    </p>

    <p class='ocr_par' dir='ltr' id='par_1_7' title="bbox 309 4366 958 4423">
     <span class='ocr_line' id='line_1_36' title="bbox 309 4366 958 4423; baseline 0.002 -13"><span class='ocrx_word' id='word_1_289' title='bbox 309 4367 320 4396; x_wconf 72' lang='lat'><strong>³</strong></span> <span class='ocrx_word' id='word_1_290' title='bbox 347 4367 416 4411; x_wconf 85' lang='lat' dir='ltr'>Vide</span> <span class='ocrx_word' id='word_1_291' title='bbox 428 4366 524 4411; x_wconf 74' lang='lat' dir='ltr'>curtas</span> <span class='ocrx_word' id='word_1_292' title='bbox 534 4367 567 4410; x_wconf 83' lang='lat' dir='ltr'>de</span> <span class='ocrx_word' id='word_1_293' title='bbox 578 4366 633 4409; x_wconf 83' lang='lat' dir='ltr'>San</span> <span class='ocrx_word' id='word_1_294' title='bbox 643 4366 761 4420; x_wconf 66' lang='lat' dir='ltr'>lunatio,</span> <span class='ocrx_word' id='word_1_295' title='bbox 773 4376 790 4412; x_wconf 88' lang='lat' dir='ltr'>t.</span> <span class='ocrx_word' id='word_1_296' title='bbox 802 4378 826 4416; x_wconf 81' lang='lat' dir='ltr'>v,</span> <span class='ocrx_word' id='word_1_297' title='bbox 836 4382 896 4423; x_wconf 72' lang='lat' dir='ltr'>par.</span> <span class='ocrx_word' id='word_1_298' title='bbox 911 4370 958 4413; x_wconf 85' lang='lat' dir='ltr'>tto.</span> 
     </span>
    </p>

    <p class='ocr_par' dir='ltr' id='par_1_8' title="bbox 307 4428 961 4494">
     <span class='ocr_line' id='line_1_37' title="bbox 307 4428 961 4494; baseline 0.003 -13"><span class='ocrx_word' id='word_1_299' title='bbox 307 4440 320 4473; x_wconf 72' lang='lat'><strong>⁴</strong></span> <span class='ocrx_word' id='word_1_300' title='bbox 345 4439 413 4483; x_wconf 85' lang='lat' dir='ltr'>Vide</span> <span class='ocrx_word' id='word_1_301' title='bbox 421 4450 509 4494; x_wconf 80' lang='lat' dir='ltr'>supra.</span> <span class='ocrx_word' id='word_1_302' title='bbox 521 4444 539 4481; x_wconf 84' lang='lat' dir='ltr'>t.</span> <span class='ocrx_word' id='word_1_303' title='bbox 550 4450 585 4490; x_wconf 81' lang='lat' dir='ltr'>tv,</span> <span class='ocrx_word' id='word_1_304' title='bbox 596 4428 705 4492; x_wconf 55' lang='lat' dir='ltr'>pags32,</span> <span class='ocrx_word' id='word_1_305' title='bbox 717 4452 740 4482; x_wconf 89' lang='lat' dir='ltr'>n.</span> <span class='ocrx_word' id='word_1_306' title='bbox 752 4440 786 4487; x_wconf 76' lang='lat' dir='ltr'>ts.</span> <span class='ocrx_word' id='word_1_307' title='bbox 797 4448 822 4484; x_wconf 89' lang='lat' dir='ltr'>ct</span> <span class='ocrx_word' id='word_1_308' title='bbox 833 4450 923 4485; x_wconf 83' lang='lat' dir='ltr'>annot.</span> <span class='ocrx_word' id='word_1_309' title='bbox 938 4443 961 4485; x_wconf 87' lang='grc'><strong>5.</strong></span> 
     </span>
    </p>

    <p class='ocr_par' dir='ltr' id='par_1_9' title="bbox 308 4510 1438 4565">
     <span class='ocr_line' id='line_1_38' title="bbox 308 4510 1438 4565; baseline 0.008 -12"><span class='ocrx_word' id='word_1_310' title='bbox 308 4512 320 4543; x_wconf 74' lang='lat'><strong>³</strong></span> <span class='ocrx_word' id='word_1_311' title='bbox 348 4510 374 4554; x_wconf 86' lang='lat' dir='ltr'>ls</span> <span class='ocrx_word' id='word_1_312' title='bbox 384 4510 537 4554; x_wconf 85' lang='lat' dir='ltr'>Giennensis</span> <span class='ocrx_word' id='word_1_313' title='bbox 548 4510 688 4565; x_wconf 78' lang='lat' dir='ltr'>Episcopus</span> <span class='ocrx_word' id='word_1_314' title='bbox 698 4511 784 4554; x_wconf 83' lang='lat' dir='ltr'>iuerat</span> <span class='ocrx_word' id='word_1_315' title='bbox 795 4520 821 4554; x_wconf 88' lang='lat' dir='ltr'>et</span> <span class='ocrx_word' id='word_1_316' title='bbox 831 4513 856 4556; x_wconf 91' lang='lat' dir='ltr'>io</span> <span class='ocrx_word' id='word_1_317' title='bbox 868 4513 1032 4565; x_wconf 74' lang='lat' dir='ltr'>Siguntinnrn</span> <span class='ocrx_word' id='word_1_318' title='bbox 1043 4514 1129 4557; x_wconf 86' lang='lat' dir='ltr'>sedem</span> <span class='ocrx_word' id='word_1_319' title='bbox 1140 4525 1207 4557; x_wconf 87' lang='lat' dir='ltr'>anno</span> <span class='ocrx_word' id='word_1_320' title='bbox 1220 4516 1271 4559; x_wconf 75' lang='grc'><strong>1554</strong></span> <span class='ocrx_word' id='word_1_321' title='bbox 1282 4518 1438 4562; x_wconf 84' lang='lat' dir='ltr'>translatus.</span> 
     </span>
    </p>

    <p class='ocr_par' dir='ltr' id='par_1_10' title="bbox 268 4581 1505 4783">
     <span class='ocr_line' id='line_1_39' title="bbox 307 4581 1505 4643; baseline 0.008 -18"><span class='ocrx_word' id='word_1_322' title='bbox 307 4581 320 4613; x_wconf 71' lang='grc' dir='ltr'><strong>θ</strong></span> <span class='ocrx_word' id='word_1_323' title='bbox 347 4582 422 4626; x_wconf 81' lang='lat' dir='ltr'>Haud</span> <span class='ocrx_word' id='word_1_324' title='bbox 433 4588 519 4625; x_wconf 84' lang='lat' dir='ltr'>tamen</span> <span class='ocrx_word' id='word_1_325' title='bbox 530 4583 595 4625; x_wconf 85' lang='lat' dir='ltr'>haec</span> <span class='ocrx_word' id='word_1_326' title='bbox 606 4583 746 4625; x_wconf 84' lang='lat' dir='ltr'>cohaerent</span> <span class='ocrx_word' id='word_1_327' title='bbox 756 4594 814 4626; x_wconf 90' lang='lat' dir='ltr'>cum</span> <span class='ocrx_word' id='word_1_328' title='bbox 825 4584 864 4637; x_wconf 90' lang='lat' dir='ltr'>iis,</span> <span class='ocrx_word' id='word_1_329' title='bbox 875 4596 941 4639; x_wconf 86' lang='lat' dir='ltr'>quae</span> <span class='ocrx_word' id='word_1_330' title='bbox 953 4586 978 4629; x_wconf 91' lang='lat' dir='ltr'>S.</span> <span class='ocrx_word' id='word_1_331' title='bbox 997 4586 1152 4630; x_wconf 82' lang='lat' dir='ltr'>Franclscus</span> <span class='ocrx_word' id='word_1_332' title='bbox 1170 4586 1266 4639; x_wconf 79' lang='lat' dir='ltr'>Borgla</span> <span class='ocrx_word' id='word_1_333' title='bbox 1285 4586 1380 4631; x_wconf 81' lang='lat' dir='ltr'>Sancto</span> <span class='ocrx_word' id='word_1_334' title='bbox 1398 4588 1505 4643; x_wconf 61' lang='lat' dir='ltr'>lunatio</span> 
     </span>
     <span class='ocr_line' id='line_1_40' title="bbox 268 4653 1501 4715; baseline 0.002 -16"><span class='ocrx_word' id='word_1_335' title='bbox 268 4656 396 4699; x_wconf 81' lang='lat' dir='ltr'>narrabat</span> <span class='ocrx_word' id='word_1_336' title='bbox 407 4655 455 4697; x_wconf 85' lang='lat' dir='ltr'>hoc</span> <span class='ocrx_word' id='word_1_337' title='bbox 466 4655 521 4708; x_wconf 84' lang='lat' dir='ltr'>ipso</span> <span class='ocrx_word' id='word_1_338' title='bbox 531 4664 598 4697; x_wconf 88' lang='lat' dir='ltr'>anno</span> <span class='ocrx_word' id='word_1_339' title='bbox 611 4654 668 4705; x_wconf 82' lang='grc'><strong>1555,</strong></span> <span class='ocrx_word' id='word_1_340' title='bbox 679 4654 704 4696; x_wconf 86' lang='grc'>19</span> <span class='ocrx_word' id='word_1_341' title='bbox 714 4653 841 4707; x_wconf 84' lang='lat' dir='ltr'>Octobris,</span> <span class='ocrx_word' id='word_1_342' title='bbox 853 4666 882 4700; x_wconf 88' lang='lat' dir='ltr'>ut</span> <span class='ocrx_word' id='word_1_343' title='bbox 894 4656 982 4700; x_wconf 83' lang='lat' dir='ltr'>ridere</span> <span class='ocrx_word' id='word_1_344' title='bbox 993 4664 1033 4701; x_wconf 86' lang='lat' dir='ltr'>est</span> <span class='ocrx_word' id='word_1_345' title='bbox 1044 4658 1070 4701; x_wconf 91' lang='lat' dir='ltr'>ln</span> <span class='ocrx_word' id='word_1_346' title='bbox 1082 4656 1176 4701; x_wconf 78' lang='lat' dir='ltr'>Curras</span> <span class='ocrx_word' id='word_1_347' title='bbox 1192 4658 1224 4699; x_wconf 80' lang='lat' dir='ltr'>de</span> <span class='ocrx_word' id='word_1_348' title='bbox 1241 4658 1295 4701; x_wconf 84' lang='lat' dir='ltr'>San</span> <span class='ocrx_word' id='word_1_349' title='bbox 1311 4656 1430 4713; x_wconf 78' lang='lat' dir='ltr'>Ignocio,</span> <span class='ocrx_word' id='word_1_350' title='bbox 1445 4668 1463 4703; x_wconf 87' lang='lat' dir='ltr'>t.</span> <span class='ocrx_word' id='word_1_351' title='bbox 1476 4671 1501 4715; x_wconf 85' lang='lat' dir='ltr'>v,</span> 
     </span>
     <span class='ocr_line' id='line_1_41' title="bbox 269 4726 442 4783; baseline -0.006 -13"><span class='ocrx_word' id='word_1_352' title='bbox 269 4726 442 4783; x_wconf 49' lang='lat' dir='ltr'>pepulisti&amp;</span> 
     </span>
    </p>
   </div>
   <div class='ocr_carea' id='block_1_4' title="bbox 0 0 1864 5400">
    <p class='ocr_par' dir='ltr' id='par_1_11' title="bbox 0 0 1864 5400">
     <span class='ocr_line' id='line_1_42' title="bbox 0 0 1864 5400; baseline 0 1"><span class='ocrx_word' id='word_1_353' title='bbox 0 0 1864 5400; x_wconf 95' lang='lat' dir='ltr'> </span> 
     </span>
    </p>
   </div>
  </div>
 </body>
</html>
