3717 5400
338 443 394 505 718
799 442 927 505 ennon.
948 442 1024 505 Soc.
1045 444 1115 518 Jss.

341 608 449 673 quam
467 590 517 655 illi
536 589 730 669 audebunt,
751 590 829 654 sine
846 590 1120 669 magistratuum
1141 590 1322 671 facultate,
1344 609 1476 657 novam
1494 594 1575 657 reli·

339 696 484 778 gionem
508 698 700 779 suscipere;
726 694 790 761 sed
814 713 880 761 uec
906 696 1136 777 magistratus
1162 714 1242 767 eam
1267 698 1476 779 concedent,
1503 700 1575 764 nisi

339 804 418 871 Rex
432 805 615 869 consultus
629 803 665 867 id
680 803 923 886 approbasset.
937 802 981 867 Et
993 804 1084 868 duae
1099 805 1331 869 occurrebant
1343 806 1424 870 viae
1435 805 1473 871 P.
1487 806 1569 872 Mel-

341 912 467 992 chiori,
483 912 589 976 rebus
603 912 810 993 perspectis,
826 909 873 975 ad
886 926 1007 975 semen
1022 910 1211 991 Evangelii
1225 912 1261 975 in
1276 912 1494 993 amplissimo
1509 914 1574 978 illo

341 1036 430 1100 agro
444 1019 578 1084 sinensi
595 1017 760 1099 jaciendi.
782 1018 908 1082 Altera
926 1017 1104 1082 humanae
1123 1017 1318 1083 industriae
1340 1020 1572 1101 innitebatur,¹

339 1136 380 1191 ut
393 1127 528 1191 scilicet
541 1126 700 1207 Legatus
714 1124 853 1207 aliquis,
869 1125 1010 1189 nomine
1025 1123 1134 1205 Regis
1150 1122 1402 1207 Portugalliae,
1416 1128 1572 1193 mittere·
1684 1176 1688 1183 .

339 1245 410 1314 tur,
431 1243 469 1298 ut
489 1241 595 1314 pacta
612 1231 722 1312 Regis
747 1232 905 1296 sinerum
925 1248 1006 1296 cum
1026 1231 1188 1296 lusitanis
1208 1233 1365 1297 sanciret
1386 1243 1422 1297 et
1444 1234 1572 1299 confir·

339 1349 464 1421 maret,
481 1356 586 1422 quem
601 1339 710 1420 aliqui
724 1339 769 1403 de
783 1336 960 1404 Societate
974 1347 1099 1403 nostra
1114 1340 1381 1419 comitarentur,
1398 1350 1432 1405 et
1447 1340 1493 1406 ad
1503 1340 1570 1405 Re·

339 1465 421 1529 gem
449 1444 616 1512 Sinarum
643 1453 886 1527 penetrantes,
915 1446 975 1526 qui
1003 1446 1205 1526 quingentis
1233 1446 1345 1511 leucis
1373 1465 1394 1511 a
1423 1449 1574 1528 regione

339 1555 519 1621 maritima
533 1553 715 1632 Cantonis,
732 1553 769 1617 in
783 1552 1009 1617 interioribus
1024 1552 1126 1632 regni
1140 1552 1301 1633 partibus
1319 1552 1508 1633 residebat,
1533 1564 1572 1619 et

340 1662 385 1727 ab
400 1680 442 1725 eo
457 1668 592 1742 peteret
605 1659 812 1723 facultatem
822 1658 1053 1741 praedicandi
1063 1659 1179 1739 legem
1192 1658 1386 1741 Creatoris,
1398 1670 1434 1725 et
1445 1662 1572 1726 divina

340 1769 455 1835 officia
469 1785 567 1832 more
585 1766 780 1830 christiano
799 1764 1012 1844 celebrandi,
1029 1774 1064 1829 et
1083 1765 1154 1829 alia
1175 1766 1318 1846 pietatis
1339 1785 1449 1849 opera
1470 1785 1568 1833 exer·

340 1876 459 1955 cendi;
485 1884 520 1939 et
544 1882 734 1954 postquam
758 1880 944 1953 perspecta
970 1882 1089 1937 essent
1113 1872 1207 1937 bona
1232 1891 1342 1954 opera
1367 1872 1571 1955 Societatis,

339 1992 423 2048 tunc
439 1981 546 2045 etiam
559 1980 632 2061 peti
646 1997 750 2060 posse
764 1987 803 2043 ut
821 1978 931 2043 libere
952 1978 1182 2044 christianam
1197 1979 1420 2061 Religionem
1440 1984 1569 2063 ample·

340 2090 388 2154 cti
412 2088 700 2169 permitterentur
724 2088 937 2168 quicumque
957 2088 1097 2151 vellent.
1119 2087 1164 2151 Et
1183 2088 1269 2168 quia
1292 2087 1479 2153 constabat
1497 2107 1571 2153 non

340 2190 595 2262 admittendum
609 2195 685 2259 fore
703 2194 888 2275 Legatum,
909 2204 1099 2275 antequam
1121 2212 1142 2257 a
1163 2194 1262 2275 Rege
1281 2196 1437 2259 venisset
1460 2196 1572 2259 facul·

338 2314 406 2383 tas,
423 2321 465 2368 eo
481 2313 639 2383 ternpore
652 2318 757 2383 posse
772 2315 915 2366 nostros
928 2302 965 2365 in
980 2302 1125 2365 civitate
1145 2301 1330 2366 Chantone
1346 2318 1463 2366 mores
1484 2301 1572 2367 Pro·

340 2411 479 2475 vinciae
493 2426 536 2473 ac
551 2409 709 2489 linguam
724 2408 919 2473 addiscere.

398 2516 489 2581 2011.
531 2516 657 2581 Altera
672 2516 742 2595 via,
759 2525 797 2579 ut
812 2516 929 2580 minus
944 2515 1158 2579 innitebatur
1177 2514 1340 2602 humanis
1359 2516 1494 2598 mediis,
1516 2520 1570 2583 ita

339 2624 459 2689 divino
474 2623 598 2687 favore
612 2624 728 2704 magis
744 2623 881 2704 egebat;
898 2631 932 2686 et
948 2622 1035 2685 haec
1048 2631 1136 2702 erat,
1151 2630 1190 2685 ut
1201 2621 1270 2685 duo
1286 2639 1332 2685 ex
1343 2624 1473 2688 uostris
1486 2642 1571 2704 cum

339 2733 413 2796 suis
427 2731 687 2811 interpretibus
700 2730 947 2795 recedentibus
959 2730 1190 2794 lusitanorum
1203 2730 1365 2809 navibus,
1382 2731 1572 2797 Chantone

338 2846 576 2915 remanerent,
592 2849 626 2901 et
641 2839 850 2919 praedicare
864 2837 996 2902 Christi
1010 2836 1117 2900 fidem
1129 2837 1261 2918 partim
1275 2837 1312 2900 in
1330 2839 1468 2918 plateiS,
1488 2857 1567 2920 par·

338 2945 401 3010 tim
422 2945 459 3008 in
477 2944 628 3023 privatis
653 2944 815 3009 domibus
835 2944 1043 3024 inciperent.
1065 2943 1144 3008 Non
1165 2944 1320 3008 vacabat
1339 2953 1459 3008 tamen
1478 2943 1572 3010 haec

337 3051 429 3116 ratio
443 3051 585 3132 magnis
598 3051 764 3131 periculis
778 3060 812 3115 et
827 3051 985 3114 carceris
1005 3059 1040 3115 et
1059 3050 1167 3114 etiam
1188 3051 1324 3130 mortis,
1341 3051 1371 3114 si
1386 3051 1477 3115 forte
1496 3051 1567 3116 Do·

336 3158 432 3223 mino
454 3160 621 3238 placeret,
641 3174 757 3238 grano
776 3157 943 3221 frumenti
963 3166 1116 3237 mortuo,
1143 3156 1296 3221 fructum
1317 3154 1468 3221 adferre.
1496 3155 1570 3222 Sed

335 3265 422 3330 illud
436 3264 697 3329 incommodum
711 3265 840 3330 evitari
858 3282 930 3328 non
950 3273 1101 3346 poterat,
1123 3264 1217 3346 quod
1238 3265 1449 3346 interpretes
1468 3266 1572 3330 sinae

336 3388 403 3437 nec
424 3371 608 3436 declarare
628 3381 787 3453 possunt,
808 3381 846 3436 ut
864 3381 1014 3452 oportet,
1031 3371 1133 3436 Fidei
1152 3371 1337 3452 mysteria,
1357 3390 1423 3436 nec
1438 3372 1469 3436 si
1484 3372 1567 3454 qnid

336 3479 479 3544 adversi
501 3479 690 3558 accideret,
707 3479 944 3543 constantiam
965 3477 1121 3543 habituri
1141 3477 1366 3557 videbantur,
1386 3495 1453 3544 nec
1471 3479 1570 3544 vitae

336 3588 498 3666 exemplo
513 3586 573 3649 alii
587 3586 676 3650 alios
690 3584 923 3650 aedificaturi.

394 3690 487 3756 2012.
530 3691 702 3773 Cupiebat
720 3693 869 3773 ipsemet
883 3692 922 3756 Ρ.
939 3691 1111 3756 Melcbior
1126 3692 1174 3756 ibi
1188 3709 1345 3772 manere,
1362 3693 1393 3757 si
1415 3692 1568 3758 officium

335 3799 570 3864 Prouincialis
583 3800 650 3880 ipsi
666 3799 893 3864 commissum
908 3797 943 3862 id
958 3798 1189 3880 permisisset:
1207 3799 1360 3881 aliquem
1377 3800 1502 3864 saltem
1521 3817 1569 3864 ex

335 3905 504 3970 fratribus
528 3907 577 3970 ibi
599 3908 798 3988 relinquere
818 3907 864 3970 ad
883 3907 1043 3986 linguam
1061 3915 1098 3970 et
1116 3922 1235 3970 mores
1257 3905 1492 3970 addiscendos
1510 3923 1566 3970 co·

336 4013 483 4093 gitabat,
500 4012 562 4078 sed
578 4015 654 4077 sine
668 4013 837 4078 facultate
852 4013 1111 4078 Gubernatoris
1126 4030 1196 4076 non
1210 4011 1384 4094 judicavit
1400 4013 1571 4092 expedire

335 4120 418 4184 huic
433 4119 588 4200 periculo
603 4120 751 4185 fratrem
774 4137 877 4185 suum
896 4137 1088 4202 exponere.
1108 4119 1153 4182 Et
1172 4119 1265 4183 hauc
1285 4118 1489 4185 facultatem
1509 4137 1570 4184 ne·

335 4225 492 4306 gandam
506 4227 574 4308 ipsi
589 4244 735 4308 prorsus
750 4244 828 4292 esse
843 4227 947 4309 periti
962 4225 1198 4291 affirmabant.
1215 4225 1258 4291 Et
1274 4243 1356 4290 cum
1377 4227 1422 4289 ad
1440 4225 1477 4290 id
1496 4227 1568 4289 vel·

335 4335 384 4397 let
403 4334 478 4413 ipse
497 4334 534 4398 in
554 4335 707 4415 scriptis,
726 4350 791 4415 pro
810 4335 970 4416 ipsorum
985 4350 1097 4413 more,
1115 4333 1408 4415 supplicationem
1426 4331 1570 4397 adferre

335 4440 583 4518 Gubernatori,
600 4458 793 4522 numquam
808 4441 844 4506 id
858 4441 978 4506 facere
993 4441 1120 4522 potuit.

394 4547 484 4612 2013.
529 4547 798 4629 Perspicacibus
822 4548 974 4628 ingeniis
989 4549 1088 4612 sinac
1107 4546 1259 4630 praediti
1278 4547 1502 4626 videbantur,
1530 4556 1566 4612 et

333 4653 591 4736 perspicatiora
616 4655 770 4719 habituri
791 4665 903 4734 erant,
928 4655 958 4718 si
981 4655 1026 4720 ad
1048 4653 1228 4718 Christum
1251 4653 1462 4719 accederent
1484 4661 1519 4716 et
1542 4671 1564 4717 a
