3717 5400
811 479 875 537 Att-
898 478 969 537 1ῶὸ
1451 472 1510 541 ,ng

273 636 367 690 runt.
383 627 518 691 Detulit
537 626 664 691 deiude
683 624 809 689 Petrus
828 624 885 687 ille
906 622 1047 687 Mendel
1070 623 1116 685 ad
1134 624 1365 704 inquisitores
1386 625 1506 690 delicti

274 734 329 797 sui
344 736 553 815 compliceS,
569 734 619 797 ita
635 732 644 764 ¹
659 742 698 796 ut
712 732 850 813 sperari
864 741 984 812 posset
1003 730 1177 795 zizaniam
1196 750 1240 795 ex
1255 733 1315 795 illo
1329 749 1419 813 agro
1435 730 1504 796 Do·

275 840 363 904 mini
382 841 451 905 hac
471 842 608 904 ratione
629 839 749 919 colligi
771 856 892 920 posse,
913 855 1020 919 quam
1039 838 1203 901 inimicus
1225 840 1330 902 homo
1356 840 1508 903 semina-

277 959 389 1012 verat.

337 1054 426 1119 1340.
470 1054 566 1119 ldem
580 1054 618 1118 P.
635 1054 797 1135 Baptista
811 1052 972 1118 Sanchez
987 1054 1197 1134 quibusdam
1210 1054 1333 1118 diebus
1348 1055 1394 1119 ad
1406 1056 1507 1119 littus

276 1162 430 1225 fluminis
445 1163 649 1238 accedebat,
668 1162 729 1225 ubi
744 1177 876 1241 magna
896 1160 1043 1225 navium
1062 1170 1139 1224 erat
1154 1161 1351 1241 multitud0‚
1377 1172 1410 1225 et
1432 1172 1506 1225 tam

275 1271 475 1348 naucleroS,
493 1287 598 1351 quam
613 1269 794 1333 nauticam
813 1269 910 1332 illam
933 1267 1193 1332 multitudinem
1216 1270 1260 1331 ad
1282 1279 1509 1332 sacramenta

277 1376 511 1441 confessionis
526 1386 560 1439 et
574 1376 833 1454 Eucharistiae,
849 1393 922 1439 non
936 1375 1012 1439 sine
1027 1375 1143 1439 fructu
1160 1376 1326 1452 maximo,
1340 1374 1506 1440 exhorta·

276 1484 392 1563 batur;
408 1485 509 1547 multi
531 1484 624 1546 enim
643 1482 844 1563 hujusmodi
864 1482 1024 1545 homines
1044 1481 1090 1545 ad
1111 1490 1253 1545 nostros
1273 1482 1510 1547 confessionis

277 1591 396 1671 gratia
411 1589 673 1655 confluxerunt.

341 1696 430 1760 1341.
472 1697 612 1761 Invenit
633 1696 726 1761 idem
747 1695 854 1760 Pater
871 1695 1045 1776 quasdam
1060 1713 1252 1776 puerorum
1267 1706 1415 1775 turmas,
1433 1698 1507 1777 qui,

277 1805 397 1867 multis
416 1804 675 1885 spectantibuS,
696 1803 848 1867 fustibus
870 1804 962 1867 inter
981 1820 1020 1867 se
1042 1803 1244 1882 certabant;
1262 1813 1296 1866 et
1316 1813 1389 1866 tam
1415 1804 1511 1867 serio

278 1911 380 1992 pueri
393 1909 427 1974 id
443 1912 610 1990 agebant,
626 1920 664 1975 ut
678 1912 823 1975 lictores
842 1926 905 1972 eos
926 1910 1161 1990 comprimere
1185 1910 1328 1974 minime
1350 1920 1508 1990 possent.

279 2018 328 2081 At
339 2017 444 2081 Pater
459 2017 618 2098 Baptista
633 2016 773 2082 blandis
784 2016 1006 2079 sermonibus
1018 2032 1081 2079 eos
1096 2015 1267 2094 alliciens
1281 2034 1345 2097 per
1357 2016 1510 2081 mediam

280 2124 404 2188 urbem
419 2125 455 2188 in
471 2125 709 2203 processionis
724 2125 866 2188 modum
876 2140 940 2186 eos
954 2120 1107 2203 deducit;
1121 2123 1180 2186 illo
1192 2134 1385 2204 praeeunte
1395 2132 1430 2186 et
1442 2122 1512 2186 illis

281 2230 596 2311 subsequentibus,
627 2230 859 2295 christianam
887 2230 1086 2293 doctrinam
1113 2229 1300 2307 dicebant,
1326 2229 1439 2293 donec
1465 2231 1511 2294 ad
1587 2234 1590 2243 '

279 2355 475 2418 pauperum
491 2338 634 2401 domum
650 2348 794 2401 ventum
809 2346 879 2417 est,
896 2337 956 2401 ubi
975 2336 1086 2401 fustes
1106 2337 1142 2400 in
1163 2336 1280 2401 fasces
1301 2339 1511 2417 congregati

279 2446 359 2509 foco
369 2462 566 2525 pauperum
577 2444 737 2525 deputati
747 2454 840 2508 sunt.
854 2444 960 2508 Pueri
971 2460 1059 2507 vero
1069 2451 1150 2524 post
1162 2443 1511 2508 exhortatiunculam

280 2560 443 2616 amanter
458 2552 595 2616 dimissi
608 2551 633 2613 ⁸.

344 2658 421 2722 1342
475 2658 533 2723 Sic
548 2670 666 2724 autem
682 2659 813 2724 nostris
827 2658 917 2722 bene
932 2656 1052 2724 affecti
1066 2668 1168 2723 erant
1183 2658 1386 2741 hujusmodi
1398 2648 1513 2742 pueri,

281 2776 320 2830 ut
334 2777 476 2831 nostros
490 2785 600 2847 usque
615 2766 660 2830 ad
675 2785 777 2831 suam
792 2766 935 2831 domum
950 2767 1223 2846 comitarentur,
1241 2785 1284 2830 ac
1299 2777 1435 2846 postea,
1459 2767 1512 2831 di·

280 2873 498 2954 gladiatione
514 2875 650 2959 relicta,
667 2875 760 2938 ultro
774 2874 978 2939 adnostros
993 2874 1264 2938 conveniebant.
1288 2873 1332 2937 Et
1347 2875 1515 2955 quamvis

282 2981 350 3044 hoc
365 2983 607 3061 spectaculum
621 2991 829 3062 pergratum
845 2980 912 3044 fuit
932 2981 1087 3060 civitati,
1108 2981 1217 3044 etiam
1238 2991 1273 3044 et
1292 2980 1377 3046 illud
1395 2981 1515 3046 Patris

281 3088 403 3152 Basilii
417 3089 662 3168 gratissimum
675 3088 752 3167 suit,
769 3089 830 3169 qui
844 3089 1046 3169 complures
1065 3105 1193 3151 servos
1214 3089 1398 3168 aethiopes
1413 3087 1435 3166 ⁵,
1453 3089 1514 3170 qui

281 3196 318 3258 in
340 3195 467 3276 plateis
485 3195 609 3259 diebus
626 3195 728 3259 sestis
753 3195 978 3274 commorari,
1006 3205 1040 3259 et
1064 3195 1167 3258 ludos
1192 3213 1318 3276 parum
1343 3196 1517 3258 honestos

281 3319 449 3366 exercere
474 3303 568 3366 soliti
593 3313 710 3380 erant,
735 3302 818 3378 hos,
844 3302 1006 3383 inquam,
1033 3301 1069 3364 in
1094 3302 1254 3365 ordinem
1280 3301 1446 3382 redigens
1469 3302 1515 3366 ad

282 3410 482 3490 proximam
498 3410 686 3473 ecclesiam
701 3408 862 3484 deduxit,
879 3408 1079 3488 ibidemque
1094 3425 1155 3472 eos
1178 3427 1199 3472 a
1219 3409 1317 3472 vitiis
1336 3409 1515 3473 deterren-

282 3517 341 3596 d0‚
358 3515 403 3578 ad
418 3517 530 3580 vitam
545 3516 750 3580 christianis
765 3515 912 3596 dignam
926 3515 1150 3579 hortabatur.

347 3622 435 3686 1343.
477 3622 557 3686 Non
577 3623 691 3686 solum
712 3623 825 3686 nostri
846 3621 1023 3687 docebant
1042 3631 1077 3686 et
1098 3624 1376 3686 consolabantur
1397 3621 1516 3686 deten-

284 3740 341 3794 tos
356 3731 392 3794 in
408 3731 548 3811 publica
568 3730 748 3809 custodia,
771 3729 833 3794 sed
853 3729 1032 3794 damnatis
1051 3729 1098 3793 ad
1119 3740 1269 3793 mortem
1291 3730 1457 3810 aderant,
1477 3741 1517 3794 ut

283 3855 345 3901 eos
372 3839 571 3902 animarent
595 3837 696 3901 etad
717 3837 806 3900 bene
825 3835 1046 3901 moriendum
1065 3836 1291 3900 instruerent.
1312 3836 1517 3918 Aliquando

284 3945 392 4009 etiam
406 3963 451 4008 ex
466 3946 543 4026 ipso
559 3946 636 4009 loco
652 3945 815 4025 supplicii
830 3945 876 4009 ad
886 3944 1145 4009 multitudinem
1157 3945 1422 4025 expectantium
1433 3962 1516 4009 con·

285 4052 406 4116 ciones
420 4052 608 4128 habebant;
625 4068 692 4115 nec
711 4050 823 4116 deluit
838 4051 938 4134 cujus
953 4069 1016 4116 cor
1032 4051 1205 4115 Dominus
1221 4062 1382 4115 moveret
1392 4071 1438 4116 ex
1452 4051 1516 4116 hu-

179 4193 182 4201 ·
282 4159 439 4239 jhsmodi
453 4159 724 4240 spectatoribus
740 4169 779 4222 ut
793 4158 875 4223 odio
889 4169 925 4223 et
940 4159 1122 4222 voluntate
1138 4159 1246 4222 alium
1262 4157 1446 4223 occidendi
1460 4161 1517 4224 de·

327 4441 336 4473 ¹
365 4438 411 4483 lia.
421 4439 501 4483 habet
512 4442 545 4483 et.

325 4513 337 4543 ¹
364 4511 433 4556 Face
443 4511 508 4555 hacc
520 4517 546 4554 et
556 4516 599 4554 sat
609 4511 717 4565 pulchre
726 4517 852 4555 enarrata
862 4510 978 4564 reperies
988 4508 1057 4564 apud
1068 4506 1240 4560 sannvmnz,
1250 4509 1269 4553 l.
1283 4520 1306 4554 c.

327 4583 339 4617 ⁸
366 4583 471 4636 Servos,
480 4583 588 4630 sctlicet.
597 4583 640 4637 qul
650 4594 701 4627 non
711 4593 743 4625 ex
753 4581 895 4637 Aethiopia
905 4589 1017 4630 tantum.
1027 4579 1072 4624 sed
1083 4579 1162 4623 etlam
1172 4581 1257 4633 quiex
1267 4579 1327 4625 allia
1337 4582 1444 4627 Africae
1455 4584 1521 4629 locis

285 4661 332 4699 cut
346 4667 379 4698 ex
393 4655 467 4698 ludia
482 4663 508 4698 et
523 4653 637 4698 Oceania
651 4661 737 4697 ortum
750 4653 888 4698 ducebant.
902 4651 980 4706 (Vide
994 4661 1082 4706 supra,
1098 4661 1158 4704 pag.
1169 4649 1218 4704 488,
1234 4661 1258 4694 n.
1278 4651 1337 4704 1330,
1347 4659 1374 4700 et
1385 4665 1473 4700 annot.
1487 4657 1522 4706 8.)

286 4724 346 4771 Vox
358 4728 481 4782 aethiops
490 4727 542 4780 hic,
552 4733 589 4774 ut.
600 4725 663 4770 allbl
673 4725 785 4780 saeptus,
795 4725 920 4780 attritam
930 4723 1074 4778 (hispanice
1086 4721 1204 4775 morena)
1214 4722 1352 4777 significat.
