3717 5400
823 508 887 566 Au.
910 509 981 565 11115
1463 505 1519 566 309

289 661 377 732 gatu
391 652 554 733 Parochi,
571 653 608 716 P.
627 654 803 718 Antonius
823 663 1019 734 occupatus
1037 654 1142 717 valde
1162 652 1236 716 11111.
1260 653 1412 717 Fructus
1433 671 1515 717 con·

290 757 481 823 sessionum
496 760 695 841 hujusmodi
712 761 923 841 praecipuus
944 761 1071 824 inillis
1091 761 1200 824 fuisse
1221 761 1373 837 videtur,
1398 761 1457 841 qui
1479 761 1514 823 in

279 867 407 946 aliquo
422 866 501 931 fidei
518 868 667 931 articulo
682 869 860 946 errabant3
878 867 915 930 hi
929 868 1023 930 enim
1035 868 1179 948 plurimi
1194 867 1385 931 admodum
1399 878 1513 943 erant,

280 983 321 1036 ⁴et
335 975 444 1037 multo
460 976 580 1056 plures
594 977 654 1054 qui
668 976 908 1054 haesitabant,
926 986 965 1038 ut
979 975 1022 1038 de
1037 974 1106 1038 illis
1120 991 1192 1038 non
1203 974 1331 1051 dicam,
1346 975 1407 1055 qui
1418 992 1514 1054 pror·

289 1097 350 1142 sus
365 1080 409 1144 ab
424 1080 584 1145 Ecclesia
599 1097 747 1144 romana
763 1093 996 1144 recesserant.

346 1185 418 1250 841.
461 1179 556 1251 10101
570 1188 748 1266 mulieres,
772 1189 947 1269 quaedam
966 1188 1032 1250 luit
1053 1188 1198 1266 rustica,
1220 1189 1513 1265 sacramentaria,

285 1295 492 1358 lutheranae
508 1294 589 1373 filia,
607 1311 793 1375 quaecum
810 1295 848 1358 P.
865 1293 1088 1358 Bernardum
1103 1295 1311 1372 audivisset,
1327 1296 1449 1358 statim
1469 1296 1515 1357 ad

284 1411 438 1464 mentem
454 1403 568 1478 rediit,
585 1414 620 1464 et
635 1419 738 1482 quem
754 1403 873 1464 multis
888 1401 991 1464 annis
1010 1409 1172 1465 tenuerat
1193 1418 1351 1465 errorem
1374 1401 1512 1481 abjecta

284 1507 353 1584 sed¹
362 1511 566 1587 scrupulum
579 1526 700 1582 unum,
718 1525 821 1587 quem
836 1507 1001 1583 habebat,
1018 1509 1183 1585 contulit,
1201 1525 1258 1584 an,
1280 1509 1427 1586 scilicet,
1447 1525 1513 1589 pro

286 1624 400 1680 matre
415 1631 490 1696 sua,
508 1614 684 1695 quaejam
699 1615 865 1678 defuncta
881 1624 959 1677 erat
971 1616 1006 1677 in
1018 1614 1224 1692 Germania,
1237 1632 1341 1678 orare
1356 1615 1510 1678 deberet.

278 1721 680 1786 Ι(30100011111110111100
702 1721 929 1799 valediceret,
956 1721 1186 1802 proficiscens
1207 1722 1252 1784 ad
1275 1740 1317 1784 ea
1339 1724 1431 1802 loca,
1454 1724 1513 1785 ubi

283 1829 408 1892 liceret
422 1829 489 1909 ipsi
504 1829 613 1892 libere
628 1830 662 1892 in
678 1829 818 1892 haeresi
834 1845 896 1892 sua
912 1831 1047 1905 vivere,
1074 1829 1168 1891 serio
1189 1828 1298 1891 filiam
1327 1842 1513 1892 monuerat

281 1953 326 1998 ne
341 1953 496 2017 unquam
512 1953 628 2016 prose
643 1953 768 2014 preces
783 1937 873 2000 ullas
888 1935 1052 1998 funderet
1067 1947 1180 1998 morte
1195 1936 1308 2015 ipsius
1327 1936 1459 2012 audita,
1476 1949 1510 1998 et

281 2041 375 2106 hunc
390 2046 593 2124 scrupulum
609 2045 674 2106 sibi
690 2043 798 2106 eximi
815 2061 835 2105 a
861 2042 966 2105 Patre
989 2041 1157 2121 Quintino
1171 2042 1385 2121 postulabat,
1403 2053 1438 2105 et
1453 2042 1510 2105 de-

273 2151 411 2213 clarari
427 2167 472 2212 an
498 2152 558 2213 illo
583 2159 774 2230 praecepto
790 2159 981 2213 teneretur.
1002 2149 1196 2229 Respondit
1211 2157 1330 2212 autem
1352 2149 1402 2211 illi
1417 2149 1511 2229 quod

280 2258 405 2320 matris
420 2275 505 2320 suae
517 2259 578 2320 tali
592 2267 783 2338 praecepto
799 2257 954 2320 obnoxia
974 2273 1045 2319 non
1065 2265 1154 2334 erat,
1180 2255 1243 2318 sed
1266 2257 1383 2335 magis
1401 2273 1511 2319 verae

280 2364 405 2427 matris
419 2382 516 2440 suae,
533 2365 569 2428 id
583 2374 648 2442 est,
663 2364 844 2427 Ecclesiae
857 2379 944 2426 suae
955 2363 1154 2425 catholicae
1168 2372 1360 2442 praecepto
1375 2370 1510 2425 tenerc-

273 2483 348 2548 101,
364 2488 455 2551 quae
467 2471 566 2552 jubet
586 2488 652 2551 pro
667 2470 842 2534 defunctis
857 2471 1020 2534 omnibus
1035 2487 1150 2548 orare,
1168 2471 1211 2533 de
1228 2469 1354 2549 quibus
1367 2486 1441 2532 non
1456 2480 1511 2532 est

271 2587 415 2641 certum
429 2579 524 2658 quod
538 2579 622 2641 hinc
637 2581 672 2641 in
689 2588 836 2657 peccato
862 2578 1004 2640 mortali
1030 2577 1274 2655 migraverint3
1302 2577 1401 2664 etita
1417 2578 1509 2639 laeta

281 2693 316 2748 et
328 2685 458 2749 alacris
473 2686 533 2750 illa
548 2679 673 2749 mulier
690 2687 756 2748 hoc
772 2691 943 2765 responso
960 2695 1108 2765 accepto
1127 2684 1285 2748 recessit.

341 2791 412 2855 842.
455 2792 495 2855 10
510 2792 664 2871 quodam
679 2809 785 2873 pago,
802 2794 861 2855 ubi
880 2791 918 2856 Ρ.
940 2790 1145 2855 Bernartius
1170 2791 1404 2854 concionatus
1418 2802 1507 2865 erat,

279 2898 315 2960 in
341 2898 432 2962 festo
455 2899 681 2962 Pentecostes
702 2898 764 2961 300
783 2900 900 2978 plures
923 2898 1026 2960 solito
1046 2897 1093 2960 ad
1112 2906 1272 2960 sanctam
1294 2898 1507 2961 communio-

278 3022 360 3069 nem
383 3016 626 3083 accesserunt,
654 3016 687 3068 et
712 3006 878 3085 quamvis
907 3005 1217 3067 obmurmurareut
1245 3004 1427 3082 haeretici,
1454 3013 1506 3067 ta·

279 3129 358 3175 men
384 3115 535 3193 populus
560 3114 616 3175 ille
646 3114 810 3189 rusticuS,
835 3129 975 3174 errores
1004 3112 1203 3174 haereticos
1228 3111 1438 3174 detestando
1463 3128 1506 3172 ac

278 3218 377 3294 vitia,
393 3217 470 3283 Deo
485 3220 620 3282 servire
637 3220 746 3281 multo
762 3218 925 3281 devotius
940 3219 1044 3281 solito
1056 3218 1185 3296 coepit,
1199 3234 1264 3279 nec
1285 3216 1429 3296 pigebat
1444 3218 1505 3279 ali-

268 3342 364 3405 ·quos
379 3328 587 3407 intempesta
605 3336 707 3389 nocte
722 3342 870 3404 surgere
886 3336 923 3388 ut
938 3324 1141 3387 Tornacum
1156 3342 1259 3387 mane
1278 3324 1506 3404 pervenirent

267 3442 311 3495 et
333 3434 562 3497 concionibus
588 3432 624 3495 P.
653 3434 825 3495 Bernardi
850 3433 1072 3495 interessent.
1099 3430 1242 3494 Accidit
1264 3441 1384 3493 autem
1408 3441 1506 3493 utex

275 3539 510 3620 Torquinensi
522 3540 664 3620 oppidu,
681 3549 833 3619 quatuor
850 3540 922 3602 1010
936 3540 1057 3616 leucis,
1076 3551 1113 3600 ut
1129 3538 1203 3600 dixi
1223 3536 1242 3615 ¹,
1263 3538 1430 3615 distante,
1448 3537 1504 3599 de-

267 3660 353 3709 cem
377 3657 437 3709 aut
460 3646 644 3710 duodecim
660 3647 728 3709 viri
747 3647 792 3709 ad
817 3645 1030 3709 audiendam
1056 3662 1164 3707 unam
1179 3645 1386 3707 concionem
1400 3661 1506 3706 vene-

275 3753 356 3832 rint,
372 3764 406 3817 et
422 3765 502 3817 octo
517 3756 574 3817 vel
589 3770 718 3816 novem
733 3753 909 3816 foeminae
925 3762 963 3815 ut
978 3752 1148 3815 concione
1163 3752 1282 3814 audita
1298 3750 1504 3814 confiteren-

275 3872 343 3939 tur,
360 3862 454 3943 quod
468 3863 503 3923 in
519 3862 648 3941 oppido
663 3877 728 3923 suo
745 3859 780 3923 id
805 3860 924 3923 facere
948 3878 1019 3922 non
1043 3861 1251 3939 potuissent;
1273 3875 1367 3938 quae
1387 3857 1504 3921 media

265 3966 347 4030 ’1010
361 3979 465 4031 00010
480 3968 672 4048 profectae,
689 3968 771 4047 quia
786 3968 935 4031 multum
951 3968 1100 4046 pluerat,
1115 3965 1305 4045 aliquando
1316 3982 1379 4045 per
1391 3982 1503 4044 aquas

272 4076 424 4138 transire
440 4075 633 4138 debuerunt
645 4075 718 4137 1010
730 4090 842 4154 usque
854 4075 899 4137 ad
911 4075 1303 4153 pectuspervenientes;
1321 4088 1387 4135 nec
1399 4072 1503 4135 desti-

272 4190 389 4244 terunt
403 4200 424 4243 a
440 4200 505 4245 suo
520 4182 703 4261 proposito
717 4191 862 4261 propter
878 4180 968 4243 haec
979 4180 1214 4258 incommoda,
1233 4189 1267 4242 et
1279 4196 1402 4242 omnes
1417 4188 1502 4241 tem·

271 4290 406 4367 pestive
435 4289 480 4352 ad
514 4289 726 4352 audiendam
754 4288 962 4351 concionem
988 4298 1244 4367 pervenerunt,
1264 4297 1299 4349 01
1313 4296 1502 4366 postquam

269 4394 384 4459 eidem
401 4395 587 4459 confessae
605 4406 698 4474 sunt,
726 4412 807 4459 cum
832 4411 961 4474 magna
987 4395 1230 4457 consolatione
1256 4404 1291 4457 et
1316 4394 1502 4457 alacritate

264 4502 415 4567 domum
430 4504 621 4567 redierunt.

269 4652 482 4663 -υ--υ

313 4743 320 4777 ¹
349 4744 412 4798 Pan.
422 4746 470 4797 306,
481 4758 505 4791 n,
515 4746 563 4790 830.
