3717 5400
803 470 866 528 Aa.
890 470 961 530 1555
1438 470 1502 530 367

263 613 361 692 bant,
379 613 482 692 tueri3
494 622 528 678 et
540 613 789 694 disputationis
800 615 929 695 gratia,
946 615 1035 678 satis
1050 615 1149 678 multi
1160 614 1366 679 scholastici
1380 625 1502 681 exter·⁴

257 721 302 786 ‚ni
317 721 549 797 accedebant;
566 739 632 784 nec
651 721 687 788 in
707 721 890 788 academia
907 722 1059 802 publica,
1075 722 1121 785 ad
1136 739 1241 802 quam
1256 723 1307 785 illi
1320 739 1359 786 se
1379 721 1496 786 conle-

267 829 404 906 rebant,
419 829 475 892 vel
487 829 522 892 in
534 828 719 908 modestia,
732 831 791 893 vel
802 831 838 894 in
850 831 1026 908 doctrina,
1038 842 1182 894 nostros
1194 831 1256 893 ulli
1266 831 1494 910 superabant.

326 936 397 1000 987.
440 935 524 1000 Alia
538 937 691 1018 plurima
710 937 895 1000 charitatis
910 954 1020 1017 opera
1034 955 1056 1000 a
1071 937 1213 1014 nostris,
1234 935 1313 1000 Deo
1328 937 1502 1018 propitio,

267 1044 399 1108 utiliter
414 1043 605 1108 admodum
618 1054 765 1123 peracta
779 1053 874 1123 sunt,
891 1042 1087 1123 cujusmodi
1097 1053 1200 1108 erant
1214 1061 1322 1125 paces
1330 1044 1422 1108 inter
1435 1043 1496 1107 ali·

266 1168 356 1231 quos
381 1151 575 1230 consectae,
595 1159 629 1214 et
644 1151 734 1214 inter
760 1169 822 1214 eos
846 1151 1050 1232 aliquand0,
1077 1167 1228 1232 quorum
1242 1152 1331 1215 alter
1346 1152 1500 1215 alterum

267 1256 430 1322 occidere
446 1258 689 1322 constituerat.
705 1257 787 1322 Fuit
801 1267 836 1321 et
854 1265 979 1337 mater,
996 1275 1087 1338 quae
1109 1258 1312 1338 interempti
1330 1256 1391 1321 lilii
1406 1274 1499 1321 mor-

268 1375 351 1441 tem,
368 1364 410 1428 de
426 1383 495 1444 qua
511 1365 605 1445 apud
622 1362 777 1444 jndicem
802 1365 998 1429 vindictam
1022 1365 1238 1445 postulabat,
1264 1364 1492 1430 condonavit.

267 1470 346 1536 Hoc
361 1489 432 1536 non
446 1471 620 1550 omittam,
635 1472 730 1552 quod
745 1489 825 1535 cum
839 1472 957 1552 puella
974 1472 1150 1552 quaedam
1175 1470 1252 1534 Deo
1270 1488 1373 1535 suam
1387 1471 1498 1550 virgi·

268 1580 416 1642 nitatem
430 1595 641 1643 consecrare
657 1587 812 1658 cuperet,
828 1589 863 1643 et
877 1588 1044 1659 parentes
1063 1580 1108 1642 ab
1121 1597 1164 1642 eo
1180 1578 1362 1659 proposito
1381 1579 1499 1660 ipsam

268 1695 484 1763 averterent,
498 1703 578 1748 cum
591 1686 694 1765 virgo
706 1687 895 1767 quemdam
906 1704 954 1750 ex
963 1688 1096 1750 nostris
1110 1685 1356 1765 consuluisset,
1369 1695 1404 1749 et
1419 1683 1496 1764 eius

268 1791 349 1856 fidei
370 1811 408 1855 se
431 1793 676 1870 commisisset,
700 1792 904 1872 impetravit
918 1791 976 1856 ilie
1002 1801 1189 1874 parentum
1208 1809 1432 1871 consensum,
1458 1802 1497 1856 ut

270 1899 392 1962 liceret
403 1899 496 1963 filiae
517 1900 573 1963 sui
591 1899 752 1979 corporis
780 1899 994 1964 sacrificium
1015 1899 1092 1963 Deo
1119 1899 1256 1963 offerre.
1282 1898 1445 1964 Detentis
1459 1900 1497 1962 in

269 2006 433 2070 custodia
445 2007 587 2087 publica
595 2006 790 2070 christiana
798 2007 961 2071 doctrina
972 2008 1104 2071 utiliter
1115 2023 1136 2070 a
1148 2007 1302 2088 quodam
1313 2024 1359 2070 ex
1366 2006 1506 2070 nostris.

267 2114 543 2192 proponebatur;
556 2113 773 2194 juramenta,
790 2114 902 2192 ludos,
919 2124 1061 2178 mutuas
1076 2114 1352 2191 maledictiones,
1368 2122 1403 2177 et
1417 2131 1500 2176 con·

268 2221 362 2284 vicia
377 2221 458 2284 inde
472 2223 650 2301 expellere
664 2221 853 2300 nitebatur,
871 2230 905 2284 et
920 2221 1120 2301 aliquorum
1139 2220 1247 2284 etiam
1271 2239 1316 2284 ex
1340 2221 1392 2284 eis
1416 2237 1497 2283 con·

269 2327 441 2392 sessiones
457 2327 633 2406 audiebat,
650 2336 685 2391 et
696 2327 837 2392 demum
850 2345 921 2392 non
933 2327 1101 2390 mediocri
1117 2343 1197 2390 cum
1208 2327 1327 2392 fructu
1337 2326 1374 2390 id
1383 2342 1505 2406 genus.

269 2434 452 2498 bominum
471 2433 650 2498 visitabat.
942 2493 948 2504 ,
1145 2513 1149 2520 .

328 2540 399 2606 988.
444 2541 625 2606 Exercitia
647 2542 753 2605 etiarn
769 2542 968 2622 spiritualia
989 2550 1064 2606 tam
1084 2541 1203 2605 multis
1223 2540 1405 2621 proposita
1424 2538 1506 2602 sue·

269 2657 362 2727 runt,
387 2659 424 2714 ut
439 2667 620 2731 nunquam
642 2649 838 2730 Collegium
852 2658 1014 2715 nostrum
1029 2650 1074 2713 ab
1089 2649 1141 2713 eis
1156 2665 1309 2712 vacuum
1322 2646 1447 2727 luerit,
1463 2655 1498 2711 et

271 2756 461 2837 aliquando
472 2766 545 2820 tres
556 2758 613 2820 vel
624 2767 777 2837 quatuor
791 2761 798 2787 ¹
811 2756 914 2821 simul
926 2757 1195 2820 exercebantur.
1207 2756 1252 2819 Et
1267 2755 1324 2819 his
1333 2754 1498 2819 receden-

270 2866 375 2943 tibus,
392 2864 453 2927 alii
467 2864 714 2927 succedebant.
732 2863 805 2927 Vix
820 2872 939 2927 tamen
954 2881 1045 2927 unus
1060 2872 1121 2926 aut
1136 2866 1226 2927 alter
1239 2862 1304 2926 fuit
1315 2880 1361 2926 ex
1375 2878 1500 2925 eorum

271 2989 430 3049 numero,
447 2972 506 3051 qui
521 2971 678 3035 animum
690 2972 736 3033 ad
747 2980 879 3034 statum
891 2971 987 3034 vitae
1000 2970 1222 3051 perfectioris
1233 2986 1302 3032 non
1317 2967 1503 3048 adjecerit,

270 3098 315 3143 ex
330 3080 457 3160 quibus
472 3079 580 3158 aliqui
595 3079 641 3141 ad
655 3087 813 3142 nostram
829 3076 1043 3141 Societatem
1057 3077 1203 3141 admissi
1213 3077 1366 3156 fuerunt;
1378 3076 1438 3139 alii
1452 3076 1499 3139 ad

270 3186 361 3249 alias
375 3185 566 3265 religiones
581 3184 758 3253 destinati.
772 3185 854 3247 licet
868 3202 950 3247 cum
963 3185 1133 3264 lacrymis
1149 3183 1293 3264 quidam
1303 3200 1426 3247 eorum
1440 3179 1497 3244 ad·

270 3292 362 3356 mitti
375 3292 412 3354 in
426 3290 640 3355 Societatem
654 3301 813 3355 nostram
828 3292 1054 3371 postulasset,
1070 3300 1105 3353 et
1119 3307 1242 3353 eorum
1258 3288 1453 3370 profectum
1464 3289 1502 3349 in

270 3399 400 3481 spiritu
414 3398 483 3461 viri
499 3398 656 3478 religiosi
671 3398 978 3476 monasteriorum,
995 3398 1031 3459 in
1046 3397 1173 3476 quibus
1185 3396 1332 3460 admissi
1346 3396 1500 3475 fuerant,

274 3718 315 3755 tor
327 3711 357 3754 de
369 3712 441 3762 ellos,
452 3722 500 3765 que
511 3721 556 3753 era
568 3714 592 3753 el
602 3709 634 3752 ll.
645 3708 741 3763 Mlguel
752 3707 883 3751 Govlerno
893 3706 969 3757 (Vide
979 3715 998 3750 t.
1007 3718 1044 3756 111.
1055 3718 1115 3761 pag.
1125 3706 1173 3759 ³72,
1184 3714 1272 3751 annot.
1286 3710 1305 3759 1,
1316 3710 1377 3752 etin
1387 3709 1500 3763 noers,

273 3794 334 3838 pag.
344 3782 393 3835 359,
404 3794 428 3826 n.
439 3784 487 3835 909,
498 3790 584 3825 annot.
596 3783 631 3835 l.l,
644 3792 715 3824 como
725 3792 759 3835 yn
774 3780 884 3835 citimus,
900 3781 923 3823 el
934 3780 993 3823 cual
1004 3791 1034 3821 en
1045 3780 1128 3822 bueria
1142 3780 1328 3825 conversaciou
1337 3782 1374 3824 les
1388 3792 1503 3834 propriso

273 3856 295 3899 sl
305 3857 376 3899 seria
384 3854 443 3898 bien
454 3854 547 3897 reelbir
558 3854 581 3897 el
592 3853 778 3907 pretendiente.
789 3852 820 3895 Di
821 3852 848 3907 jo
858 3851 925 3895 cada
934 3862 984 3893 uno
993 3862 1024 3894 sn
1033 3861 1140 3904 pareccr
1151 3862 1168 3906 y
1178 3852 1246 3905 llego
1255 3862 1285 3895 su
1295 3862 1343 3895 ver
1351 3854 1378 3895 al
1387 3850 1434 3895 list
1441 3851 1501 3905 Jose

274 3926 398 3971 Gulmera
409 3926 441 3969 de
451 3926 516 3969 edad
527 3926 558 3969 de
571 3926 595 3967 16
604 3927 667 3967 aiios
682 3936 698 3979 y
710 3923 811 3967 novicio
821 3923 852 3966 de
868 3934 945 3977 poeos
960 3932 1051 3972 meses,
1066 3934 1084 3977 y
1096 3922 1228 3975 responde:
1239 3923 1301 3975 “que
1311 3934 1352 3965 me
1366 3934 1460 3977 parece
1474 3926 1501 3967 to

272 4000 379 4042 reciban
389 4000 472 4051 luegm
485 4008 581 4051 porque
593 3998 630 4039 los
641 3996 798 4039 muchachos
808 4006 893 4037 somos
904 3994 994 4037 faciles
1003 4006 1021 4049 y
1031 4002 1138 4047 prontos
1147 4005 1178 4036 cn
1187 3994 1262 4037 todas
1269 4000 1389 4037 nuestras
1398 4005 1501 4052 cosasy

271 4070 369 4121 deseos.
381 4082 398 4125 y
409 4070 430 4113 sl
438 4080 470 4112 no
478 4080 524 4112 nos
534 4069 661 4113 conceden
670 4069 695 4110 al
707 4074 785 4121 punto
794 4068 819 4110 lo
826 4078 874 4120 que
884 4066 1007 4120 pedimos.
1014 4068 1113 4119 luegoa
1123 4066 1212 4109 vueltrt
1222 4064 1253 4109 de
1264 4067 1359 4110 cabaza
1369 4067 1394 4110 lo
1403 4067 1503 4112 uivida·

272 4153 349 4195 mos„
361 4140 472 4195 Digeron
482 4141 564 4185 todos:
576 4140 699 4193 “Optima
708 4140 881 4193 propositio„;
892 4150 909 4193 y
919 4140 959 4181 asi
970 4138 1011 4180 del
1022 4138 1062 4192 pie
1073 4140 1089 4179 a
1100 4140 1126 4180 la
1136 4148 1211 4182 mano
1223 4139 1245 4180 le
1256 4138 1418 4182 admitteron.
1429 4138 1509 4184 Salio.

271 4221 318 4256 tan
329 4211 448 4263 ascogido
459 4212 542 4266 sujeto
552 4224 583 4254 en
593 4212 679 4255 virtud
691 4224 707 4267 y
719 4212 801 4254 letrae
809 4221 882 4253 como
890 4211 915 4253 lo
923 4210 981 4253 dira
988 4210 1014 4252 la
1023 4208 1161 4253 Provincia
1169 4210 1200 4252 de
1209 4208 1397 4263 corrogatque
1404 4211 1428 4253 le
1435 4216 1501 4264 gozo

270 4288 328 4329 mas
338 4286 403 4327 anos
413 4294 460 4337 que
472 4285 498 4327 la
509 4282 685 4327 anostra-El
698 4282 724 4325 P.
737 4281 750 4334 J
753 4282 819 4325 alme
830 4281 929 4325 Gnurin
938 4281 969 4323 de
979 4282 1004 4323 la
1014 4282 1063 4324 isla
1073 4280 1104 4323 de
1115 4278 1240 4324 Mallorea
1250 4293 1268 4336 y
1278 4281 1381 4326 villarie
1390 4280 1460 4335 inca,
1469 4282 1501 4325 de

271 4366 338 4409 cuyu
349 4356 409 4399 vida
420 4367 437 4411 y
447 4364 547 4399 mucrte
558 4356 670 4399 disemos
680 4355 740 4407 nlgo
756 4355 865 4408 despues
876 4364 907 4397 en
923 4364 953 4397 su
968 4355 1018 4396 ano
1027 4376 1257 4397 .............
1260 4352 1293 4395 El
1304 4353 1329 4395 P.
1341 4354 1444 4397 Andres
1454 4352 1502 4397 Pc-

271 4439 322 4476 rez.
332 4427 437 4470 natural
454 4426 484 4469 de
494 4426 598 4478 Jumilla
610 4438 641 4469 en
658 4428 683 4469 el
699 4427 770 4469 reino
782 4425 811 4468 de
829 4425 936 4477 Murcia,
953 4436 1001 4479 que
1013 4426 1085 4468 virio
1098 4437 1116 4479 y
1127 4425 1230 4479 trabajo
1244 4436 1276 4467 en
1291 4431 1350 4468 esta
1366 4426 1503 4479 provincia

271 4499 377 4542 mucltos
387 4500 451 4541 anos
461 4510 508 4541 con
520 4505 565 4541 tan
576 4498 674 4551 grande
691 4498 858 4541 satisfaccion
875 4508 893 4553 y
903 4497 1015 4550 ejemplo
1025 4507 1098 4540 como
1112 4508 1139 4539 se
1150 4496 1208 4539 dira
1217 4508 1249 4539 en
1259 4498 1284 4539 el
1294 4497 1325 4541 de
1339 4508 1370 4541 su
1380 4505 1503 4552 munte..

272 4558 405 4623 rimam,
417 4570 539 4613 Historia
550 4582 596 4613 ms.
608 4571 641 4613 de
651 4570 678 4613 la
687 4570 829 4624 provincia
838 4570 871 4612 de
882 4568 988 4621 Aragon
997 4568 1030 4611 rie
1040 4569 1067 4611 ta
1078 4567 1223 4621 Comparlia
1234 4569 1268 4611 de
1272 4568 1364 4622 jesus,
1374 4576 1393 4613 t.
1403 4581 1422 4619 t.
1429 4570 1473 4613 lib.
1482 4582 1501 4618 r,

271 4654 329 4697 cap.
340 4642 374 4685 lo.

316 4713 323 4747 ¹
351 4712 397 4758 lis.
409 4712 487 4757 habet
499 4716 541 4754 ter
550 4712 593 4755 vel
604 4715 708 4764 quater.
