<?xml version="1.0" encoding="UTF-8"?>
<!DOCTYPE html PUBLIC "-//W3C//DTD XHTML 1.0 Transitional//EN"
    "http://www.w3.org/TR/xhtml1/DTD/xhtml1-transitional.dtd">
<html xmlns="http://www.w3.org/1999/xhtml" xml:lang="en" lang="en">
 <head>
  <title>
</title>
<meta http-equiv="Content-Type" content="text/html;charset=utf-8" />
  <meta name='ocr-system' content='tesseract 3.04.00' />
  <meta name='ocr-capabilities' content='ocr_page ocr_carea ocr_par ocr_line ocrx_word'/>
</head>
<body>
  <div class='ocr_page' id='page_1' title='image "./vitaignatiiloio01polagoog_0645.png"; bbox 0 0 3717 5400; ppageno 0'>
   <div class='ocr_carea' id='block_1_1' title="bbox 814 513 1512 574">
    <p class='ocr_par' dir='ltr' id='par_1_1' title="bbox 814 513 1512 574">
     <span class='ocr_line' id='line_1_1' title="bbox 814 513 1512 574; baseline 0.003 -2"><span class='ocrx_word' id='word_1_1' title='bbox 814 513 878 572; x_wconf 77' lang='lat' dir='ltr'>Art.</span> <span class='ocrx_word' id='word_1_2' title='bbox 901 513 971 572; x_wconf 71' lang='lat'>1555</span> <span class='ocrx_word' id='word_1_3' title='bbox 1448 516 1512 574; x_wconf 73' lang='lat'><strong>639·</strong></span> 
     </span>
    </p>
   </div>
   <div class='ocr_carea' id='block_1_2' title="bbox 268 659 1505 2238">
    <p class='ocr_par' dir='ltr' id='par_1_2' title="bbox 272 659 1502 952">
     <span class='ocr_line' id='line_1_2' title="bbox 273 659 1501 740; baseline 0.003 -18"><span class='ocrx_word' id='word_1_4' title='bbox 273 661 336 723; x_wconf 91' lang='lat' dir='ltr'>sed</span> <span class='ocrx_word' id='word_1_5' title='bbox 362 668 397 722; x_wconf 88' lang='lat' dir='ltr'>et</span> <span class='ocrx_word' id='word_1_6' title='bbox 420 660 604 723; x_wconf 89' lang='lat' dir='ltr'>christiani</span> <span class='ocrx_word' id='word_1_7' title='bbox 626 659 740 738; x_wconf 90' lang='lat' dir='ltr'>multi,</span> <span class='ocrx_word' id='word_1_8' title='bbox 762 659 924 740; x_wconf 91' lang='lat' dir='ltr'>quamvis</span> <span class='ocrx_word' id='word_1_9' title='bbox 947 669 982 722; x_wconf 89' lang='lat' dir='ltr'>et</span> <span class='ocrx_word' id='word_1_10' title='bbox 1001 670 1142 722; x_wconf 88' lang='lat' dir='ltr'>nostros</span> <span class='ocrx_word' id='word_1_11' title='bbox 1167 661 1438 740; x_wconf 89' lang='lat' dir='ltr'>reverebantur,</span> <span class='ocrx_word' id='word_1_12' title='bbox 1466 674 1501 726; x_wconf 86' lang='lat' dir='ltr'>ct</span> 
     </span>
     <span class='ocr_line' id='line_1_3' title="bbox 272 765 1502 848; baseline 0.002 -20"><span class='ocrx_word' id='word_1_13' title='bbox 272 765 421 830; x_wconf 88' lang='lat' dir='ltr'><strong>libenter</strong></span> <span class='ocrx_word' id='word_1_14' title='bbox 437 785 498 830; x_wconf 89' lang='lat' dir='ltr'>eos</span> <span class='ocrx_word' id='word_1_15' title='bbox 513 765 713 844; x_wconf 82' lang='lat' dir='ltr'>audiebant,</span> <span class='ocrx_word' id='word_1_16' title='bbox 731 775 765 830; x_wconf 89' lang='lat' dir='ltr'>et</span> <span class='ocrx_word' id='word_1_17' title='bbox 780 767 880 829; x_wconf 91' lang='lat' dir='ltr'>multi</span> <span class='ocrx_word' id='word_1_18' title='bbox 894 766 1013 843; x_wconf 92' lang='lat' dir='ltr'>etiam,</span> <span class='ocrx_word' id='word_1_19' title='bbox 1030 776 1067 829; x_wconf 92' lang='lat' dir='ltr'>ut</span> <span class='ocrx_word' id='word_1_20' title='bbox 1083 767 1252 846; x_wconf 83' lang='lat' dir='ltr'>diximus,</span> <span class='ocrx_word' id='word_1_21' title='bbox 1275 768 1408 830; x_wconf 91' lang='lat' dir='ltr'>relictis</span> <span class='ocrx_word' id='word_1_22' title='bbox 1423 785 1502 848; x_wconf 91' lang='lat' dir='ltr'>pec·</span> 
     </span>
     <span class='ocr_line' id='line_1_4' title="bbox 273 873 918 952; baseline 0 -16"><span class='ocrx_word' id='word_1_23' title='bbox 273 874 375 952; x_wconf 90' lang='lat' dir='ltr'>catis,</span> <span class='ocrx_word' id='word_1_24' title='bbox 392 873 501 937; x_wconf 90' lang='lat' dir='ltr'>vitam</span> <span class='ocrx_word' id='word_1_25' title='bbox 520 873 554 936; x_wconf 91' lang='lat' dir='ltr'>in</span> <span class='ocrx_word' id='word_1_26' title='bbox 566 875 695 945; x_wconf 55' lang='lat' dir='ltr'>,melius</span> <span class='ocrx_word' id='word_1_27' title='bbox 710 882 918 937; x_wconf 84' lang='lat' dir='ltr'><strong>mutassent.</strong></span> 
     </span>
    </p>

    <p class='ocr_par' dir='ltr' id='par_1_3' title="bbox 274 978 1505 1595">
     <span class='ocr_line' id='line_1_5' title="bbox 337 978 1505 1064; baseline 0.003 -22"><span class='ocrx_word' id='word_1_28' title='bbox 337 980 424 1042; x_wconf 86' lang='grc'>1747.</span> <span class='ocrx_word' id='word_1_29' title='bbox 469 978 680 1044; x_wconf 86' lang='lat' dir='ltr'>Sacerdotes</span> <span class='ocrx_word' id='word_1_30' title='bbox 695 980 802 1043; x_wconf 85' lang='lat' dir='ltr'>etiam</span> <span class='ocrx_word' id='word_1_31' title='bbox 818 980 1033 1058; x_wconf 65' lang='lat' dir='ltr'>saeculares</span> <span class='ocrx_word' id='word_1_32' title='bbox 1051 982 1106 1042; x_wconf 89' lang='lat' dir='ltr'>vel</span> <span class='ocrx_word' id='word_1_33' title='bbox 1123 981 1323 1059; x_wconf 82' lang='lat' dir='ltr'>ignorantia</span> <span class='ocrx_word' id='word_1_34' title='bbox 1336 983 1393 1045; x_wconf 89' lang='lat' dir='ltr'>vel</span> <span class='ocrx_word' id='word_1_35' title='bbox 1406 983 1505 1064; x_wconf 89' lang='lat' dir='ltr'>cupi-</span> 
     </span>
     <span class='ocr_line' id='line_1_6' title="bbox 275 1086 1502 1170; baseline 0.002 -19"><span class='ocrx_word' id='word_1_36' title='bbox 275 1087 383 1152; x_wconf 88' lang='lat' dir='ltr'>ditate</span> <span class='ocrx_word' id='word_1_37' title='bbox 399 1087 592 1151; x_wconf 88' lang='lat' dir='ltr'>ditescendi</span> <span class='ocrx_word' id='word_1_38' title='bbox 608 1089 664 1150; x_wconf 89' lang='lat' dir='ltr'>vel</span> <span class='ocrx_word' id='word_1_39' title='bbox 690 1087 769 1150; x_wconf 88' lang='lat' dir='ltr'>aliis</span> <span class='ocrx_word' id='word_1_40' title='bbox 796 1087 901 1165; x_wconf 87' lang='lat' dir='ltr'>vitiis,</span> <span class='ocrx_word' id='word_1_41' title='bbox 931 1086 1145 1151; x_wconf 86' lang='lat' dir='ltr'>offendiculo</span> <span class='ocrx_word' id='word_1_42' title='bbox 1164 1099 1265 1150; x_wconf 92' lang='lat' dir='ltr'>erant</span> <span class='ocrx_word' id='word_1_43' title='bbox 1285 1089 1435 1170; x_wconf 90' lang='lat' dir='ltr'>civitati;</span> <span class='ocrx_word' id='word_1_44' title='bbox 1452 1104 1502 1170; x_wconf 90' lang='lat' dir='ltr'>et,</span> 
     </span>
     <span class='ocr_line' id='line_1_7' title="bbox 274 1193 1501 1276; baseline 0.003 -18"><span class='ocrx_word' id='word_1_45' title='bbox 274 1212 363 1276; x_wconf 85' lang='lat' dir='ltr'>quos</span> <span class='ocrx_word' id='word_1_46' title='bbox 376 1194 489 1258; x_wconf 85' lang='lat' dir='ltr'>nostri</span> <span class='ocrx_word' id='word_1_47' title='bbox 503 1194 641 1256; x_wconf 85' lang='lat' dir='ltr'>absolvi</span> <span class='ocrx_word' id='word_1_48' title='bbox 656 1211 727 1256; x_wconf 90' lang='lat' dir='ltr'>non</span> <span class='ocrx_word' id='word_1_49' title='bbox 743 1211 847 1274; x_wconf 88' lang='lat' dir='ltr'>posse</span> <span class='ocrx_word' id='word_1_50' title='bbox 863 1193 1086 1273; x_wconf 87' lang='lat' dir='ltr'>judicabant,</span> <span class='ocrx_word' id='word_1_51' title='bbox 1107 1195 1184 1258; x_wconf 92' lang='lat' dir='ltr'>sine</span> <span class='ocrx_word' id='word_1_52' title='bbox 1204 1195 1274 1258; x_wconf 87' lang='lat' dir='ltr'>ulla</span> <span class='ocrx_word' id='word_1_53' title='bbox 1295 1193 1501 1261; x_wconf 84' lang='lat' dir='ltr'>difficultate</span> 
     </span>
     <span class='ocr_line' id='line_1_8' title="bbox 274 1299 1501 1385; baseline 0.002 -20"><span class='ocrx_word' id='word_1_54' title='bbox 274 1302 311 1365; x_wconf 91' lang='lat' dir='ltr'>hi</span> <span class='ocrx_word' id='word_1_55' title='bbox 331 1303 493 1366; x_wconf 89' lang='lat' dir='ltr'>homines</span> <span class='ocrx_word' id='word_1_56' title='bbox 518 1303 582 1364; x_wconf 91' lang='lat' dir='ltr'>hos</span> <span class='ocrx_word' id='word_1_57' title='bbox 602 1302 850 1378; x_wconf 86' lang='lat' dir='ltr'>absolvebant,</span> <span class='ocrx_word' id='word_1_58' title='bbox 876 1299 1004 1381; x_wconf 88' lang='lat' dir='ltr'>majori</span> <span class='ocrx_word' id='word_1_59' title='bbox 1028 1313 1167 1365; x_wconf 92' lang='lat' dir='ltr'>utentes</span> <span class='ocrx_word' id='word_1_60' title='bbox 1188 1301 1366 1378; x_wconf 86' lang='lat' dir='ltr'>facultate,</span> <span class='ocrx_word' id='word_1_61' title='bbox 1393 1321 1501 1385; x_wconf 87' lang='lat' dir='ltr'>quam</span> 
     </span>
     <span class='ocr_line' id='line_1_9' title="bbox 274 1406 1502 1491; baseline 0 -19"><span class='ocrx_word' id='word_1_62' title='bbox 274 1406 370 1472; x_wconf 87' lang='lat' dir='ltr'>Deus</span> <span class='ocrx_word' id='word_1_63' title='bbox 399 1407 580 1472; x_wconf 89' lang='lat' dir='ltr'>Ecclesiae</span> <span class='ocrx_word' id='word_1_64' title='bbox 605 1425 690 1472; x_wconf 88' lang='lat' dir='ltr'>suae</span> <span class='ocrx_word' id='word_1_65' title='bbox 719 1419 780 1472; x_wconf 87' lang='lat' dir='ltr'>aut</span> <span class='ocrx_word' id='word_1_66' title='bbox 804 1406 879 1488; x_wconf 88' lang='lat' dir='ltr'>ejus</span> <span class='ocrx_word' id='word_1_67' title='bbox 907 1406 1053 1471; x_wconf 79' lang='lat' dir='ltr'>Vicatio</span> <span class='ocrx_word' id='word_1_68' title='bbox 1077 1408 1238 1488; x_wconf 89' lang='lat' dir='ltr'>reliquit;</span> <span class='ocrx_word' id='word_1_69' title='bbox 1265 1409 1383 1490; x_wconf 90' lang='lat' dir='ltr'>itaque</span> <span class='ocrx_word' id='word_1_70' title='bbox 1409 1411 1502 1491; x_wconf 88' lang='lat' dir='ltr'>quod</span> 
     </span>
     <span class='ocr_line' id='line_1_10' title="bbox 274 1514 1141 1595; baseline -0.005 -17"><span class='ocrx_word' id='word_1_71' title='bbox 274 1514 386 1579; x_wconf 89' lang='lat' dir='ltr'>nostri</span> <span class='ocrx_word' id='word_1_72' title='bbox 402 1514 649 1594; x_wconf 91' lang='lat' dir='ltr'>aedificabant,</span> <span class='ocrx_word' id='word_1_73' title='bbox 665 1531 710 1578; x_wconf 87' lang='lat' dir='ltr'>ex</span> <span class='ocrx_word' id='word_1_74' title='bbox 724 1525 826 1595; x_wconf 87' lang='lat' dir='ltr'>parte</span> <span class='ocrx_word' id='word_1_75' title='bbox 840 1515 889 1577; x_wconf 91' lang='lat' dir='ltr'>illi</span> <span class='ocrx_word' id='word_1_76' title='bbox 901 1515 1141 1578; x_wconf 86' lang='lat' dir='ltr'>destruebant.</span> 
     </span>
    </p>

    <p class='ocr_par' dir='ltr' id='par_1_4' title="bbox 268 1620 1505 2238">
     <span class='ocr_line' id='line_1_11' title="bbox 337 1620 1503 1705; baseline 0.003 -21"><span class='ocrx_word' id='word_1_77' title='bbox 337 1621 424 1685; x_wconf 83' lang='grc'>1748.</span> <span class='ocrx_word' id='word_1_78' title='bbox 469 1620 573 1686; x_wconf 89' lang='lat' dir='ltr'>Pueri</span> <span class='ocrx_word' id='word_1_79' title='bbox 590 1629 719 1700; x_wconf 87' lang='lat' dir='ltr'>autem,</span> <span class='ocrx_word' id='word_1_80' title='bbox 736 1639 781 1685; x_wconf 78' lang='lat' dir='ltr'>ex</span> <span class='ocrx_word' id='word_1_81' title='bbox 800 1621 1019 1702; x_wconf 89' lang='lat' dir='ltr'>Portugallia</span> <span class='ocrx_word' id='word_1_82' title='bbox 1040 1624 1151 1699; x_wconf 87' lang='lat' dir='ltr'>missi,</span> <span class='ocrx_word' id='word_1_83' title='bbox 1173 1623 1305 1705; x_wconf 87' lang='lat' dir='ltr'>aliquid</span> <span class='ocrx_word' id='word_1_84' title='bbox 1321 1625 1503 1704; x_wconf 87' lang='lat' dir='ltr'>perturba·</span> 
     </span>
     <span class='ocr_line' id='line_1_12' title="bbox 274 1728 1503 1810; baseline 0.002 -18"><span class='ocrx_word' id='word_1_85' title='bbox 274 1730 381 1793; x_wconf 90' lang='lat' dir='ltr'>tionis</span> <span class='ocrx_word' id='word_1_86' title='bbox 406 1730 537 1793; x_wconf 90' lang='lat' dir='ltr'>nostris</span> <span class='ocrx_word' id='word_1_87' title='bbox 562 1728 771 1807; x_wconf 84' lang='lat' dir='ltr'>afferebant,</span> <span class='ocrx_word' id='word_1_88' title='bbox 799 1729 893 1810; x_wconf 90' lang='lat' dir='ltr'>quod</span> <span class='ocrx_word' id='word_1_89' title='bbox 913 1745 974 1792; x_wconf 87' lang='lat' dir='ltr'>eos</span> <span class='ocrx_word' id='word_1_90' title='bbox 995 1730 1091 1794; x_wconf 88' lang='lat' dir='ltr'>alere</span> <span class='ocrx_word' id='word_1_91' title='bbox 1111 1749 1175 1794; x_wconf 88' lang='lat' dir='ltr'>nec</span> <span class='ocrx_word' id='word_1_92' title='bbox 1195 1731 1298 1794; x_wconf 81' lang='lat' dir='ltr'>facile</span> <span class='ocrx_word' id='word_1_93' title='bbox 1321 1749 1388 1794; x_wconf 87' lang='lat' dir='ltr'>nec</span> <span class='ocrx_word' id='word_1_94' title='bbox 1409 1748 1503 1795; x_wconf 94' lang='lat' dir='ltr'>com·</span> 
     </span>
     <span class='ocr_line' id='line_1_13' title="bbox 276 1835 1505 1917; baseline 0.001 -17"><span class='ocrx_word' id='word_1_95' title='bbox 276 1835 378 1900; x_wconf 89' lang='lat' dir='ltr'>mode</span> <span class='ocrx_word' id='word_1_96' title='bbox 403 1846 561 1916; x_wconf 90' lang='lat' dir='ltr'>possent;</span> <span class='ocrx_word' id='word_1_97' title='bbox 589 1853 672 1899; x_wconf 89' lang='lat' dir='ltr'>nam</span> <span class='ocrx_word' id='word_1_98' title='bbox 695 1845 836 1916; x_wconf 90' lang='lat' dir='ltr'>praeter</span> <span class='ocrx_word' id='word_1_99' title='bbox 856 1836 1020 1914; x_wconf 82' lang='lat' dir='ltr'>farinam,</span> <span class='ocrx_word' id='word_1_100' title='bbox 1041 1855 1086 1900; x_wconf 84' lang='lat' dir='ltr'>ex</span> <span class='ocrx_word' id='word_1_101' title='bbox 1108 1839 1299 1917; x_wconf 87' lang='lat' dir='ltr'>praedictis</span> <span class='ocrx_word' id='word_1_102' title='bbox 1325 1838 1505 1903; x_wconf 87' lang='lat' dir='ltr'>radicibus</span> 
     </span>
     <span class='ocr_line' id='line_1_14' title="bbox 272 1944 1504 2026; baseline 0.002 -19"><span class='ocrx_word' id='word_1_103' title='bbox 272 1944 484 2022; x_wconf 86' lang='lat' dir='ltr'>confectam,</span> <span class='ocrx_word' id='word_1_104' title='bbox 501 1960 592 2025; x_wconf 90' lang='lat' dir='ltr'>quae</span> <span class='ocrx_word' id='word_1_105' title='bbox 612 1945 705 2006; x_wconf 85' lang='lat' dir='ltr'>bona</span> <span class='ocrx_word' id='word_1_106' title='bbox 721 1953 815 2021; x_wconf 88' lang='lat' dir='ltr'>erat,</span> <span class='ocrx_word' id='word_1_107' title='bbox 839 1945 999 2008; x_wconf 87' lang='lat' dir='ltr'>carnium</span> <span class='ocrx_word' id='word_1_108' title='bbox 1018 1955 1053 2007; x_wconf 89' lang='lat' dir='ltr'>et</span> <span class='ocrx_word' id='word_1_109' title='bbox 1072 1946 1222 2026; x_wconf 87' lang='lat' dir='ltr'>piscium</span> <span class='ocrx_word' id='word_1_110' title='bbox 1235 1955 1271 2008; x_wconf 89' lang='lat' dir='ltr'>et</span> <span class='ocrx_word' id='word_1_111' title='bbox 1285 1945 1435 2009; x_wconf 83' lang='lat' dir='ltr'>aliarum</span> <span class='ocrx_word' id='word_1_112' title='bbox 1449 1965 1504 2010; x_wconf 88' lang='lat' dir='ltr'>re·</span> 
     </span>
     <span class='ocr_line' id='line_1_15' title="bbox 268 2052 1500 2132; baseline 0.001 -17"><span class='ocrx_word' id='word_1_113' title='bbox 268 2061 354 2115; x_wconf 82' lang='lat' dir='ltr'>&#39;rum</span> <span class='ocrx_word' id='word_1_114' title='bbox 368 2052 650 2115; x_wconf 84' lang='lat' dir='ltr'>necessariarum</span> <span class='ocrx_word' id='word_1_115' title='bbox 665 2052 700 2114; x_wconf 93' lang='lat' dir='ltr'>in</span> <span class='ocrx_word' id='word_1_116' title='bbox 716 2068 818 2114; x_wconf 86' lang='lat' dir='ltr'>usum</span> <span class='ocrx_word' id='word_1_117' title='bbox 833 2052 1014 2115; x_wconf 87' lang='lat' dir='ltr'>bominum</span> <span class='ocrx_word' id='word_1_118' title='bbox 1029 2067 1161 2132; x_wconf 85' lang='lat' dir='ltr'>magna</span> <span class='ocrx_word' id='word_1_119' title='bbox 1175 2063 1253 2121; x_wconf 83' lang='lat' dir='ltr'>erat</span> <span class='ocrx_word' id='word_1_120' title='bbox 1267 2052 1500 2132; x_wconf 72' lang='lat' dir='ltr'>pettoriano</span> 
     </span>
     <span class='ocr_line' id='line_1_16' title="bbox 270 2157 1504 2238; baseline 0.002 -16"><span class='ocrx_word' id='word_1_121' title='bbox 270 2159 516 2222; x_wconf 79' lang='lat' dir='ltr'>sublevandos</span> <span class='ocrx_word' id='word_1_122' title='bbox 543 2169 662 2222; x_wconf 85' lang='lat' dir='ltr'>autem</span> <span class='ocrx_word' id='word_1_123' title='bbox 690 2165 917 2238; x_wconf 83' lang='lat' dir='ltr'>aegrotantes</span> <span class='ocrx_word' id='word_1_124' title='bbox 947 2161 1041 2222; x_wconf 89' lang='lat' dir='ltr'>nulla</span> <span class='ocrx_word' id='word_1_125' title='bbox 1068 2157 1143 2222; x_wconf 82' lang='lat' dir='ltr'>iere</span> <span class='ocrx_word' id='word_1_126' title='bbox 1162 2158 1324 2222; x_wconf 83' lang='lat' dir='ltr'>&#39;remedia</span> <span class='ocrx_word' id='word_1_127' title='bbox 1346 2161 1504 2224; x_wconf 76' lang='lat' dir='ltr'>invenie-</span> 
     </span>
    </p>
   </div>
   <div class='ocr_carea' id='block_1_3' title="bbox 189 2260 417 2330">
    <p class='ocr_par' dir='ltr' id='par_1_5' title="bbox 189 2260 417 2330">
     <span class='ocr_line' id='line_1_17' title="bbox 189 2260 417 2330; baseline -0.004 0"><span class='ocrx_word' id='word_1_128' title='bbox 189 2260 193 2274; x_wconf 77' lang='grc'><em>“</em></span> <span class='ocrx_word' id='word_1_129' title='bbox 277 2266 417 2330; x_wconf 86' lang='lat' dir='ltr'>bantur.</span> 
     </span>
    </p>
   </div>
   <div class='ocr_carea' id='block_1_4' title="bbox 274 2372 1505 2670">
    <p class='ocr_par' dir='ltr' id='par_1_6' title="bbox 274 2372 1505 2670">
     <span class='ocr_line' id='line_1_18' title="bbox 339 2372 1505 2454; baseline 0.001 -18"><span class='ocrx_word' id='word_1_130' title='bbox 339 2374 427 2436; x_wconf 89' lang='grc'>1749.</span> <span class='ocrx_word' id='word_1_131' title='bbox 471 2372 509 2436; x_wconf 91' lang='lat' dir='ltr'>ln</span> <span class='ocrx_word' id='word_1_132' title='bbox 525 2372 766 2454; x_wconf 87' lang='lat' dir='ltr'>spiritualibus</span> <span class='ocrx_word' id='word_1_133' title='bbox 781 2373 885 2436; x_wconf 90' lang='lat' dir='ltr'>etiam</span> <span class='ocrx_word' id='word_1_134' title='bbox 902 2373 952 2436; x_wconf 92' lang='lat' dir='ltr'>illi</span> <span class='ocrx_word' id='word_1_135' title='bbox 971 2373 1223 2437; x_wconf 87' lang='lat' dir='ltr'>adolescentuli</span> <span class='ocrx_word' id='word_1_136' title='bbox 1241 2374 1345 2437; x_wconf 88' lang='lat' dir='ltr'>valde</span> <span class='ocrx_word' id='word_1_137' title='bbox 1365 2374 1505 2454; x_wconf 85' lang='lat' dir='ltr'>pericli-</span> 
     </span>
     <span class='ocr_line' id='line_1_19' title="bbox 274 2478 1503 2560; baseline 0.002 -18"><span class='ocrx_word' id='word_1_138' title='bbox 274 2481 454 2558; x_wconf 85' lang='lat' dir='ltr'>tabantur,</span> <span class='ocrx_word' id='word_1_139' title='bbox 471 2497 513 2543; x_wconf 93' lang='lat' dir='ltr'>eo</span> <span class='ocrx_word' id='word_1_140' title='bbox 537 2479 630 2560; x_wconf 93' lang='lat' dir='ltr'>quod</span> <span class='ocrx_word' id='word_1_141' title='bbox 650 2478 823 2543; x_wconf 81' lang='lat' dir='ltr'>foeminae</span> <span class='ocrx_word' id='word_1_142' title='bbox 842 2497 914 2542; x_wconf 91' lang='lat' dir='ltr'>non</span> <span class='ocrx_word' id='word_1_143' title='bbox 934 2481 1048 2542; x_wconf 89' lang='lat' dir='ltr'>solum</span> <span class='ocrx_word' id='word_1_144' title='bbox 1068 2481 1183 2544; x_wconf 87' lang='lat' dir='ltr'>nudae</span> <span class='ocrx_word' id='word_1_145' title='bbox 1201 2480 1415 2560; x_wconf 87' lang='lat' dir='ltr'>incederent,</span> <span class='ocrx_word' id='word_1_146' title='bbox 1435 2482 1503 2546; x_wconf 80' lang='lat' dir='ltr'>sed</span> 
     </span>
     <span class='ocr_line' id='line_1_20' title="bbox 275 2587 1499 2670; baseline 0.002 -20"><span class='ocrx_word' id='word_1_147' title='bbox 275 2588 341 2650; x_wconf 87' lang='lat' dir='ltr'>hos</span> <span class='ocrx_word' id='word_1_148' title='bbox 365 2589 646 2652; x_wconf 87' lang='lat' dir='ltr'>adolescentulos</span> <span class='ocrx_word' id='word_1_149' title='bbox 672 2587 945 2664; x_wconf 85' lang='lat' dir='ltr'>insectarentur,</span> <span class='ocrx_word' id='word_1_150' title='bbox 966 2597 1000 2649; x_wconf 89' lang='lat' dir='ltr'>et</span> <span class='ocrx_word' id='word_1_151' title='bbox 1019 2587 1242 2668; x_wconf 81' lang='lat' dir='ltr'>decipiebant</span> <span class='ocrx_word' id='word_1_152' title='bbox 1263 2588 1440 2670; x_wconf 85' lang='lat' dir='ltr'>interdum</span> <span class='ocrx_word' id='word_1_153' title='bbox 1461 2598 1499 2653; x_wconf 92' lang='lat' dir='ltr'>ut</span> 
     </span>
    </p>
   </div>
   <div class='ocr_carea' id='block_1_5' title="bbox 272 2693 1509 2975">
    <p class='ocr_par' dir='ltr' id='par_1_7' title="bbox 272 2693 1509 2975">
     <span class='ocr_line' id='line_1_21' title="bbox 272 2693 1509 2777; baseline 0.002 -18"><span class='ocrx_word' id='word_1_154' title='bbox 272 2694 324 2759; x_wconf 82' lang='lat' dir='ltr'>‘ud</span> <span class='ocrx_word' id='word_1_155' title='bbox 339 2705 525 2777; x_wconf 88' lang='lat' dir='ltr'>peccatum</span> <span class='ocrx_word' id='word_1_156' title='bbox 540 2694 765 2759; x_wconf 87' lang='lat' dir='ltr'>adducerent.</span> <span class='ocrx_word' id='word_1_157' title='bbox 783 2693 862 2759; x_wconf 94' lang='lat' dir='ltr'>Non</span> <span class='ocrx_word' id='word_1_158' title='bbox 880 2694 1000 2776; x_wconf 88' lang='lat' dir='ltr'>itaque</span> <span class='ocrx_word' id='word_1_159' title='bbox 1015 2695 1205 2759; x_wconf 88' lang='lat' dir='ltr'>mittendos</span> <span class='ocrx_word' id='word_1_160' title='bbox 1219 2712 1298 2760; x_wconf 87' lang='lat' dir='ltr'>esse</span> <span class='ocrx_word' id='word_1_161' title='bbox 1314 2697 1384 2759; x_wconf 88' lang='lat' dir='ltr'>ullo</span> <span class='ocrx_word' id='word_1_162' title='bbox 1399 2696 1509 2761; x_wconf 88' lang='lat' dir='ltr'>modo</span> 
     </span>
     <span class='ocr_line' id='line_1_22' title="bbox 278 2803 1456 2884; baseline 0.002 -18"><span class='ocrx_word' id='word_1_163' title='bbox 278 2804 457 2881; x_wconf 86' lang='lat' dir='ltr'>censebat,</span> <span class='ocrx_word' id='word_1_164' title='bbox 474 2820 538 2865; x_wconf 91' lang='lat' dir='ltr'>nec</span> <span class='ocrx_word' id='word_1_165' title='bbox 554 2820 780 2883; x_wconf 88' lang='lat' dir='ltr'>quemquam,</span> <span class='ocrx_word' id='word_1_166' title='bbox 798 2803 857 2884; x_wconf 89' lang='lat' dir='ltr'>qui</span> <span class='ocrx_word' id='word_1_167' title='bbox 873 2803 1012 2866; x_wconf 90' lang='lat' dir='ltr'>radices</span> <span class='ocrx_word' id='word_1_168' title='bbox 1027 2803 1063 2865; x_wconf 93' lang='lat' dir='ltr'>in</span> <span class='ocrx_word' id='word_1_169' title='bbox 1081 2803 1214 2866; x_wconf 88' lang='lat' dir='ltr'>virtute</span> <span class='ocrx_word' id='word_1_170' title='bbox 1228 2818 1299 2866; x_wconf 88' lang='lat' dir='ltr'>non</span> <span class='ocrx_word' id='word_1_171' title='bbox 1313 2804 1456 2883; x_wconf 78' lang='lat' dir='ltr'>egisset.</span> 
     </span>
     <span class='ocr_line' id='line_1_23' title="bbox 340 2908 1499 2975; baseline 0.003 -4"><span class='ocrx_word' id='word_1_172' title='bbox 340 2908 427 2973; x_wconf 89' lang='lat'>1750.</span> <span class='ocrx_word' id='word_1_173' title='bbox 471 2909 667 2974; x_wconf 88' lang='lat' dir='ltr'>Gerebatur</span> <span class='ocrx_word' id='word_1_174' title='bbox 682 2910 810 2973; x_wconf 92' lang='lat' dir='ltr'>bellum</span> <span class='ocrx_word' id='word_1_175' title='bbox 825 2911 916 2973; x_wconf 91' lang='lat' dir='ltr'>inter</span> <span class='ocrx_word' id='word_1_176' title='bbox 931 2910 1150 2974; x_wconf 87' lang='lat' dir='ltr'>christianos</span> <span class='ocrx_word' id='word_1_177' title='bbox 1160 2920 1195 2973; x_wconf 91' lang='lat' dir='ltr'>et</span> <span class='ocrx_word' id='word_1_178' title='bbox 1210 2911 1442 2975; x_wconf 89' lang='lat' dir='ltr'>Brasilieuses</span> <span class='ocrx_word' id='word_1_179' title='bbox 1461 2911 1499 2975; x_wconf 93' lang='lat' dir='ltr'>in</span> 
     </span>
    </p>
   </div>
   <div class='ocr_carea' id='block_1_6' title="bbox 197 3016 1506 3952">
    <p class='ocr_par' dir='ltr' id='par_1_8' title="bbox 197 3016 1503 3311">
     <span class='ocr_line' id='line_1_24' title="bbox 276 3016 1503 3098; baseline 0.001 -18"><span class='ocrx_word' id='word_1_180' title='bbox 276 3018 343 3080; x_wconf 91' lang='lat' dir='ltr'>hoc</span> <span class='ocrx_word' id='word_1_181' title='bbox 359 3016 512 3094; x_wconf 89' lang='lat' dir='ltr'>Ducatu,</span> <span class='ocrx_word' id='word_1_182' title='bbox 529 3028 562 3081; x_wconf 89' lang='lat' dir='ltr'>et</span> <span class='ocrx_word' id='word_1_183' title='bbox 576 3019 705 3081; x_wconf 88' lang='lat' dir='ltr'>multos</span> <span class='ocrx_word' id='word_1_184' title='bbox 720 3018 877 3097; x_wconf 90' lang='lat' dir='ltr'>ipsorum</span> <span class='ocrx_word' id='word_1_185' title='bbox 893 3034 1007 3095; x_wconf 88' lang='lat' dir='ltr'>pagos</span> <span class='ocrx_word' id='word_1_186' title='bbox 1021 3017 1263 3095; x_wconf 87' lang='lat' dir='ltr'>incenderant,</span> <span class='ocrx_word' id='word_1_187' title='bbox 1281 3026 1315 3081; x_wconf 90' lang='lat' dir='ltr'>et</span> <span class='ocrx_word' id='word_1_188' title='bbox 1335 3020 1458 3098; x_wconf 89' lang='lat' dir='ltr'>procul</span> <span class='ocrx_word' id='word_1_189' title='bbox 1481 3036 1503 3080; x_wconf 87' lang='lat' dir='ltr'>a</span> 
     </span>
     <span class='ocr_line' id='line_1_25' title="bbox 277 3123 1503 3205; baseline 0.001 -19"><span class='ocrx_word' id='word_1_190' title='bbox 277 3126 422 3188; x_wconf 85' lang='lat' dir='ltr'>civitate</span> <span class='ocrx_word' id='word_1_191' title='bbox 437 3123 635 3188; x_wconf 89' lang='lat' dir='ltr'>Salvatoris</span> <span class='ocrx_word' id='word_1_192' title='bbox 654 3142 714 3187; x_wconf 91' lang='lat' dir='ltr'>eos</span> <span class='ocrx_word' id='word_1_193' title='bbox 729 3126 935 3203; x_wconf 89' lang='lat' dir='ltr'>abegerant,</span> <span class='ocrx_word' id='word_1_194' title='bbox 952 3134 985 3187; x_wconf 89' lang='lat' dir='ltr'>et</span> <span class='ocrx_word' id='word_1_195' title='bbox 1000 3142 1044 3187; x_wconf 86' lang='lat' dir='ltr'>ex</span> <span class='ocrx_word' id='word_1_196' title='bbox 1060 3124 1250 3187; x_wconf 79' lang='lat' dir='ltr'>vexatione</span> <span class='ocrx_word' id='word_1_197' title='bbox 1265 3125 1398 3205; x_wconf 89' lang='lat' dir='ltr'>aliquid</span> <span class='ocrx_word' id='word_1_198' title='bbox 1413 3124 1503 3188; x_wconf 88' lang='lat' dir='ltr'>utili·</span> 
     </span>
     <span class='ocr_line' id='line_1_26' title="bbox 197 3219 602 3311; baseline -0.01 -15"><span class='ocrx_word' id='word_1_199' title='bbox 197 3219 200 3225; x_wconf 68' lang='grc'><strong>’</strong></span> <span class='ocrx_word' id='word_1_200' title='bbox 264 3232 361 3295; x_wconf 81' lang='lat' dir='ltr'>&#39;tatis</span> <span class='ocrx_word' id='word_1_201' title='bbox 381 3231 602 3311; x_wconf 88' lang='lat' dir='ltr'>sperabatur.</span> 
     </span>
    </p>

    <p class='ocr_par' dir='ltr' id='par_1_9' title="bbox 278 3335 1506 3952">
     <span class='ocr_line' id='line_1_27' title="bbox 341 3335 1504 3419; baseline 0.003 -20"><span class='ocrx_word' id='word_1_202' title='bbox 341 3338 429 3401; x_wconf 88' lang='lat'>1751.</span> <span class='ocrx_word' id='word_1_203' title='bbox 472 3338 639 3401; x_wconf 86' lang='lat' dir='ltr'>Redierat</span> <span class='ocrx_word' id='word_1_204' title='bbox 664 3336 702 3399; x_wconf 87' lang='lat' dir='ltr'>P.</span> <span class='ocrx_word' id='word_1_205' title='bbox 723 3335 907 3399; x_wconf 86' lang='lat' dir='ltr'>Navarrus</span> <span class='ocrx_word' id='word_1_206' title='bbox 924 3354 970 3399; x_wconf 83' lang='lat' dir='ltr'>ex</span> <span class='ocrx_word' id='word_1_207' title='bbox 994 3337 1054 3399; x_wconf 89' lang='lat' dir='ltr'>illa</span> <span class='ocrx_word' id='word_1_208' title='bbox 1076 3339 1374 3418; x_wconf 89' lang='lat' dir='ltr'>peregrinatione,</span> <span class='ocrx_word' id='word_1_209' title='bbox 1397 3356 1504 3419; x_wconf 87' lang='lat' dir='ltr'>quam</span> 
     </span>
     <span class='ocr_line' id='line_1_28' title="bbox 281 3442 1505 3525; baseline 0 -16"><span class='ocrx_word' id='word_1_210' title='bbox 281 3463 374 3509; x_wconf 92' lang='lat' dir='ltr'>anno</span> <span class='ocrx_word' id='word_1_211' title='bbox 394 3446 586 3525; x_wconf 88' lang='lat' dir='ltr'>praeterito</span> <span class='ocrx_word' id='word_1_212' title='bbox 607 3455 809 3525; x_wconf 85' lang='lat' dir='ltr'>susceptam</span> <span class='ocrx_word' id='word_1_213' title='bbox 830 3443 986 3507; x_wconf 89' lang='lat' dir='ltr'>diximus</span> <span class='ocrx_word' id='word_1_214' title='bbox 1007 3442 1036 3521; x_wconf 86' lang='lat'>¹,</span> <span class='ocrx_word' id='word_1_215' title='bbox 1057 3454 1092 3507; x_wconf 89' lang='lat' dir='ltr'>et</span> <span class='ocrx_word' id='word_1_216' title='bbox 1114 3454 1188 3507; x_wconf 89' lang='lat' dir='ltr'>tam</span> <span class='ocrx_word' id='word_1_217' title='bbox 1207 3445 1282 3524; x_wconf 90' lang='lat' dir='ltr'>ipse</span> <span class='ocrx_word' id='word_1_218' title='bbox 1300 3462 1408 3525; x_wconf 87' lang='lat' dir='ltr'>quam</span> <span class='ocrx_word' id='word_1_219' title='bbox 1428 3444 1505 3525; x_wconf 86' lang='lat' dir='ltr'>ejus</span> 
     </span>
     <span class='ocr_line' id='line_1_29' title="bbox 279 3544 1506 3629; baseline 0.001 -14"><span class='ocrx_word' id='word_1_220' title='bbox 279 3552 366 3615; x_wconf 92' lang='lat' dir='ltr'>socii</span> <span class='ocrx_word' id='word_1_221' title='bbox 386 3552 581 3615; x_wconf 86' lang='lat' dir='ltr'>incolumes</span> <span class='ocrx_word' id='word_1_222' title='bbox 601 3550 781 3614; x_wconf 89' lang='lat' dir='ltr'>redierunt</span> <span class='ocrx_word' id='word_1_223' title='bbox 802 3544 846 3613; x_wconf 77' lang='lat' dir='ltr'>lo</span> <span class='ocrx_word' id='word_1_224' title='bbox 867 3548 1011 3614; x_wconf 90' lang='lat' dir='ltr'>Portum</span> <span class='ocrx_word' id='word_1_225' title='bbox 1029 3548 1217 3629; x_wconf 90' lang='lat' dir='ltr'>Securum,</span> <span class='ocrx_word' id='word_1_226' title='bbox 1239 3550 1297 3613; x_wconf 93' lang='lat' dir='ltr'>ubi</span> <span class='ocrx_word' id='word_1_227' title='bbox 1317 3568 1398 3615; x_wconf 88' lang='lat' dir='ltr'>eum</span> <span class='ocrx_word' id='word_1_228' title='bbox 1420 3550 1506 3616; x_wconf 89' lang='lat' dir='ltr'>deti·</span> 
     </span>
     <span class='ocr_line' id='line_1_30' title="bbox 280 3657 1505 3739; baseline 0.001 -17"><span class='ocrx_word' id='word_1_229' title='bbox 280 3660 356 3722; x_wconf 91' lang='lat' dir='ltr'>nuit</span> <span class='ocrx_word' id='word_1_230' title='bbox 376 3660 569 3723; x_wconf 89' lang='lat' dir='ltr'>incolarum</span> <span class='ocrx_word' id='word_1_231' title='bbox 590 3659 745 3722; x_wconf 88' lang='lat' dir='ltr'>devotio.</span> <span class='ocrx_word' id='word_1_232' title='bbox 766 3657 852 3738; x_wconf 88' lang='lat' dir='ltr'>Ejus</span> <span class='ocrx_word' id='word_1_233' title='bbox 877 3658 964 3721; x_wconf 86' lang='lat' dir='ltr'>socii</span> <span class='ocrx_word' id='word_1_234' title='bbox 989 3675 1054 3721; x_wconf 90' lang='lat' dir='ltr'>nec</span> <span class='ocrx_word' id='word_1_235' title='bbox 1077 3675 1203 3721; x_wconf 90' lang='lat' dir='ltr'>aurum</span> <span class='ocrx_word' id='word_1_236' title='bbox 1226 3674 1292 3721; x_wconf 92' lang='lat' dir='ltr'>nec</span> <span class='ocrx_word' id='word_1_237' title='bbox 1318 3669 1505 3739; x_wconf 83' lang='lat' dir='ltr'>argentum</span> 
     </span>
     <span class='ocr_line' id='line_1_31' title="bbox 281 3765 1505 3847; baseline 0.001 -18"><span class='ocrx_word' id='word_1_238' title='bbox 281 3768 446 3843; x_wconf 88' lang='lat' dir='ltr'>tulerunt,</span> <span class='ocrx_word' id='word_1_239' title='bbox 474 3766 555 3846; x_wconf 89' lang='lat' dir='ltr'>quia</span> <span class='ocrx_word' id='word_1_240' title='bbox 582 3784 652 3829; x_wconf 93' lang='lat' dir='ltr'>non</span> <span class='ocrx_word' id='word_1_241' title='bbox 672 3766 749 3829; x_wconf 88' lang='lat' dir='ltr'>ausi</span> <span class='ocrx_word' id='word_1_242' title='bbox 773 3775 854 3829; x_wconf 88' lang='lat' dir='ltr'>sunt</span> <span class='ocrx_word' id='word_1_243' title='bbox 874 3774 1061 3847; x_wconf 89' lang='lat' dir='ltr'>penetrare</span> <span class='ocrx_word' id='word_1_244' title='bbox 1082 3765 1127 3827; x_wconf 91' lang='lat' dir='ltr'>ad</span> <span class='ocrx_word' id='word_1_245' title='bbox 1151 3766 1342 3846; x_wconf 89' lang='lat' dir='ltr'>quamdam</span> <span class='ocrx_word' id='word_1_246' title='bbox 1361 3766 1505 3847; x_wconf 86' lang='lat' dir='ltr'>provin·</span> 
     </span>
     <span class='ocr_line' id='line_1_32' title="bbox 278 3872 1146 3952; baseline -0.001 -16"><span class='ocrx_word' id='word_1_247' title='bbox 278 3872 381 3949; x_wconf 90' lang='lat' dir='ltr'>ciam,</span> <span class='ocrx_word' id='word_1_248' title='bbox 399 3873 458 3936; x_wconf 91' lang='lat' dir='ltr'>ubi</span> <span class='ocrx_word' id='word_1_249' title='bbox 473 3873 561 3935; x_wconf 90' lang='lat' dir='ltr'>haec</span> <span class='ocrx_word' id='word_1_250' title='bbox 578 3874 718 3935; x_wconf 87' lang='lat' dir='ltr'>metalla</span> <span class='ocrx_word' id='word_1_251' title='bbox 734 3872 886 3937; x_wconf 84' lang='lat' dir='ltr'>inveniri</span> <span class='ocrx_word' id='word_1_252' title='bbox 901 3882 1146 3952; x_wconf 88' lang='lat' dir='ltr'>perceperant.</span> 
     </span>
    </p>
   </div>
   <div class='ocr_carea' id='block_1_7' title="bbox 265 4112 1511 4815">
    <p class='ocr_par' dir='ltr' id='par_1_10' title="bbox 265 4112 1511 4815">
     <span class='ocr_line' id='line_1_33' title="bbox 319 4112 1502 4171; baseline 0.003 -14"><span class='ocrx_word' id='word_1_253' title='bbox 319 4112 326 4145; x_wconf 83' lang='lat' dir='ltr'>t</span> <span class='ocrx_word' id='word_1_254' title='bbox 355 4113 447 4168; x_wconf 81' lang='lat' dir='ltr'>Supra,</span> <span class='ocrx_word' id='word_1_255' title='bbox 458 4120 478 4159; x_wconf 88' lang='lat' dir='ltr'>t.</span> <span class='ocrx_word' id='word_1_256' title='bbox 488 4125 525 4165; x_wconf 85' lang='lat' dir='ltr'>ru,</span> <span class='ocrx_word' id='word_1_257' title='bbox 535 4126 595 4169; x_wconf 78' lang='lat' dir='ltr'>pag.</span> <span class='ocrx_word' id='word_1_258' title='bbox 603 4114 651 4169; x_wconf 72' lang='lat' dir='ltr'>att,</span> <span class='ocrx_word' id='word_1_259' title='bbox 663 4128 678 4159; x_wconf 92' lang='lat' dir='ltr'>n</span> <span class='ocrx_word' id='word_1_260' title='bbox 699 4114 757 4159; x_wconf 85' lang='lat'>1017.</span> <span class='ocrx_word' id='word_1_261' title='bbox 770 4112 950 4169; x_wconf 66' lang='lat' dir='ltr'>Peregrinatio</span> <span class='ocrx_word' id='word_1_262' title='bbox 960 4114 1169 4170; x_wconf 66' lang='lat' dir='ltr'>antemodani).</span> <span class='ocrx_word' id='word_1_263' title='bbox 1179 4114 1329 4167; x_wconf 69' lang='lat' dir='ltr'>joannetae</span> <span class='ocrx_word' id='word_1_264' title='bbox 1340 4116 1502 4171; x_wconf 72' lang='lat' dir='ltr'>Azpllcueta,</span> 
     </span>
     <span class='ocr_line' id='line_1_34' title="bbox 276 4185 1503 4242; baseline 0.002 -12"><span class='ocrx_word' id='word_1_265' title='bbox 276 4186 360 4231; x_wconf 78' lang='lat' dir='ltr'>dictus</span> <span class='ocrx_word' id='word_1_266' title='bbox 370 4187 448 4241; x_wconf 81' lang='lat' dir='ltr'>vulgo</span> <span class='ocrx_word' id='word_1_267' title='bbox 459 4186 486 4229; x_wconf 89' lang='lat' dir='ltr'>P.</span> <span class='ocrx_word' id='word_1_268' title='bbox 498 4185 641 4239; x_wconf 76' lang='lat' dir='ltr'>Navarrus,</span> <span class='ocrx_word' id='word_1_269' title='bbox 652 4188 773 4238; x_wconf 81' lang='lat' dir='ltr'>instituit,</span> <span class='ocrx_word' id='word_1_270' title='bbox 786 4186 918 4230; x_wconf 78' lang='lat' dir='ltr'>Pouascos</span> <span class='ocrx_word' id='word_1_271' title='bbox 926 4186 970 4230; x_wconf 82' lang='lat' dir='ltr'>bic</span> <span class='ocrx_word' id='word_1_272' title='bbox 982 4185 1016 4228; x_wconf 78' lang='lat' dir='ltr'>ad</span> <span class='ocrx_word' id='word_1_273' title='bbox 1027 4198 1123 4231; x_wconf 73' lang='lat' dir='ltr'>anuum</span> <span class='ocrx_word' id='word_1_274' title='bbox 1132 4188 1303 4242; x_wconf 75' lang='lat' dir='ltr'>praeteritum</span> <span class='ocrx_word' id='word_1_275' title='bbox 1313 4190 1429 4240; x_wconf 59' lang='lat' dir='ltr'>revocem</span> <span class='ocrx_word' id='word_1_276' title='bbox 1438 4192 1464 4231; x_wconf 79' lang='lat' dir='ltr'>et</span> <span class='ocrx_word' id='word_1_277' title='bbox 1474 4198 1503 4232; x_wconf 82' lang='lat' dir='ltr'>re</span> 
     </span>
     <span class='ocr_line' id='line_1_35' title="bbox 265 4254 1505 4314; baseline 0 -11"><span class='ocrx_word' id='word_1_278' title='bbox 265 4258 571 4314; x_wconf 51' lang='lat' dir='ltr'>ultramuraneum</span> <span class='ocrx_word' id='word_1_279' title='bbox 587 4254 1505 4313; x_wconf 56' lang='lat' dir='ltr'>iv,pigmeae.teor,aecaroqutturtamqumuerepraesentatum</span> 
     </span>
     <span class='ocr_line' id='line_1_36' title="bbox 267 4328 1511 4383; baseline 0.001 -10"><span class='ocrx_word' id='word_1_280' title='bbox 267 4328 545 4375; x_wconf 65' lang='lat' dir='ltr'>*verovltscoucmtos</span> <span class='ocrx_word' id='word_1_281' title='bbox 555 4330 579 4373; x_wconf 85' lang='lat' dir='ltr'>ei</span> <span class='ocrx_word' id='word_1_282' title='bbox 590 4331 708 4383; x_wconf 75' lang='lat' dir='ltr'>assignat</span> <span class='ocrx_word' id='word_1_283' title='bbox 716 4332 811 4375; x_wconf 73' lang='lat' dir='ltr'>aunum</span> <span class='ocrx_word' id='word_1_284' title='bbox 823 4330 925 4374; x_wconf 67' lang='lat' dir='ltr'>tubanis</span> <span class='ocrx_word' id='word_1_285' title='bbox 934 4329 1031 4373; x_wconf 63' lang='lat' dir='ltr'>serbis:</span> <span class='ocrx_word' id='word_1_286' title='bbox 1040 4328 1149 4373; x_wconf 72' lang='lat' dir='ltr'>“Fazem</span> <span class='ocrx_word' id='word_1_287' title='bbox 1161 4334 1267 4383; x_wconf 78' lang='lat' dir='ltr'>mencao</span> <span class='ocrx_word' id='word_1_288' title='bbox 1276 4331 1363 4374; x_wconf 77' lang='lat' dir='ltr'>d&#39;esta</span> <span class='ocrx_word' id='word_1_289' title='bbox 1371 4332 1465 4374; x_wconf 76' lang='lat' dir='ltr'>missac</span> <span class='ocrx_word' id='word_1_290' title='bbox 1473 4332 1511 4375; x_wconf 85' lang='lat' dir='ltr'>do</span> 
     </span>
     <span class='ocr_line' id='line_1_37' title="bbox 277 4400 1505 4457; baseline 0.001 -11"><span class='ocrx_word' id='word_1_291' title='bbox 277 4400 358 4446; x_wconf 74' lang='lat' dir='ltr'>Pndte</span> <span class='ocrx_word' id='word_1_292' title='bbox 367 4400 491 4445; x_wconf 70' lang='lat' dir='ltr'>navarro</span> <span class='ocrx_word' id='word_1_293' title='bbox 499 4400 607 4443; x_wconf 81' lang='lat' dir='ltr'>o&#39;Padre</span> <span class='ocrx_word' id='word_1_294' title='bbox 619 4400 726 4445; x_wconf 68' lang='lat' dir='ltr'>Nicolao&#39;</span> <span class='ocrx_word' id='word_1_295' title='bbox 736 4400 876 4445; x_wconf 71' lang='lat' dir='ltr'>orlandino</span> <span class='ocrx_word' id='word_1_296' title='bbox 887 4412 918 4445; x_wconf 92' lang='lat' dir='ltr'>no</span> <span class='ocrx_word' id='word_1_297' title='bbox 928 4402 997 4445; x_wconf 77' lang='lat' dir='ltr'>liuto</span> <span class='ocrx_word' id='word_1_298' title='bbox 1009 4401 1041 4453; x_wconf 79' lang='lat'>13,</span> <span class='ocrx_word' id='word_1_299' title='bbox 1052 4410 1090 4443; x_wconf 82' lang='lat' dir='ltr'>n.⁰</span> <span class='ocrx_word' id='word_1_300' title='bbox 1100 4401 1124 4443; x_wconf 85' lang='lat'>71</span> <span class='ocrx_word' id='word_1_301' title='bbox 1136 4402 1183 4445; x_wconf 78' lang='lat' dir='ltr'>das</span> <span class='ocrx_word' id='word_1_302' title='bbox 1194 4401 1337 4446; x_wconf 77' lang='lat' dir='ltr'>Cnronlcas</span> <span class='ocrx_word' id='word_1_303' title='bbox 1346 4402 1386 4445; x_wconf 81' lang='lat' dir='ltr'>da‘</span> <span class='ocrx_word' id='word_1_304' title='bbox 1394 4402 1505 4457; x_wconf 69' lang='lat' dir='ltr'>Cbmpa·</span> 
     </span>
     <span class='ocr_line' id='line_1_38' title="bbox 276 4470 1506 4529; baseline 0 -12"><span class='ocrx_word' id='word_1_305' title='bbox 276 4475 347 4529; x_wconf 77' lang='lat' dir='ltr'>nbla,</span> <span class='ocrx_word' id='word_1_306' title='bbox 357 4485 371 4516; x_wconf 83' lang='lat' dir='ltr'>e</span> <span class='ocrx_word' id='word_1_307' title='bbox 381 4485 396 4517; x_wconf 91' lang='lat' dir='ltr'>o</span> <span class='ocrx_word' id='word_1_308' title='bbox 407 4472 489 4517; x_wconf 79' lang='lat' dir='ltr'>Pedre</span> <span class='ocrx_word' id='word_1_309' title='bbox 500 4472 641 4517; x_wconf 71' lang='lat' dir='ltr'>Batinum</span> <span class='ocrx_word' id='word_1_310' title='bbox 649 4470 735 4517; x_wconf 74' lang='lat' dir='ltr'>Telles</span> <span class='ocrx_word' id='word_1_311' title='bbox 745 4480 806 4517; x_wconf 86' lang='lat' dir='ltr'>tom.</span> <span class='ocrx_word' id='word_1_312' title='bbox 818 4475 836 4527; x_wconf 93' lang='lat'>1,</span> <span class='ocrx_word' id='word_1_313' title='bbox 846 4472 893 4517; x_wconf 81' lang='lat' dir='ltr'>liv.</span> <span class='ocrx_word' id='word_1_314' title='bbox 909 4474 930 4527; x_wconf 79' lang='grc'>3,</span> <span class='ocrx_word' id='word_1_315' title='bbox 944 4474 1023 4528; x_wconf 80' lang='lat' dir='ltr'>cap.9</span> <span class='ocrx_word' id='word_1_316' title='bbox 1032 4472 1078 4516; x_wconf 78' lang='lat' dir='ltr'>das</span> <span class='ocrx_word' id='word_1_317' title='bbox 1090 4470 1234 4517; x_wconf 72' lang='lat' dir='ltr'>chronicas</span> <span class='ocrx_word' id='word_1_318' title='bbox 1242 4472 1506 4527; x_wconf 79' lang='lat' dir='ltr'>dePortugal...bcn·</span> 
     </span>
     <span class='ocr_line' id='line_1_39' title="bbox 276 4544 1507 4601; baseline 0 -12"><span class='ocrx_word' id='word_1_319' title='bbox 276 4546 337 4589; x_wconf 83' lang='lat' dir='ltr'>hum</span> <span class='ocrx_word' id='word_1_320' title='bbox 349 4555 406 4588; x_wconf 86' lang='lat' dir='ltr'>coru</span> <span class='ocrx_word' id='word_1_321' title='bbox 414 4544 475 4587; x_wconf 86' lang='lat' dir='ltr'>tudo</span> <span class='ocrx_word' id='word_1_322' title='bbox 486 4544 591 4588; x_wconf 78' lang='lat' dir='ltr'>declara</span> <span class='ocrx_word' id='word_1_323' title='bbox 599 4556 614 4587; x_wconf 89' lang='lat' dir='ltr'>o</span> <span class='ocrx_word' id='word_1_324' title='bbox 624 4552 711 4599; x_wconf 84' lang='lat' dir='ltr'>tempo</span> <span class='ocrx_word' id='word_1_325' title='bbox 722 4544 745 4589; x_wconf 85' lang='lat' dir='ltr'>d&#39;</span> <span class='ocrx_word' id='word_1_326' title='bbox 757 4547 814 4589; x_wconf 73' lang='lat' dir='ltr'>clla:</span> <span class='ocrx_word' id='word_1_327' title='bbox 826 4548 915 4599; x_wconf 77' lang='lat' dir='ltr'>potem</span> <span class='ocrx_word' id='word_1_328' title='bbox 925 4556 998 4588; x_wconf 88' lang='lat' dir='ltr'>como</span> <span class='ocrx_word' id='word_1_329' title='bbox 1006 4548 1140 4599; x_wconf 79' lang='lat' dir='ltr'>porbutra</span> <span class='ocrx_word' id='word_1_330' title='bbox 1150 4544 1194 4588; x_wconf 82' lang='lat' dir='ltr'>via</span> <span class='ocrx_word' id='word_1_331' title='bbox 1205 4549 1295 4589; x_wconf 71' lang='lat' dir='ltr'>consta</span> <span class='ocrx_word' id='word_1_332' title='bbox 1307 4556 1356 4599; x_wconf 81' lang='lat' dir='ltr'>que</span> <span class='ocrx_word' id='word_1_333' title='bbox 1367 4546 1507 4601; x_wconf 79' lang='lat' dir='ltr'>nuprincl·</span> 
     </span>
     <span class='ocr_line' id='line_1_40' title="bbox 275 4616 1505 4671; baseline 0.001 -11"><span class='ocrx_word' id='word_1_334' title='bbox 275 4616 318 4671; x_wconf 87' lang='lat' dir='ltr'>plo</span> <span class='ocrx_word' id='word_1_335' title='bbox 339 4616 371 4659; x_wconf 93' lang='lat' dir='ltr'>do</span> <span class='ocrx_word' id='word_1_336' title='bbox 385 4627 452 4659; x_wconf 77' lang='lat' dir='ltr'>anno</span> <span class='ocrx_word' id='word_1_337' title='bbox 462 4616 579 4667; x_wconf 75' lang='lat' dir='ltr'>segniore</span> <span class='ocrx_word' id='word_1_338' title='bbox 594 4616 726 4659; x_wconf 80' lang='lat' dir='ltr'>de1553se</span> <span class='ocrx_word' id='word_1_339' title='bbox 741 4618 844 4661; x_wconf 79' lang='lat' dir='ltr'>avistou</span> <span class='ocrx_word' id='word_1_340' title='bbox 859 4628 873 4659; x_wconf 92' lang='lat' dir='ltr'>o</span> <span class='ocrx_word' id='word_1_341' title='bbox 887 4617 972 4661; x_wconf 80' lang='lat' dir='ltr'>Padre</span> <span class='ocrx_word' id='word_1_342' title='bbox 986 4616 1108 4669; x_wconf 76' lang='lat' dir='ltr'>Nobrega</span> <span class='ocrx_word' id='word_1_343' title='bbox 1122 4625 1179 4660; x_wconf 87' lang='lat' dir='ltr'>eom</span> <span class='ocrx_word' id='word_1_344' title='bbox 1193 4617 1243 4660; x_wconf 86' lang='lat' dir='ltr'>elle</span> <span class='ocrx_word' id='word_1_345' title='bbox 1260 4626 1302 4661; x_wconf 81' lang='lat' dir='ltr'>em</span> <span class='ocrx_word' id='word_1_346' title='bbox 1314 4616 1505 4671; x_wconf 68' lang='lat' dir='ltr'>Porto-iegato</span> 
     </span>
     <span class='ocr_line' id='line_1_41' title="bbox 275 4687 1510 4744; baseline -0.001 -11"><span class='ocrx_word' id='word_1_347' title='bbox 275 4693 358 4741; x_wconf 87' lang='lat' dir='ltr'>(como</span> <span class='ocrx_word' id='word_1_348' title='bbox 369 4690 427 4743; x_wconf 81' lang='lat' dir='ltr'>logo</span> <span class='ocrx_word' id='word_1_349' title='bbox 445 4698 570 4732; x_wconf 79' lang='lat' dir='ltr'>vercmost</span> <span class='ocrx_word' id='word_1_350' title='bbox 580 4687 628 4731; x_wconf 87' lang='lat' dir='ltr'>lica</span> <span class='ocrx_word' id='word_1_351' title='bbox 640 4689 754 4743; x_wconf 80' lang='lat' dir='ltr'>provado</span> <span class='ocrx_word' id='word_1_352' title='bbox 764 4700 812 4744; x_wconf 80' lang='lat' dir='ltr'>que</span> <span class='ocrx_word' id='word_1_353' title='bbox 822 4688 857 4733; x_wconf 82' lang='lat' dir='ltr'>rot</span> <span class='ocrx_word' id='word_1_354' title='bbox 867 4700 883 4733; x_wconf 78' lang='lat' dir='ltr'>a</span> <span class='ocrx_word' id='word_1_355' title='bbox 894 4688 998 4743; x_wconf 77' lang='lat' dir='ltr'>partlda</span> <span class='ocrx_word' id='word_1_356' title='bbox 1012 4698 1045 4731; x_wconf 90' lang='lat' dir='ltr'>no</span> <span class='ocrx_word' id='word_1_357' title='bbox 1059 4700 1127 4731; x_wconf 79' lang='lat' dir='ltr'>anno</span> <span class='ocrx_word' id='word_1_358' title='bbox 1139 4688 1170 4731; x_wconf 86' lang='lat' dir='ltr'>de</span> <span class='ocrx_word' id='word_1_359' title='bbox 1182 4688 1235 4731; x_wconf 62' lang='lat' dir='ltr'>tto?</span> <span class='ocrx_word' id='word_1_360' title='bbox 1244 4693 1284 4731; x_wconf 80' lang='lat' dir='ltr'>em</span> <span class='ocrx_word' id='word_1_361' title='bbox 1299 4693 1347 4743; x_wconf 74' lang='lat' dir='ltr'>que</span> <span class='ocrx_word' id='word_1_362' title='bbox 1360 4692 1510 4733; x_wconf 61' lang='grc' dir='ltr'>Μετονο-</span> 
     </span>
     <span class='ocr_line' id='line_1_42' title="bbox 275 4758 1325 4815; baseline -0.001 -10"><span class='ocrx_word' id='word_1_363' title='bbox 275 4772 329 4805; x_wconf 87' lang='lat' dir='ltr'>mos</span> <span class='ocrx_word' id='word_1_364' title='bbox 340 4794 352 4815; x_wconf 88' lang='lat'><strong><em>„</em></strong></span> <span class='ocrx_word' id='word_1_365' title='bbox 366 4760 493 4805; x_wconf 73' lang='lat' dir='ltr'>Chronica</span> <span class='ocrx_word' id='word_1_366' title='bbox 505 4760 540 4803; x_wconf 83' lang='lat' dir='ltr'>da</span> <span class='ocrx_word' id='word_1_367' title='bbox 552 4758 715 4813; x_wconf 66' lang='lat' dir='ltr'>Campanam</span> <span class='ocrx_word' id='word_1_368' title='bbox 726 4760 758 4805; x_wconf 77' lang='lat' dir='ltr'>de</span> <span class='ocrx_word' id='word_1_369' title='bbox 767 4758 835 4815; x_wconf 77' lang='lat' dir='ltr'>Iesu</span> <span class='ocrx_word' id='word_1_370' title='bbox 847 4761 880 4805; x_wconf 80' lang='lat' dir='ltr'>do</span> <span class='ocrx_word' id='word_1_371' title='bbox 893 4759 993 4803; x_wconf 78' lang='lat' dir='ltr'>Estndo</span> <span class='ocrx_word' id='word_1_372' title='bbox 1003 4761 1036 4802; x_wconf 77' lang='lat' dir='ltr'>ao</span> <span class='ocrx_word' id='word_1_373' title='bbox 1047 4758 1228 4812; x_wconf 78' lang='lat' dir='ltr'>Brasil‚llb.‘r,</span> <span class='ocrx_word' id='word_1_374' title='bbox 1237 4760 1325 4804; x_wconf 72' lang='lat'>11:122.</span> 
     </span>
    </p>
   </div>
   <div class='ocr_carea' id='block_1_8' title="bbox 0 0 1866 5400">
    <p class='ocr_par' dir='ltr' id='par_1_11' title="bbox 0 0 1866 5400">
     <span class='ocr_line' id='line_1_43' title="bbox 0 0 1866 5400; baseline 0 0"><span class='ocrx_word' id='word_1_375' title='bbox 0 0 1866 5400; x_wconf 95' lang='lat' dir='ltr'> </span> 
     </span>
    </p>
   </div>
  </div>
 </body>
</html>
