3717 5400
806 489 869 548 AN.
893 488 963 545 lfu'a‘)
1461 484 1498 542 27

264 632 434 716 magis'P.
453 635 629 715 Ignatium
649 637 810 716 urgebat3
834 635 981 715 scilicet,
1005 635 1148 698 Domini
1170 632 1318 714 Joannis
1339 630 1383 694 de
1401 629 1496 694 Men-

264 743 366 821 doza,
384 744 537 823 quicum
553 745 730 808 hocanno
754 743 905 808 Romam
931 743 975 806 ad
999 742 1216 807 Societatem
1237 740 1359 803 venire
1374 739 1495 813 veliet,

266 851 384 914 visum
398 860 476 914 erar
490 849 528 916 P.
547 849 757 930 Salmeroni,
770 851 968 916 inconsulto
984 849 1022 913 P.
1039 849 1189 929 Ignati0,
1206 847 1242 910 id
1257 847 1333 910 lieri
1352 862 1424 907 non
1440 844 1496 905 de-

265 957 363 1036 bere;
379 969 414 1022 et
429 975 510 1022 cum
525 971 619 1022 esset
633 960 834 1040 praefectus
860 959 1004 1022 Castelli
1026 957 1110 1020 novi
1134 953 1358 1035 Neapolitani
1376 951 1396 1030 ¹,
1414 969 1497 1014 cen·

266 1066 338 1129 suit
352 1065 391 1128 P.
406 1066 567 1145 Ignatius
581 1082 652 1130 non
667 1067 795 1130 debere
810 1067 926 1146 ipsum
941 1067 1084 1129 abarce
1099 1063 1277 1140 recedere,
1294 1062 1407 1124 donec
1417 1057 1495 1120 Rex

266 1171 450 1252 Philippus
466 1174 597 1236 certior
611 1173 727 1236 factus
742 1173 837 1252 (nam
849 1173 923 1254 jam
938 1171 1105 1253 Neapolis
1120 1170 1198 1234 Rex
1212 1187 1234 1231 a
1253 1177 1366 1248 patre,
1394 1175 1431 1228 ut
1447 1164 1497 1227 di-

268 1279 388 1343 ximus
403 1281 426 1354 '‚
443 1278 588 1343 effectus
603 1280 693 1358 erat)
708 1280 744 1344 id
763 1281 941 1361 probaret.
960 1280 1031 1344 Sed
1050 1296 1131 1342 cum
1150 1295 1197 1350 ex,
1216 1276 1348 1355 Anglia
1368 1273 1413 1336 ad
1433 1273 1498 1336 lm·

268 1387 446 1467 peratoris
458 1386 603 1450 Curiam
615 1388 801 1452 Bruxeilas
812 1387 1339 1468 Rebeilippusvenisset,non
1350 1396 1498 1444 necesse

268 1493 334 1558 fuit
349 1494 384 1556 in
398 1493 568 1573 Angliam
583 1495 627 1558 ad
643 1496 733 1560 haec
747 1495 891 1574 negotia
906 1494 1093 1558 tractanda
1107 1493 1282 1570 navigare
1297 1488 1319 1548 ³.

329 1599 379 1664 46.
423 1600 502 1664 Non
526 1602 643 1666 omisit
668 1603 809 1666 interim
834 1601 871 1664 P.
897 1601 1057 1681 Ignatius
1081 1601 1167 1680 quin
1188 1604 1341 1662 tentaret
1364 1594 1499 1659 Summi

268 1706 450 1772 Pontificis
478 1709 644 1782 animum,
669 1709 729 1789 qui
753 1710 873 1773 multis
894 1708 1014 1772 verbis
1032 1705 1225 1771 honorifice
1249 1702 1441 1767 admodum
1456 1701 1500 1763 de

270 1813 448 1878 Societate
477 1817 573 1896 loqui
600 1817 727 1880 solitus
748 1825 846 1893 erat,
868 1825 902 1879 et
925 1815 1002 1895 ejus
1028 1813 1213 1877 doctrinae
1245 1823 1280 1874 et
1304 1808 1500 1888 integritati

271 1925 421 1986 multum
444 1923 632 1986 tribuebat.
667 1923 756 1988 Cum
785 1924 891 1987 etiam
915 1923 1008 1986 idem
1034 1919 1200 1986 Pontifex
1221 1917 1430 1999 quibusdam
1455 1933 1500 1978 ex

272 2031 416 2106 nostriS,
437 2031 498 2110 qui
525 2029 570 2093 ad
596 2031 707 2111 ipsius
731 2031 839 2111 pedes
863 2030 1121 2094 deosculandos
1144 2036 1388 2104 accesserant,
1414 2024 1500 2088 mul-

272 2145 346 2200 tum
374 2138 604 2200 humanitatis
633 2138 868 2216 exhibuisset,
901 2148 936 2201 et
964 2138 1056 2201 inter
1081 2137 1170 2200 alios
1194 2135 1308 2198 eidem
1332 2132 1370 2196 P.
1397 2133 1500 2212 Igna·

260 2244 325 2306 tio
339 2242 362 2322 ⁴,
379 2244 542 2308 eumdem
557 2261 626 2308 non
641 2247 751 2308 multo
764 2254 846 2326 post
860 2245 906 2308 ad
921 2262 959 2308 se
973 2244 1098 2308 vocari
1105 2241 1211 2322 jussit
1226 2240 1248 2321 ⁸,
1270 2252 1306 2304 et
1324 2239 1500 2319 significa-

272 2351 324 2412 vit
339 2351 373 2412 ei
388 2369 408 2413 a
424 2349 578 2430 quodam
592 2351 781 2415 Cardinale
796 2349 856 2414 ⁰se
868 2352 1048 2415 audivisse
1060 2350 1154 2430 quod
1166 2348 1204 2412 P.
1217 2349 1356 2413 Natalis
1367 2349 1400 2410 in
1414 2347 1500 2410 Ger·

274 2457 393 2520 mania
408 2474 539 2538 magno
555 2476 635 2522 cum
649 2458 767 2523 fructu
781 2468 986 2522 versaretur
997 2457 1178 2537 (redeunte
1189 2455 1362 2537 siquidem
1380 2453 1502 2518 Cardi-

274 2567 355 2626 nale
370 2564 530 2642 Morono,
547 2565 681 2645 aliquot
695 2582 835 2629 menses
849 2565 970 2645 exegit
983 2565 1020 2629 in
1035 2563 1240 2642 Germania,
1257 2581 1300 2625 ac
1312 2561 1503 2641 praecipue

273 2668 449 2749 Viennae,
464 2681 653 2752 antequam
663 2673 699 2735 in
710 2672 849 2737 Italiam
859 2672 1015 2751 rediret).
1028 2671 1098 2737 Sed
1108 2680 1143 2735 et
1155 2670 1283 2747 aiebat,
1297 2687 1335 2733 se
1347 2668 1503 2733 noluisse

273 2777 343 2842 hoc
359 2778 369 2807 ⁷
385 2780 591 2855 concedere,
612 2780 725 2842 donec
749 2780 860 2860 ipsius
884 2779 922 2843 P.
949 2779 1081 2858 Ignatii
1105 2777 1317 2843 sententiam
1333 2777 1501 2840 audisset.

275 2884 388 2949 Multa
400 2887 507 2949 etiam
515 2886 628 2949 eidem
641 2886 739 2950 Patri
750 2888 794 2950 de
805 2904 870 2951 suo
882 2887 1057 2951 desiderio
1069 2886 1300 2951 Germaniam
1312 2882 1503 2963 adjuvandi

276 2991 378 3070 dixin
394 3003 430 3055 et
444 2993 493 3055 ita
514 2994 607 3055 inter
632 2993 729 3073 ipsos
755 2994 933 3072 convenit,
961 3003 999 3056 ut
1021 2992 1060 3055 P.
1086 2992 1204 3056 Natali
1229 2993 1445 3055 scriberetur
1458 3006 1504 3051 ne

277 3098 445 3179 usquead
460 3099 651 3163 Octobrem
676 3100 757 3164 inde
778 3100 973 3178 recederet;
1000 3100 1095 3181 quod
1109 3116 1191 3163 cum
1205 3100 1326 3162 statim
1345 3096 1505 3175 scripsis-

278 3274 491 3287 -.-..-·-.-

274 3379 352 3422 ferito
363 3379 402 3421 col
414 3377 486 3421 Rmo.
498 3376 622 3421 cardinal
631 3376 736 3421 Morene
746 3389 760 3420 e
772 3389 787 3420 a
798 3378 872 3431 pleno
882 3378 1024 3421 informer&
1034 3376 1067 3420 V.
1078 3376 1104 3421 S.
1116 3376 1191 3421 Rma.
1204 3376 1237 3420 Μ.
1249 3375 1383 3419 Bernardo
1395 3380 1508 3428 nostro,

276 3449 373 3495 Carras
383 3449 416 3493 de
427 3447 482 3491 San
492 3447 613 3501 Ignacio,
621 3455 641 3492 t.
653 3462 678 3497 v.
689 3459 748 3502 pag.
756 3446 874 3491 ean-be
882 3449 923 3492 liis
934 3448 997 3492 nihii
1008 3449 1077 3502 apud
1087 3448 1188 3501 Houatt,
1199 3446 1334 3491 Hibernia
1343 3445 1505 3500 Ignatiamu

275 3521 366 3574 aliqua
376 3518 515 3574 prodibunt
526 3519 552 3563 iu
562 3518 637 3562 Nova
651 3518 727 3563 Seria
735 3520 890 3563 litterarum
900 3518 996 3563 Sancti
1006 3519 1116 3573 Ignatii.

318 3592 327 3624 ¹
356 3591 423 3635 Vide
433 3602 522 3645 supra,
533 3600 555 3634 t.
570 3602 606 3640 ιν,
617 3603 679 3647 pag.
694 3590 740 3643 176.
751 3591 833 3645 n.371,
844 3599 871 3636 et
881 3603 943 3647 pag.
955 3592 1002 3645 187,
1013 3603 1038 3635 u.
1047 3590 1098 3635 tuti.

318 3663 330 3694 ²
358 3661 450 3717 Supra,
458 3670 477 3705 t.
488 3670 525 3716 ιν,
533 3674 592 3717 pag.
604 3662 651 3715 187,
662 3674 686 3706 n.
696 3662 745 3707 39⁹.

317 3731 330 3763 ⁸
358 3733 530 3779 confirmatur
542 3734 583 3778 his
593 3736 658 3789 quod
671 3734 840 3790 coniectando
850 3741 952 3779 tantum
963 3734 1060 3778 dictum
1072 3740 1112 3778 eat
1123 3735 1154 3778 de
1169 3733 1387 3779 Patriassernardi
1402 3734 1510 3778 oliverii

277 3807 302 3849 in
314 3804 438 3858 Angliam
450 3806 609 3860 proiectione
619 3806 645 3850 iu
657 3804 751 3849 cartas
761 3807 795 3849 de
806 3806 861 3849 San
872 3805 992 3859 Ignacro,
1002 3814 1020 3849 t.
1032 3818 1058 3859 v,
1068 3817 1128 3860 pag.
1139 3806 1186 3859 272,
1197 3814 1283 3849 annot.
1294 3806 1315 3849 3.

320 3877 331 3908 ⁴
358 3876 451 3927 “Quem
467 3876 576 3931 primum
594 3888 625 3919 ex
645 3878 741 3920 nostrie
757 3878 822 3921 vidit
834 3876 941 3930 (Paulus
952 3876 1005 3931 tv),
1019 3883 1157 3932 postquam
1171 3877 1204 3920 ad
1219 3877 1402 3921 Pontificatum
1419 3884 1458 3921 est
1469 3890 1509 3921 aa·

277 3954 404 4002 sumptus.
415 3947 464 3991 init
476 3946 508 3989 ii.
519 3946 642 3991 Nicolaus
652 3948 798 3999 Bobadilla.
810 3960 884 4002 quem
895 3951 1038 4004 ampiexus,
1049 3956 1076 3991 et
1086 3951 1218 3993 osculatus
1227 3956 1315 4003 cauae
1325 3950 1509 4003 plurimisver-

276 4020 319 4063 bia
328 4030 401 4063 suam
412 4019 621 4062 benevolentiam
631 4020 813 4073 significavit...
824 4021 919 4063 Curias
930 4021 964 4063 de
974 4020 1029 4063 San
1039 4019 1159 4074 Ignacio,
1168 4027 1187 4063 t.
1197 4034 1222 4070 v.
1231 4032 1291 4075 pag.
1299 4020 1347 4065 tua.

320 4090 332 4123 ὅ
359 4091 454 4146 “Ayen
467 4090 510 4134 dia
525 4090 556 4133 de
572 4090 625 4134 San
635 4090 710 4143 Jnan,
728 4103 776 4145 que
792 4104 832 4136 me
848 4093 924 4137 envlo
941 4096 957 4135 a
974 4094 1093 4146 liutmun„
1107 4090 1226 4145 huetius
1241 4092 1306 4147 Regi
1321 4092 1507 4138 Romanorum.

279 4162 376 4205 Curias
387 4162 420 4205 de
432 4162 488 4205 San
501 4160 619 4214 ignatio,
628 4168 647 4206 t.
659 4174 683 4216 v,
693 4175 753 4218 pag.
763 4164 810 4207 23i.
1101 4164 1104 4169 '

318 4231 331 4265 θ
358 4232 514 4285 cardinalis,
525 4233 633 4281 scilicet.
641 4235 818 4288 Augustanus,
829 4236 891 4281 Otto
901 4237 1054 4282 Truehsean.
1066 4237 1131 4281 Vide
1141 4243 1230 4281 annot.
1240 4248 1294 4291 seq.
1303 4244 1329 4281 et
1345 4237 1421 4291 inira,
1434 4250 1460 4282 n.
1474 4239 1510 4284 ii.

318 4304 328 4335 ⁷
356 4304 457 4349 Oblitus
471 4310 511 4347 eet
533 4303 667 4354 Polancus‚
681 4308 723 4348 vel
740 4308 918 4359 praetermisit
933 4308 1065 4361 librarius,
1080 4309 1194 4352 scribere
1210 4309 1271 4363 quid
1289 4308 1335 4352 itoc
1349 4318 1426 4361 esset,
1443 4310 1511 4364 quod

277 4374 397 4421 Pontifex
414 4377 556 4420 concedere
573 4376 654 4421 uoluit
670 4377 750 4419 donec
767 4379 848 4431 ipsius
858 4379 945 4423 Patris
955 4379 1052 4434 ignatii
1066 4381 1222 4424 sententiam
1233 4381 1359 4423 audisset.
1374 4381 1474 4424 Verum
1485 4388 1510 4425 et

278 4450 394 4492 innuitur
411 4447 480 4492 inira
498 4454 524 4491 et
542 4453 632 4493 notum
648 4456 687 4491 est
703 4460 733 4491 ex
750 4450 847 4493 litteris
866 4462 945 4505 supra
960 4453 1051 4495 relatis
1072 4451 1179 4504 (Carras
1193 4452 1291 4495 deson
1308 4452 1434 4505 renarro,
1451 4460 1470 4497 t.
1484 4464 1512 4501 v,

278 4529 354 4573 page.
363 4520 401 4563 iol
413 4528 438 4563 et
450 4520 507 4569 ivit:
518 4518 597 4563 “Cum
607 4518 694 4564 anus.
706 4518 853 4566 Cardinalis
861 4524 1031 4577 Augustanus
1040 4523 1112 4573 (Otto
1123 4524 1277 4575 Truchsess)
1287 4526 1321 4567 ab
1328 4536 1359 4569 eo
1366 4526 1512 4576 (Pontifice)

280 4592 448 4634 contenderet
457 4598 486 4635 ut
497 4591 637 4635 Ductorem
649 4590 834 4649 Hieronymum
843 4594 965 4639 Natalem
976 4606 992 4638 a
1002 4594 1069 4647 ,iulio
1079 4593 1116 4638 111
1126 4598 1184 4639 bon.
1195 4606 1274 4639 mem.
1286 4596 1319 4639 ad
1335 4597 1458 4642 Diaetam
1469 4609 1512 4643 au·

281 4669 417 4715 gustantum
429 4674 487 4705 eum
496 4660 598 4715 Legato
613 4664 727 4715 missurn,
738 4665 763 4707 in
774 4675 805 4708 ea
821 4664 925 4709 natione
940 4676 1054 4721 manere,
1066 4667 1107 4711 cui
1125 4667 1262 4711 utilissima
1279 4668 1336 4723 eius
1350 4680 1430 4725 opera
1445 4677 1514 4723 erat,

278 4731 391 4787 juberer,
402 4735 510 4787 negavit
521 4744 547 4777 se
559 4734 631 4788 priua
641 4733 771 4779 iacturum
782 4747 858 4790 quam
868 4748 925 4780 curn
936 4737 966 4780 P.
977 4736 1007 4780 N.
1018 4738 1231 4792 Praepositorem
1241 4742 1411 4793 conferrem,
