3717 5400
626 1255 689 1334 DE
717 1256 963 1337 PROVINCIA
992 1255 1183 1336 SICILIAE

557 1601 603 1646 AC
624 1601 729 1647 PRIMO
752 1603 799 1648 DE
821 1602 993 1649 COLLEGIO
1016 1601 1241 1648 MESSANENSI.

349 2037 420 2101 520.
464 2037 577 2118 Hujus
593 2038 743 2118 Collegii
758 2040 793 2101 in
819 2039 964 2102 civitate
983 2038 1202 2100 Messanensi
1218 2040 1423 2118 auctoritas
1440 2036 1517 2103 Deo

287 2143 448 2224 iuvante,
464 2147 756 2220 conservabatur;
772 2163 856 2208 nam
871 2155 906 2208 et
927 2147 1090 2225 exempla
1111 2146 1366 2226 collegialium,
1388 2147 1424 2209 in
1444 2149 1516 2227 qui-

287 2252 355 2314 bus
370 2253 528 2315 charitas
542 2269 674 2332 magna
688 2254 862 2331 elucebat,
875 2263 910 2315 et
921 2252 1222 2316 confessariorum
1235 2254 1405 2333 patientia
1417 2264 1452 2318 et
1463 2270 1517 2318 ze·

288 2359 344 2420 los
371 2376 414 2422 ac
436 2361 681 2438 professorum
702 2362 738 2422 in
759 2360 975 2423 instituenda
993 2359 1178 2441 juventute
1200 2361 1353 2440 pervigil
1375 2379 1461 2424 cura
1483 2375 1517 2425 et

289 2467 454 2530 assiduus
479 2469 690 2530 concionum
714 2469 917 2547 perutiliom
939 2483 1036 2544 usus
1063 2467 1236 2530 efficiebat
1259 2477 1297 2530 ut
1318 2469 1424 2532 etiam
1445 2471 1517 2533 viri

287 2573 446 2653 primarii
463 2575 506 2636 de
521 2574 680 2653 Collegio
700 2575 831 2654 optime
851 2575 1023 2637 sentirent
1039 2583 1073 2636 et
1087 2575 1316 2653 loquerentur
1332 2573 1353 2634 ¹.
1370 2575 1442 2638 Alii
1458 2593 1516 2640 au·
1593 2593 1596 2604 ·

289 2690 360 2744 tem
375 2680 418 2744 de
433 2682 628 2745 mutatione
643 2682 741 2746 orbis
755 2691 836 2762 post
850 2690 1053 2745 nostrorum
1069 2682 1274 2760 adventum,
1291 2700 1333 2745 ac
1356 2684 1516 2763 profectu

288 2788 324 2851 ln
340 2790 436 2851 omni
451 2790 634 2853 hominum
647 2806 777 2868 genere
793 2808 835 2852 ac
851 2788 1052 2852 conditione
1067 2790 1219 2868 plurima
1235 2790 1414 2869 dIcebant;
1434 2808 1516 2872 quo-

288 2914 366 2958 rum
382 2897 538 2960 omnium
554 2898 619 2960 soli
634 2898 712 2960 Deo
728 2898 842 2960 honor
856 2907 891 2960 et
906 2897 1033 2975 gloria.

347 3002 419 3065 521.
462 3002 662 3083 Episcopus
675 3002 870 3084 Papiensis
892 3004 1082 3084 Inquisitor
1108 3004 1130 3081 ²,
1159 3014 1196 3067 ut
1221 3005 1329 3067 etIam
1355 3006 1413 3069 alii
1440 3005 1516 3086 ejus

289 3110 448 3189 collegae
463 3111 611 3174 libenter
626 3122 828 3174 nostrorum
844 3129 966 3191 opera,
984 3112 1060 3173 sive
1075 3112 1154 3175 libri
1169 3122 1288 3174 essent
1302 3112 1514 3190 castIgandi,

288 3217 367 3279 sive
388 3218 648 3297 propositiones
665 3218 805 3297 aliquae
829 3218 1054 3297 theologicae
1080 3226 1140 3281 aut
1165 3217 1430 3297 philosophicae
1455 3234 1516 3281 ex-

286 3324 494 3403 pendendae
505 3335 634 3401 essent,
648 3326 835 3388 utebantur
847 3324 869 3388 ³.
883 3325 928 3388 Et
941 3336 978 3389 ut
990 3326 1057 3388 hoc
1069 3326 1250 3403 sigillatim
1262 3324 1425 3401 reseram,
1436 3340 1516 3388 cum

286 3430 322 3492 in
336 3431 476 3510 publico
488 3433 640 3511 quodam
653 3441 688 3494 et
700 3433 848 3495 solemni
856 3431 1002 3511 judicio¹
1016 3432 1108 3494 inter
1121 3433 1209 3494 alios
1221 3450 1312 3508 reos¹
1324 3432 1467 3512 quidam
1480 3434 1515 3495 in

287 3537 468 3601 haeretica
483 3540 660 3617 pravitate
676 3538 886 3617 obstinatus,
903 3539 1052 3602 brachio
1068 3539 1242 3601 saeculari
1265 3550 1357 3602 esset
1378 3539 1517 3602 traden-

289 3642 356 3705 dus
370 3653 404 3707 et
420 3645 525 3708 morti
540 3644 808 3723 adjudicandus
825 3654 976 3723 quatuor
997 3646 1185 3724 religiosos
1206 3662 1251 3708 ex
1271 3646 1426 3725 quodam
1445 3660 1516 3708 mo-

288 3750 445 3813 nasterio
461 3750 659 3831 EpiScopus
673 3752 730 3813 ille
745 3751 935 3829 inquisitor
950 3752 1075 3814 adesse
1083 3750 1238 3830 jusserat
1250 3764 1287 3814 ut
1300 3769 1380 3815 eum
1390 3751 1517 3831 juvare

290 3859 499 3934 niterentur;
515 3869 549 3920 et
565 3874 646 3920 cum
671 3857 808 3919 videret
833 3858 869 3919 id
894 3874 956 3919 eos
980 3874 1087 3936 aegre
1112 3858 1216 3933 ferre,
1244 3868 1430 3937 postquam
1456 3876 1520 3921 eos

290 3963 525 4044 increpasset,
542 3964 633 4027 duos
647 3982 692 4027 ex
706 3965 838 4027 nostris
854 3965 1023 4028 accersiri
1035 3963 1131 4042 jubet
1147 3976 1180 4027 et
1197 3964 1263 4027 ait:
1282 3964 1352 4027 “En
1369 3966 1433 4027 hos
1444 3982 1517 4029 non

327 4244 334 4274 ¹
365 4240 431 4285 Huic
449 4242 565 4296 Collegro
582 4248 705 4297 praeerat
720 4242 797 4297 hujus
813 4242 873 4285 anni
892 4241 977 4289 Initio.
995 4250 1022 4285 ut
1042 4242 1144 4291 Rector.
1163 4242 1191 4285 P.
1209 4244 1322 4287 Annibal
1338 4244 1371 4288 du
1388 4244 1517 4302 Coudtey.

283 4310 370 4357 Erant
379 4321 467 4357 autem
477 4314 503 4358 ln
513 4315 632 4367 collegio,
642 4320 749 4367 praeter
758 4324 811 4365 eos,
821 4324 930 4368 qaorum
941 4324 1027 4367 supra.
1039 4321 1056 4357 t.
1069 4325 1105 4363 tv.
1117 4326 1177 4369 pag.
1188 4312 1234 4367 195,
1247 4326 1270 4357 ιι.
1281 4313 1328 4363 tao,
1339 4318 1433 4360 mentio
1445 4316 1518 4361 lacta

283 4393 333 4436 eat,
342 4387 375 4429 ir.
385 4386 503 4439 Angelos
512 4386 627 4439 Labaco,
637 4386 737 4429 romani
747 4384 885 4429 architecti
901 4386 1007 4428 Antonii
1020 4386 1130 4435 Labaco.
1144 4386 1211 4430 filius
1227 4387 1309 4439 (Vide
1328 4388 1518 4442 Rtaaoaaam,

290 4456 359 4501 Vida
367 4458 401 4501 de
411 4458 468 4502 San
478 4458 596 4513 Ignncio,
605 4460 649 4503 lib.
658 4471 684 4512 v,
696 4470 753 4513 cap.
763 4458 803 4512 9.),
813 4466 839 4500 et
855 4458 886 4500 ir.
902 4458 1015 4509 Joannes
1032 4458 1181 4511 Sabandos,
1200 4461 1241 4513 qui
1258 4460 1283 4503 ln
1300 4463 1457 4505 monasterio
1472 4474 1519 4506 seu

283 4526 400 4573 Aboula
409 4528 493 4574 Italae
505 4530 654 4584 aliquandiu
663 4535 786 4573 versatas
797 4536 837 4573 est
847 4528 963 4581 (Polancl
973 4530 1078 4573 litterae
1087 4531 1119 4573 ad
1128 4530 1156 4574 P.
1167 4530 1332 4581 Annibalem.
1345 4533 1400 4576 sine
1411 4533 1461 4585 dle.
1471 4534 1516 4577 sed

284 4608 358 4643 certo
371 4601 418 4644 ta·
428 4600 545 4653 Jannarll
557 4602 626 4654 1555).

325 4673 337 4704 ¹
363 4671 476 4725 Joannea
486 4674 659 4729 Hieronymus
670 4674 767 4717 Rossls.
778 4672 843 4717 Vide
853 4684 942 4727 snpra¹
955 4680 972 4716 t.
984 4685 1010 4723 ιι,
1021 4686 1080 4728 pag.
1091 4674 1118 4718 ³5
1128 4682 1154 4717 et
1165 4674 1203 4718 36.

325 4744 338 4775 ³
363 4742 701 4789 Mahabetmr'tteltantur.
