3717 5400
352 432 408 493 536
811 434 941 495 Canon.
959 434 1038 495 Soc.
1058 434 1129 509 Jas.

353 579 437 643 dam
452 580 603 659 insignis
617 581 802 645 architecti
817 598 913 662 usuS,
929 582 1034 647 simul
1050 600 1130 646 cum
1145 581 1182 647 Ρ.
1205 580 1368 663 Baptista
1391 581 1436 645 de
1454 580 1594 646 Barma.

353 688 543 752 formulam
557 690 615 753 vel
628 689 745 753 ideam
760 688 864 770 hujus
879 690 1031 754 aedificii
1042 689 1116 770 J'am
1137 690 1385 769 confecerant,
1409 700 1444 752 et
1466 688 1587 754 statim

355 794 501 875 lapides,
526 797 677 875 calcem,
700 798 798 877 ligna
820 798 1012 877 etreliqua
1034 798 1081 861 ad
1102 798 1243 861 hortum
1265 798 1360 860 hunc
1380 796 1590 860 necessaria

356 900 554 983 Episcopus
568 903 822 983 comportanda
839 905 980 968 curavit
997 902 1019 983 ¹;
1036 914 1178 984 tamque
1194 905 1287 968 serio
1304 903 1462 967 animum
1484 903 1530 968 ad
1550 902 1587 966 id

358 1009 537 1089 applicuit,
561 1020 598 1073 ut
617 1011 741 1075 eodem
764 1028 857 1075 anno
882 1022 1011 1093 quarta
1035 1012 1186 1076 aedificii
1211 1029 1315 1093 pars,
1341 1010 1377 1074 id
1402 1023 1468 1090 est,
1494 1013 1597 1076 latus.

357 1132 478 1195 unum,
495 1127 656 1197 speraret
670 1117 795 1182 confici
811 1136 932 1199 posse;
954 1129 989 1183 et
1003 1136 1137 1200 urgens
1158 1136 1243 1183 suos
1262 1119 1455 1197 ministros
1472 1119 1524 1182 eis
1538 1118 1587 1183 di·

299 1281 306 1291 .
358 1224 460 1287 cebat
475 1234 524 1304 ut,
541 1226 623 1289 licet
637 1226 824 1290 vendenda
839 1236 933 1290 esset
947 1230 1106 1307 supellex
1117 1238 1287 1308 argentea
1300 1239 1334 1289 et
1346 1225 1515 1308 quidquid
1527 1226 1587 1291 ha·

358 1332 469 1409 beret,
486 1348 575 1412 opus
590 1333 658 1395 hoc
673 1348 805 1411 magna
821 1351 902 1397 curn
917 1334 1098 1397 celeritate
1113 1332 1357 1397 conficeretur.

421 1437 510 1501 1463.
554 1439 700 1503 Praeter
714 1440 783 1503 hoc
798 1441 1010 1521 aedificium,
1027 1441 1214 1505 ecclesiam
1229 1440 1343 1521 ipsam
1357 1440 1496 1520 erigere
1508 1458 1597 1503 con·-

360 1545 535 1625 stituerat,
558 1546 593 1609 in
620 1564 690 1627 qua
709 1564 811 1613 suam
836 1550 1056 1629 sepulturam
1080 1550 1238 1628 elegerat
1264 1546 1289 1627 '3
1315 1548 1377 1611 sed
1403 1545 1590 1611 aedificata

361 1660 488 1731 quarta
515 1663 638 1733 parte,
660 1651 735 1733 jam
759 1654 944 1735 praedicta
970 1655 1112 1734 domus,
1140 1656 1244 1719 simul
1269 1672 1351 1717 cum
1376 1654 1446 1717 alia
1472 1654 1590 1731 domo,

360 1775 467 1838 quam
486 1758 714 1840 conjunctam
735 1761 889 1826 diximus
911 1772 946 1825 et
961 1761 1036 1841 J'arn
1055 1762 1188 1825 dudum
1208 1761 1448 1836 aedificatam,
1463 1778 1589 1842 suppe-

361 1866 482 1930 tebnat
497 1867 733 1932 habitationes
753 1870 903 1948 abunde,
920 1878 956 1934 et
971 1872 1105 1933 classes
1115 1870 1233 1950 etiam,
1247 1870 1284 1932 in
1296 1870 1422 1950 quibus
1432 1868 1592 1949 praelegi

362 1982 492 2053 posset.

424 2079 511 2144 1464.
555 2082 645 2146 Cum
660 2092 778 2147 autem
793 2083 832 2147 P.
849 2084 1010 2164 Baptista
1029 2084 1167 2147 fervere
1183 2084 1341 2148 animum
1356 2082 1525 2163 Episcopi
1539 2081 1598 2145 vi·-

362 2186 472 2266 deret,
500 2189 718 2253 existimavit
742 2208 814 2254 non
839 2192 1007 2271 expedire
1033 2203 1071 2255 ut
1090 2191 1171 2255 inde
1191 2192 1265 2271 ipse
1284 2191 1485 2268 recederet,
1508 2206 1590 2252 cum

361 2296 571 2375 praesertim
587 2295 663 2377 eius
678 2298 880 2378 praesentia
902 2308 937 2361 et
957 2316 1065 2378 opera
1090 2297 1462 2387 pergrata'Episcopo
1483 2307 1590 2359 esset.

361 2400 483 2466 Potius
499 2404 636 2466 censuit
651 2405 740 2469 alios
755 2405 961 2468 sacerdotes
975 2404 1143 2469 Valentia
1158 2404 1363 2468 evocandos
1377 2420 1467 2482 esse,
1483 2412 1522 2467 ut
1536 2420 1593 2465 sa·

362 2520 625 2573 eramentorum
646 2512 842 2575 ministeria
858 2510 1017 2576 Murciae
1032 2520 1256 2590 exercerent,
1278 2522 1314 2574 et
1333 2510 1515 2575 consuetis
1530 2508 1593 2575 So·

363 2616 502 2681 cietatis
516 2616 758 2683 functionibus
774 2629 1047 2701 occuparentur.

425 2725 512 2790 1465.
556 2726 685 2790 Paucis
700 2737 819 2792 autern
835 2728 959 2791 diebus
974 2726 1175 2792 aedificium
1188 2744 1401 2808 progressus
1413 2744 1474 2790 eos
1488 2724 1592 2790 lacie-

361 2832 434 2905 bat,
452 2814 725 2912 inspectatores
741 2852 812 2898 non
829 2851 955 2914 parum
970 2834 1243 2913 admirarentur;
1259 2835 1365 2897 nullis
1387 2835 1481 2898 enim
1502 2849 1599 2896 sum--

362 2939 480 3019 ptibus
495 2939 694 3020 Episcopus
708 2941 890 3021 parcebat,
908 2951 943 3005 et
958 2941 1077 3006 omnia
1092 2941 1284 3004 liberaliter
1299 2940 1376 3004 lieri
1390 2941 1543 3019 volebat;
1559 2950 1599 3004 et

363 3046 447 3126 quia
459 3046 533 3127 jam
547 3057 682 3112 emerat
697 3057 835 3128 partem
850 3048 1039 3126 redituum,
1055 3065 1144 3128 quos
1165 3048 1407 3128 applicaturus
1428 3056 1505 3110 erat
1526 3047 1600 3109 col·

362 3153 468 3234 legio,
485 3156 617 3218 nostris
633 3158 752 3219 statim
768 3134 968 3234 assignarit
982 3165 1161 3218 trecentos
1175 3172 1305 3218 aureos
1325 3172 1462 3218 annuos
1478 3150 1602 3233 hujus·

363 3262 459 3326 modi
484 3261 629 3341 reditus,
656 3274 695 3325 ut
715 3263 766 3326 eis
792 3264 913 3328 statim
932 3263 1146 3341 fruerentur,
1171 3262 1313 3326 interim
1335 3262 1418 3325 dum
1443 3261 1604 3341 reliquos

364 3369 441 3449 ipse
456 3369 671 3433 coemendos
686 3370 847 3432 curabat.

427 3474 515 3541 1466.
558 3475 748 3539 Praeterea
763 3487 866 3538 extra
881 3474 1067 3558 Murciam,
1084 3477 1188 3540 unius
1204 3478 1326 3539 leucae
1341 3473 1459 3555 spatio
1475 3473 1521 3537 ad
1541 3491 1602 3538 ra-

364 3582 462 3646 dices
476 3583 607 3646 montis
622 3581 819 3663 cujusdam,
837 3584 872 3646 in
888 3583 960 3646 situ
975 3583 1129 3663 quodam
1144 3582 1249 3647 valde
1263 3599 1412 3646 amoeno
1427 3593 1463 3644 et
1480 3581 1526 3644 ab
1541 3597 1600 3642 ae·

366 3690 477 3754 stibus
497 3690 571 3770 (qui
592 3689 689 3752 nimii
710 3698 792 3752 sunt
813 3689 983 3768 Murciae)
1003 3691 1092 3754 satis
1114 3691 1239 3767 libero,
1266 3689 1470 3752 eremitoria
1492 3705 1601 3768 quae-

365 3797 459 3872 dam,
477 3815 568 3877 quae
584 3793 631 3860 ibi
647 3798 731 3861 olim
746 3796 886 3860 fuerant
901 3807 936 3860 et
951 3799 1120 3878 temporis
1136 3806 1171 3860 et
1182 3798 1367 3860 hominum
1378 3793 1506 3875 injuria
1521 3812 1598 3858 cor-

367 3913 526 3982 ruerant,
553 3903 795 3967 reaedificavit
821 3921 901 3967 cum
921 3904 1156 3983 habitatione,
1180 3902 1243 3968 in⁸
1270 3921 1339 3984 qua
1361 3912 1512 3982 quatuor
1536 3915 1602 3966 aut

368 4083 578 4092 ..—--——--

407 4183 414 4216 1
445 4181 496 4236 Slc;
508 4181 606 4223 rectius
617 4185 703 4222 tamen
712 4179 870 4223 scriberetur
881 4181 929 4224 hoc
939 4181 1020 4223 modo:
1031 4181 1148 4233 lapides,
1157 4179 1268 4231 calcem,
1276 4179 1353 4233 tigna
1361 4183 1387 4223 et
1399 4179 1502 4232 reliqua
1512 4189 1603 4222 neces·

366 4255 443 4298 saria
455 4253 605 4308 Episcopus
616 4251 651 4294 ad
661 4249 768 4292 hortum
779 4251 849 4293 hunc
858 4251 1052 4305 comportanda
1061 4254 1176 4296 curavit.

405 4326 416 4358 ¹
444 4322 751 4376 “MurldelOblspoenel
763 4325 812 4364 ano
827 4323 1337 4378 1561)·(1111111αειιειιετροεεριιιωτι
1351 4335 1383 4366 eu
1396 4319 1601 4375 laCaplllalda·
1692 4357 1696 4364 .

366 4410 416 4455 yor
429 4400 460 4442 de
472 4410 501 4440 su
512 4395 625 4449 Colegio,
640 4395 666 4437 al
675 4393 734 4436 lado
744 4393 785 4436 del
797 4393 949 4449 Evangelio,
961 4407 992 4438 en
1002 4407 1036 4438 un
1047 4401 1149 4439 costoso
1157 4397 1275 4449 sepulcro
1285 4397 1316 4438 de
1327 4396 1461 4438 alabastro
1471 4405 1518 4437 con
1528 4404 1609 4437 sues⁴

367 4473 441 4514 tatua
452 4471 482 4513 de
495 4471 519 4512 lo
530 4469 629 4518 mismo,
640 4477 687 4509 con
698 4465 738 4507 las
748 4474 840 4508 contro
852 4466 970 4510 virtudes
980 4467 1137 4519 cardinales,
1148 4467 1427 4519 Justlcia,l’rudencia,
1437 4465 1605 4523 Fortalezay

367 4541 533 4596 Templum,
544 4553 561 4596 y
572 4541 597 4582 al
608 4537 718 4581 rededor
729 4536 770 4578 del
779 4539 908 4592 sepulcro,
920 4539 950 4581 de
962 4538 1059 4592 figuras
1070 4539 1100 4582 de
1108 4541 1243 4583 alabastro
1252 4540 1276 4582 el
1284 4539 1402 4582 martirio
1410 4551 1428 4594 y
1436 4537 1602 4582 barenasdel

368 4613 543 4658 Protomdrtir
555 4611 607 4655 San
617 4610 756 4660 Esteuan,
768 4607 905 4654 Gouzataz
918 4611 1029 4666 Dnvrta,
1045 4610 1158 4653 Thentro
1168 4611 1343 4662 eclesiastica
1354 4618 1372 4652 t.
1384 4621 1401 4662 1,
1418 4621 1478 4664 pag.
1492 4610 1540 4663 384,
1550 4609 1603 4656 8341.

407 4685 419 4718 ³
446 4685 580 4730 llahauet
591 4695 659 4728 cum.
