<?xml version="1.0" encoding="UTF-8"?>
<!DOCTYPE html PUBLIC "-//W3C//DTD XHTML 1.0 Transitional//EN"
    "http://www.w3.org/TR/xhtml1/DTD/xhtml1-transitional.dtd">
<html xmlns="http://www.w3.org/1999/xhtml" xml:lang="en" lang="en">
 <head>
  <title>
</title>
<meta http-equiv="Content-Type" content="text/html;charset=utf-8" />
  <meta name='ocr-system' content='tesseract 3.04.00' />
  <meta name='ocr-capabilities' content='ocr_page ocr_carea ocr_par ocr_line ocrx_word'/>
</head>
<body>
  <div class='ocr_page' id='page_1' title='image "./vitaignatiiloio01polagoog_0738.png"; bbox 0 0 3717 5400; ppageno 0'>
   <div class='ocr_carea' id='block_1_1' title="bbox 402 478 1177 557">
    <p class='ocr_par' dir='ltr' id='par_1_1' title="bbox 402 478 1177 557">
     <span class='ocr_line' id='line_1_1' title="bbox 402 478 1177 557; baseline -0.006 -14"><span class='ocrx_word' id='word_1_1' title='bbox 402 485 460 545; x_wconf 73' lang='lat'><strong>722</strong></span> <span class='ocrx_word' id='word_1_2' title='bbox 861 480 990 557; x_wconf 75' lang='lat' dir='ltr'><strong>Cunna.</strong></span> <span class='ocrx_word' id='word_1_3' title='bbox 1009 478 1087 557; x_wconf 80' lang='lat' dir='ltr'><strong>ch.</strong></span> <span class='ocrx_word' id='word_1_4' title='bbox 1106 481 1177 556; x_wconf 85' lang='lat' dir='ltr'><strong>Jns.</strong></span> 
     </span>
    </p>
   </div>
   <div class='ocr_carea' id='block_1_2' title="bbox 383 626 1634 3710">
    <p class='ocr_par' dir='ltr' id='par_1_2' title="bbox 398 626 1634 1247">
     <span class='ocr_line' id='line_1_2' title="bbox 405 626 1634 714; baseline -0.002 -18"><span class='ocrx_word' id='word_1_5' title='bbox 405 631 479 697; x_wconf 87' lang='lat' dir='ltr'><strong>rius</strong></span> <span class='ocrx_word' id='word_1_6' title='bbox 494 638 621 714; x_wconf 82' lang='lat' dir='ltr'><strong>agetur¹</strong></span> <span class='ocrx_word' id='word_1_7' title='bbox 637 627 645 661; x_wconf 83' lang='lat'><em>¹</em></span> <span class='ocrx_word' id='word_1_8' title='bbox 661 629 708 710; x_wconf 76' lang='lat' dir='ltr'><strong>(et</strong></span> <span class='ocrx_word' id='word_1_9' title='bbox 722 628 814 709; x_wconf 84' lang='lat' dir='ltr'><strong>alius</strong></span> <span class='ocrx_word' id='word_1_10' title='bbox 827 638 881 705; x_wconf 85' lang='lat' dir='ltr'><strong>est</strong></span> <span class='ocrx_word' id='word_1_11' title='bbox 895 629 940 691; x_wconf 91' lang='lat' dir='ltr'><strong>ab</strong></span> <span class='ocrx_word' id='word_1_12' title='bbox 957 629 1016 707; x_wconf 88' lang='lat' dir='ltr'><strong>illo</strong></span> <span class='ocrx_word' id='word_1_13' title='bbox 1030 626 1211 711; x_wconf 74' lang='lat' dir='ltr'><strong>praefecto</strong></span> <span class='ocrx_word' id='word_1_14' title='bbox 1226 627 1331 707; x_wconf 78' lang='lat' dir='ltr'><strong>navis</strong></span> <span class='ocrx_word' id='word_1_15' title='bbox 1344 626 1501 709; x_wconf 79' lang='lat' dir='ltr'><strong>ejusdem</strong></span> <span class='ocrx_word' id='word_1_16' title='bbox 1523 629 1634 711; x_wconf 56' lang='lat' dir='ltr'><strong>nomi*</strong></span> 
     </span>
     <span class='ocr_line' id='line_1_3' title="bbox 402 735 1634 819; baseline -0.002 -15"><span class='ocrx_word' id='word_1_17' title='bbox 402 741 481 819; x_wconf 90' lang='lat' dir='ltr'><strong>nis),</strong></span> <span class='ocrx_word' id='word_1_18' title='bbox 498 739 593 803; x_wconf 88' lang='lat' dir='ltr'><strong>misit</strong></span> <span class='ocrx_word' id='word_1_19' title='bbox 607 738 652 800; x_wconf 89' lang='lat' dir='ltr'><strong>ad</strong></span> <span class='ocrx_word' id='word_1_20' title='bbox 667 754 749 801; x_wconf 90' lang='lat' dir='ltr'><strong>eum</strong></span> <span class='ocrx_word' id='word_1_21' title='bbox 762 738 832 800; x_wconf 91' lang='lat' dir='ltr'><strong>duo</strong></span> <span class='ocrx_word' id='word_1_22' title='bbox 846 737 957 800; x_wconf 90' lang='lat' dir='ltr'><strong>millia</strong></span> <span class='ocrx_word' id='word_1_23' title='bbox 970 737 1193 815; x_wconf 84' lang='lat' dir='ltr'><strong>ducatorum,</strong></span> <span class='ocrx_word' id='word_1_24' title='bbox 1209 745 1248 799; x_wconf 89' lang='lat' dir='ltr'><strong>ut</strong></span> <span class='ocrx_word' id='word_1_25' title='bbox 1261 746 1382 817; x_wconf 90' lang='lat' dir='ltr'><strong>posset</strong></span> <span class='ocrx_word' id='word_1_26' title='bbox 1402 752 1480 799; x_wconf 92' lang='lat' dir='ltr'><strong>sese</strong></span> <span class='ocrx_word' id='word_1_27' title='bbox 1495 735 1540 799; x_wconf 88' lang='lat' dir='ltr'><strong>ad</strong></span> <span class='ocrx_word' id='word_1_28' title='bbox 1563 736 1634 815; x_wconf 72' lang='lat' dir='ltr'><strong>hoa</strong></span> 
     </span>
     <span class='ocr_line' id='line_1_4' title="bbox 401 842 1631 929; baseline -0.004 -17"><span class='ocrx_word' id='word_1_29' title='bbox 401 848 469 914; x_wconf 87' lang='lat' dir='ltr'><strong>iter</strong></span> <span class='ocrx_word' id='word_1_30' title='bbox 488 863 614 919; x_wconf 89' lang='lat' dir='ltr'><strong>versus</strong></span> <span class='ocrx_word' id='word_1_31' title='bbox 633 845 807 929; x_wconf 86' lang='lat' dir='ltr'><strong>Japonem</strong></span> <span class='ocrx_word' id='word_1_32' title='bbox 825 859 1058 925; x_wconf 88' lang='lat' dir='ltr'><strong>praeparare,</strong></span> <span class='ocrx_word' id='word_1_33' title='bbox 1079 860 1126 907; x_wconf 75' lang='lat' dir='ltr'><strong>ea</strong></span> <span class='ocrx_word' id='word_1_34' title='bbox 1147 860 1216 925; x_wconf 91' lang='lat' dir='ltr'><strong>quo</strong></span> <span class='ocrx_word' id='word_1_35' title='bbox 1236 842 1383 919; x_wconf 88' lang='lat' dir='ltr'><strong>multum</strong></span> <span class='ocrx_word' id='word_1_36' title='bbox 1402 842 1563 921; x_wconf 80' lang='lat' dir='ltr'>utilitatis</span> <span class='ocrx_word' id='word_1_37' title='bbox 1584 844 1631 907; x_wconf 90' lang='lat' dir='ltr'><strong>ad</strong></span> 
     </span>
     <span class='ocr_line' id='line_1_5' title="bbox 400 948 1632 1034; baseline -0.006 -13"><span class='ocrx_word' id='word_1_38' title='bbox 400 953 597 1034; x_wconf 75' lang='lat' dir='ltr'>Religionis</span> <span class='ocrx_word' id='word_1_39' title='bbox 610 953 794 1033; x_wconf 84' lang='lat' dir='ltr'>negotium</span> <span class='ocrx_word' id='word_1_40' title='bbox 808 950 1088 1031; x_wconf 78' lang='lat' dir='ltr'><strong>promovendum</strong></span> <span class='ocrx_word' id='word_1_41' title='bbox 1108 951 1286 1031; x_wconf 74' lang='lat' dir='ltr'>sperabat.</span> <span class='ocrx_word' id='word_1_42' title='bbox 1308 948 1378 1015; x_wconf 82' lang='lat' dir='ltr'><strong>Sed</strong></span> <span class='ocrx_word' id='word_1_43' title='bbox 1396 948 1434 1013; x_wconf 87' lang='lat' dir='ltr'><strong>P.</strong></span> <span class='ocrx_word' id='word_1_44' title='bbox 1456 948 1632 1029; x_wconf 77' lang='lat' dir='ltr'><strong>bleichion</strong></span> 
     </span>
     <span class='ocr_line' id='line_1_6' title="bbox 400 1056 1631 1142; baseline -0.005 -15"><span class='ocrx_word' id='word_1_45' title='bbox 400 1062 469 1127; x_wconf 88' lang='lat' dir='ltr'><strong>hac</strong></span> <span class='ocrx_word' id='word_1_46' title='bbox 482 1060 620 1128; x_wconf 86' lang='lat' dir='ltr'><strong>liberali</strong></span> <span class='ocrx_word' id='word_1_47' title='bbox 633 1061 859 1139; x_wconf 85' lang='lat' dir='ltr'>eleemosyna</span> <span class='ocrx_word' id='word_1_48' title='bbox 874 1075 946 1125; x_wconf 89' lang='lat' dir='ltr'><strong>non</strong></span> <span class='ocrx_word' id='word_1_49' title='bbox 961 1057 1127 1142; x_wconf 74' lang='lat' dir='ltr'><strong>indiguit,</strong></span> <span class='ocrx_word' id='word_1_50' title='bbox 1144 1074 1227 1121; x_wconf 87' lang='lat' dir='ltr'><strong>nam</strong></span> <span class='ocrx_word' id='word_1_51' title='bbox 1241 1056 1332 1124; x_wconf 88' lang='lat' dir='ltr'><strong>duae</strong></span> <span class='ocrx_word' id='word_1_52' title='bbox 1346 1056 1405 1119; x_wconf 92' lang='lat' dir='ltr'><strong>vel</strong></span> <span class='ocrx_word' id='word_1_53' title='bbox 1424 1066 1496 1120; x_wconf 90' lang='lat' dir='ltr'><strong>tres</strong></span> <span class='ocrx_word' id='word_1_54' title='bbox 1516 1074 1631 1135; x_wconf 74' lang='lat' dir='ltr'><strong>navas</strong></span> 
     </span>
     <span class='ocr_line' id='line_1_7' title="bbox 398 1163 1485 1247; baseline -0.006 -14"><span class='ocrx_word' id='word_1_55' title='bbox 398 1169 497 1240; x_wconf 89' lang='lat' dir='ltr'><strong>venti</strong></span> <span class='ocrx_word' id='word_1_56' title='bbox 511 1169 704 1231; x_wconf 87' lang='lat' dir='ltr'><strong>motionem</strong></span> <span class='ocrx_word' id='word_1_57' title='bbox 718 1165 956 1247; x_wconf 81' lang='lat' dir='ltr'><strong>expectabant</strong></span> <span class='ocrx_word' id='word_1_58' title='bbox 970 1174 1008 1229; x_wconf 88' lang='lat' dir='ltr'><strong>ut</strong></span> <span class='ocrx_word' id='word_1_59' title='bbox 1023 1163 1059 1228; x_wconf 89' lang='lat' dir='ltr'><strong>in</strong></span> <span class='ocrx_word' id='word_1_60' title='bbox 1073 1164 1244 1247; x_wconf 79' lang='lat' dir='ltr'><strong>Japonem</strong></span> <span class='ocrx_word' id='word_1_61' title='bbox 1260 1163 1485 1243; x_wconf 86' lang='lat' dir='ltr'><strong>navigarent.</strong></span> 
     </span>
    </p>

    <p class='ocr_par' dir='ltr' id='par_1_3' title="bbox 388 1269 1631 2748">
     <span class='ocr_line' id='line_1_8' title="bbox 459 1269 1631 1351; baseline -0.005 -10"><span class='ocrx_word' id='word_1_62' title='bbox 459 1274 552 1341; x_wconf 79' lang='lat'><strong>2025.</strong></span> <span class='ocrx_word' id='word_1_63' title='bbox 595 1273 769 1339; x_wconf 83' lang='lat' dir='ltr'><strong>Invitatus</strong></span> <span class='ocrx_word' id='word_1_64' title='bbox 793 1272 902 1339; x_wconf 86' lang='lat' dir='ltr'><strong>etiam</strong></span> <span class='ocrx_word' id='word_1_65' title='bbox 919 1271 984 1335; x_wconf 85' lang='lat' dir='ltr'><strong>fuit</strong></span> <span class='ocrx_word' id='word_1_66' title='bbox 1004 1288 1026 1333; x_wconf 85' lang='lat' dir='ltr'><strong>a</strong></span> <span class='ocrx_word' id='word_1_67' title='bbox 1045 1269 1143 1351; x_wconf 85' lang='lat' dir='ltr'>Rege</span> <span class='ocrx_word' id='word_1_68' title='bbox 1162 1270 1323 1349; x_wconf 89' lang='lat' dir='ltr'><strong>Firandi,</strong></span> <span class='ocrx_word' id='word_1_69' title='bbox 1344 1271 1404 1351; x_wconf 92' lang='lat' dir='ltr'><strong>qui</strong></span> <span class='ocrx_word' id='word_1_70' title='bbox 1423 1272 1560 1335; x_wconf 82' lang='lat' dir='ltr'><strong>litteras</strong></span> <span class='ocrx_word' id='word_1_71' title='bbox 1581 1270 1631 1346; x_wconf 84' lang='lat' dir='ltr'><strong>ad</strong></span> 
     </span>
     <span class='ocr_line' id='line_1_9' title="bbox 398 1376 1629 1464; baseline -0.003 -17"><span class='ocrx_word' id='word_1_72' title='bbox 398 1383 515 1464; x_wconf 91' lang='lat' dir='ltr'><strong>ipsum</strong></span> <span class='ocrx_word' id='word_1_73' title='bbox 526 1382 564 1445; x_wconf 89' lang='lat' dir='ltr'><strong>P.</strong></span> <span class='ocrx_word' id='word_1_74' title='bbox 577 1380 805 1455; x_wconf 83' lang='lat' dir='ltr'><strong>Melchiorein</strong></span> <span class='ocrx_word' id='word_1_75' title='bbox 813 1378 957 1459; x_wconf 90' lang='lat' dir='ltr'><strong>scripsit</strong></span> <span class='ocrx_word' id='word_1_76' title='bbox 967 1378 1105 1443; x_wconf 90' lang='lat' dir='ltr'><strong>decima</strong></span> <span class='ocrx_word' id='word_1_77' title='bbox 1113 1388 1215 1443; x_wconf 85' lang='lat' dir='ltr'><strong>sexta</strong></span> <span class='ocrx_word' id='word_1_78' title='bbox 1223 1376 1498 1459; x_wconf 89' lang='lat' dir='ltr'><strong>Octobrishujus</strong></span> <span class='ocrx_word' id='word_1_79' title='bbox 1507 1379 1592 1447; x_wconf 86' lang='lat' dir='ltr'><strong>anni</strong></span> <span class='ocrx_word' id='word_1_80' title='bbox 1603 1378 1629 1455; x_wconf 90' lang='lat'><strong>¹,</strong></span> 
     </span>
     <span class='ocr_line' id='line_1_10' title="bbox 396 1482 1631 1571; baseline -0.01 -12"><span class='ocrx_word' id='word_1_81' title='bbox 396 1492 457 1571; x_wconf 85' lang='lat' dir='ltr'><strong>qui</strong></span> <span class='ocrx_word' id='word_1_82' title='bbox 471 1490 611 1557; x_wconf 86' lang='lat' dir='ltr'><strong>dicebat</strong></span> <span class='ocrx_word' id='word_1_83' title='bbox 636 1506 657 1551; x_wconf 90' lang='lat' dir='ltr'><strong>a</strong></span> <span class='ocrx_word' id='word_1_84' title='bbox 676 1487 714 1552; x_wconf 87' lang='lat' dir='ltr'><strong>P.</strong></span> <span class='ocrx_word' id='word_1_85' title='bbox 740 1486 935 1554; x_wconf 89' lang='lat' dir='ltr'><strong>Francisco</strong></span> <span class='ocrx_word' id='word_1_86' title='bbox 959 1484 1094 1563; x_wconf 84' lang='lat' dir='ltr'><strong>Xavier</strong></span> <span class='ocrx_word' id='word_1_87' title='bbox 1114 1493 1152 1563; x_wconf 73' lang='lat' dir='ltr'><strong>et</strong></span> <span class='ocrx_word' id='word_1_88' title='bbox 1175 1504 1201 1563; x_wconf 58' lang='lat' dir='ltr'><strong>a,</strong></span> <span class='ocrx_word' id='word_1_89' title='bbox 1218 1482 1259 1563; x_wconf 82' lang='lat' dir='ltr'><strong>P,</strong></span> <span class='ocrx_word' id='word_1_90' title='bbox 1283 1484 1494 1551; x_wconf 87' lang='lat' dir='ltr'><strong>Baithasare</strong></span> <span class='ocrx_word' id='word_1_91' title='bbox 1520 1484 1631 1567; x_wconf 81' lang='lat' dir='ltr'><strong>Gago.</strong></span> 
     </span>
     <span class='ocr_line' id='line_1_11' title="bbox 396 1590 1627 1674; baseline -0.007 -11"><span class='ocrx_word' id='word_1_92' title='bbox 396 1596 613 1663; x_wconf 88' lang='lat' dir='ltr'><strong>christianos</strong></span> <span class='ocrx_word' id='word_1_93' title='bbox 638 1595 775 1674; x_wconf 90' lang='lat' dir='ltr'><strong>aliquos</strong></span> <span class='ocrx_word' id='word_1_94' title='bbox 799 1594 835 1657; x_wconf 92' lang='lat' dir='ltr'><strong>in</strong></span> <span class='ocrx_word' id='word_1_95' title='bbox 854 1593 914 1657; x_wconf 92' lang='lat' dir='ltr'><strong>illa</strong></span> <span class='ocrx_word' id='word_1_96' title='bbox 927 1608 993 1657; x_wconf 86' lang='lat' dir='ltr'><strong>sua</strong></span> <span class='ocrx_word' id='word_1_97' title='bbox 1011 1590 1201 1657; x_wconf 86' lang='lat' dir='ltr'><strong>Provincia</strong></span> <span class='ocrx_word' id='word_1_98' title='bbox 1225 1591 1339 1657; x_wconf 86' lang='lat' dir='ltr'><strong>iactos</strong></span> <span class='ocrx_word' id='word_1_99' title='bbox 1358 1591 1484 1669; x_wconf 83' lang='lat' dir='ltr'><strong>luisse,</strong></span> <span class='ocrx_word' id='word_1_100' title='bbox 1508 1602 1543 1655; x_wconf 90' lang='lat' dir='ltr'><strong>et</strong></span> <span class='ocrx_word' id='word_1_101' title='bbox 1564 1592 1627 1656; x_wconf 55' lang='lat' dir='ltr'><strong>alia</strong></span> 
     </span>
     <span class='ocr_line' id='line_1_12' title="bbox 396 1696 1627 1785; baseline -0.002 -18"><span class='ocrx_word' id='word_1_102' title='bbox 396 1719 485 1785; x_wconf 90' lang='lat' dir='ltr'><strong>quos</strong></span> <span class='ocrx_word' id='word_1_103' title='bbox 498 1720 545 1769; x_wconf 84' lang='lat' dir='ltr'><strong>ex</strong></span> <span class='ocrx_word' id='word_1_104' title='bbox 558 1702 615 1767; x_wconf 89' lang='lat' dir='ltr'><strong>his</strong></span> <span class='ocrx_word' id='word_1_105' title='bbox 627 1718 712 1767; x_wconf 89' lang='lat' dir='ltr'><strong>suos</strong></span> <span class='ocrx_word' id='word_1_106' title='bbox 726 1700 1022 1778; x_wconf 88' lang='lat' dir='ltr'><strong>consanguineos,</strong></span> <span class='ocrx_word' id='word_1_107' title='bbox 1043 1708 1078 1763; x_wconf 88' lang='lat' dir='ltr'><strong>et</strong></span> <span class='ocrx_word' id='word_1_108' title='bbox 1093 1698 1181 1763; x_wconf 91' lang='lat' dir='ltr'><strong>alios</strong></span> <span class='ocrx_word' id='word_1_109' title='bbox 1200 1699 1353 1779; x_wconf 91' lang='lat' dir='ltr'><strong>nobiles,</strong></span> <span class='ocrx_word' id='word_1_110' title='bbox 1369 1708 1404 1763; x_wconf 88' lang='lat' dir='ltr'><strong>et</strong></span> <span class='ocrx_word' id='word_1_111' title='bbox 1420 1696 1455 1763; x_wconf 91' lang='lat' dir='ltr'><strong>id</strong></span> <span class='ocrx_word' id='word_1_112' title='bbox 1471 1699 1538 1763; x_wconf 89' lang='lat' dir='ltr'><strong>sibi</strong></span> <span class='ocrx_word' id='word_1_113' title='bbox 1553 1717 1627 1765; x_wconf 59' lang='lat' dir='ltr'><strong>mae</strong></span> 
     </span>
     <span class='ocr_line' id='line_1_13' title="bbox 395 1804 1626 1891; baseline -0.004 -17"><span class='ocrx_word' id='word_1_114' title='bbox 395 1826 553 1891; x_wconf 84' lang='lat' dir='ltr'><strong>gnopere</strong></span> <span class='ocrx_word' id='word_1_115' title='bbox 573 1808 750 1889; x_wconf 86' lang='lat' dir='ltr'><strong>placuisse</strong></span> <span class='ocrx_word' id='word_1_116' title='bbox 768 1806 937 1885; x_wconf 78' lang='lat' dir='ltr'><strong>affirmat3</strong></span> <span class='ocrx_word' id='word_1_117' title='bbox 961 1822 1005 1869; x_wconf 92' lang='lat' dir='ltr'><strong>ac</strong></span> <span class='ocrx_word' id='word_1_118' title='bbox 1026 1822 1064 1871; x_wconf 89' lang='lat' dir='ltr'><strong>se</strong></span> <span class='ocrx_word' id='word_1_119' title='bbox 1086 1804 1274 1887; x_wconf 85' lang='lat' dir='ltr'><strong>aliquoties</strong></span> <span class='ocrx_word' id='word_1_120' title='bbox 1288 1822 1410 1869; x_wconf 91' lang='lat' dir='ltr'><strong>eorum</strong></span> <span class='ocrx_word' id='word_1_121' title='bbox 1425 1805 1626 1883; x_wconf 70' lang='lat' dir='ltr'><strong>doctrinata</strong></span> 
     </span>
     <span class='ocr_line' id='line_1_14' title="bbox 394 1912 1625 1995; baseline -0.006 -14"><span class='ocrx_word' id='word_1_122' title='bbox 394 1915 585 1995; x_wconf 88' lang='lat' dir='ltr'><strong>audivisse,</strong></span> <span class='ocrx_word' id='word_1_123' title='bbox 603 1931 709 1995; x_wconf 90' lang='lat' dir='ltr'><strong>quam</strong></span> <span class='ocrx_word' id='word_1_124' title='bbox 728 1928 945 1993; x_wconf 81' lang='lat' dir='ltr'><strong>magnopere</strong></span> <span class='ocrx_word' id='word_1_125' title='bbox 965 1913 1196 1992; x_wconf 87' lang='lat' dir='ltr'><strong>probaverat,</strong></span> <span class='ocrx_word' id='word_1_126' title='bbox 1219 1920 1253 1976; x_wconf 93' lang='lat' dir='ltr'><strong>et</strong></span> <span class='ocrx_word' id='word_1_127' title='bbox 1272 1912 1310 1981; x_wconf 90' lang='lat' dir='ltr'><strong>in</strong></span> <span class='ocrx_word' id='word_1_128' title='bbox 1328 1912 1435 1976; x_wconf 90' lang='lat' dir='ltr'><strong>corde</strong></span> <span class='ocrx_word' id='word_1_129' title='bbox 1455 1928 1519 1976; x_wconf 89' lang='lat' dir='ltr'><strong>suo</strong></span> <span class='ocrx_word' id='word_1_130' title='bbox 1540 1913 1625 1989; x_wconf 77' lang='lat' dir='ltr'><strong>reti.</strong></span> 
     </span>
     <span class='ocr_line' id='line_1_15' title="bbox 393 2018 1623 2102; baseline -0.005 -14"><span class='ocrx_word' id='word_1_131' title='bbox 393 2024 511 2102; x_wconf 89' lang='lat' dir='ltr'><strong>nebat,</strong></span> <span class='ocrx_word' id='word_1_132' title='bbox 528 2040 571 2085; x_wconf 88' lang='lat' dir='ltr'><strong>ac</strong></span> <span class='ocrx_word' id='word_1_133' title='bbox 587 2021 743 2085; x_wconf 91' lang='lat' dir='ltr'><strong>vicinum</strong></span> <span class='ocrx_word' id='word_1_134' title='bbox 761 2037 800 2083; x_wconf 91' lang='lat' dir='ltr'><strong>se</strong></span> <span class='ocrx_word' id='word_1_135' title='bbox 819 2036 897 2083; x_wconf 88' lang='lat' dir='ltr'><strong>esse</strong></span> <span class='ocrx_word' id='word_1_136' title='bbox 919 2018 1118 2096; x_wconf 82' lang='lat' dir='ltr'><strong>affirmabat</strong></span> <span class='ocrx_word' id='word_1_137' title='bbox 1138 2028 1176 2083; x_wconf 90' lang='lat' dir='ltr'><strong>ut</strong></span> <span class='ocrx_word' id='word_1_138' title='bbox 1195 2018 1302 2095; x_wconf 81' lang='lat' dir='ltr'><strong>iidem¹</strong></span> <span class='ocrx_word' id='word_1_139' title='bbox 1320 2018 1452 2084; x_wconf 89' lang='lat' dir='ltr'><strong>Christi</strong></span> <span class='ocrx_word' id='word_1_140' title='bbox 1470 2020 1623 2099; x_wconf 86' lang='lat' dir='ltr'><strong>suscipe·</strong></span> 
     </span>
     <span class='ocr_line' id='line_1_16' title="bbox 392 2124 1623 2210; baseline -0.004 -14"><span class='ocrx_word' id='word_1_141' title='bbox 392 2143 457 2210; x_wconf 89' lang='lat' dir='ltr'><strong>ret;</strong></span> <span class='ocrx_word' id='word_1_142' title='bbox 473 2138 509 2194; x_wconf 93' lang='lat' dir='ltr'><strong>et</strong></span> <span class='ocrx_word' id='word_1_143' title='bbox 522 2129 602 2194; x_wconf 90' lang='lat' dir='ltr'><strong>ideo</strong></span> <span class='ocrx_word' id='word_1_144' title='bbox 617 2137 824 2209; x_wconf 85' lang='lat' dir='ltr'><strong>pergratum</strong></span> <span class='ocrx_word' id='word_1_145' title='bbox 836 2126 905 2207; x_wconf 93' lang='lat' dir='ltr'><strong>ipsi</strong></span> <span class='ocrx_word' id='word_1_146' title='bbox 921 2124 1080 2191; x_wconf 83' lang='lat' dir='ltr'><strong>futurum</strong></span> <span class='ocrx_word' id='word_1_147' title='bbox 1095 2142 1191 2207; x_wconf 85' lang='lat' dir='ltr'><strong>esse,</strong></span> <span class='ocrx_word' id='word_1_148' title='bbox 1208 2126 1240 2193; x_wconf 89' lang='lat' dir='ltr'><strong>si</strong></span> <span class='ocrx_word' id='word_1_149' title='bbox 1255 2124 1292 2193; x_wconf 87' lang='lat' dir='ltr'><strong>P.</strong></span> <span class='ocrx_word' id='word_1_150' title='bbox 1309 2126 1480 2191; x_wconf 90' lang='lat' dir='ltr'><strong>Melchior</strong></span> <span class='ocrx_word' id='word_1_151' title='bbox 1499 2144 1541 2191; x_wconf 91' lang='lat' dir='ltr'><strong>eo</strong></span> <span class='ocrx_word' id='word_1_152' title='bbox 1564 2145 1623 2191; x_wconf 92' lang='lat' dir='ltr'><strong>ve·</strong></span> 
     </span>
     <span class='ocr_line' id='line_1_17' title="bbox 393 2234 1623 2315; baseline 0.002 -13"><span class='ocrx_word' id='word_1_153' title='bbox 393 2239 496 2315; x_wconf 87' lang='lat' dir='ltr'><strong>niret;</strong></span> <span class='ocrx_word' id='word_1_154' title='bbox 512 2238 595 2299; x_wconf 90' lang='lat' dir='ltr'><strong>iicet</strong></span> <span class='ocrx_word' id='word_1_155' title='bbox 609 2235 702 2299; x_wconf 91' lang='lat' dir='ltr'><strong>enim</strong></span> <span class='ocrx_word' id='word_1_156' title='bbox 716 2235 826 2297; x_wconf 92' lang='lat' dir='ltr'><strong>semei</strong></span> <span class='ocrx_word' id='word_1_157' title='bbox 843 2251 917 2297; x_wconf 88' lang='lat' dir='ltr'><strong>non</strong></span> <span class='ocrx_word' id='word_1_158' title='bbox 936 2234 1090 2297; x_wconf 88' lang='lat' dir='ltr'><strong>stetisset</strong></span> <span class='ocrx_word' id='word_1_159' title='bbox 1108 2234 1308 2314; x_wconf 78' lang='lat' dir='ltr'><strong>promissiS,</strong></span> <span class='ocrx_word' id='word_1_160' title='bbox 1330 2250 1368 2297; x_wconf 89' lang='lat' dir='ltr'><strong>se</strong></span> <span class='ocrx_word' id='word_1_161' title='bbox 1384 2234 1420 2297; x_wconf 88' lang='lat' dir='ltr'><strong>in</strong></span> <span class='ocrx_word' id='word_1_162' title='bbox 1439 2242 1623 2315; x_wconf 79' lang='lat' dir='ltr'><strong>posterum</strong></span> 
     </span>
     <span class='ocr_line' id='line_1_18' title="bbox 391 2340 1623 2420; baseline -0.005 -10"><span class='ocrx_word' id='word_1_163' title='bbox 391 2344 496 2412; x_wconf 87' lang='lat' dir='ltr'><strong>fidem</strong></span> <span class='ocrx_word' id='word_1_164' title='bbox 524 2361 625 2407; x_wconf 87' lang='lat' dir='ltr'><strong>suam</strong></span> <span class='ocrx_word' id='word_1_165' title='bbox 650 2342 902 2420; x_wconf 89' lang='lat' dir='ltr'><strong>liberaturum,</strong></span> <span class='ocrx_word' id='word_1_166' title='bbox 927 2350 963 2405; x_wconf 92' lang='lat' dir='ltr'><strong>et</strong></span> <span class='ocrx_word' id='word_1_167' title='bbox 991 2358 1028 2404; x_wconf 92' lang='lat' dir='ltr'><strong>se</strong></span> <span class='ocrx_word' id='word_1_168' title='bbox 1053 2357 1134 2405; x_wconf 89' lang='lat' dir='ltr'><strong>cum</strong></span> <span class='ocrx_word' id='word_1_169' title='bbox 1161 2340 1295 2405; x_wconf 87' lang='lat' dir='ltr'><strong>honore</strong></span> <span class='ocrx_word' id='word_1_170' title='bbox 1323 2340 1361 2405; x_wconf 89' lang='lat' dir='ltr'><strong>P.</strong></span> <span class='ocrx_word' id='word_1_171' title='bbox 1392 2340 1623 2419; x_wconf 87' lang='lat' dir='ltr'><strong>Melchiorem</strong></span> 
     </span>
     <span class='ocr_line' id='line_1_19' title="bbox 392 2446 1625 2541; baseline -0.001 -24"><span class='ocrx_word' id='word_1_172' title='bbox 392 2460 636 2533; x_wconf 84' lang='lat' dir='ltr'><strong>excepturum.</strong></span> <span class='ocrx_word' id='word_1_173' title='bbox 652 2448 697 2513; x_wconf 91' lang='lat' dir='ltr'><strong>Et</strong></span> <span class='ocrx_word' id='word_1_174' title='bbox 712 2448 762 2511; x_wconf 90' lang='lat' dir='ltr'><strong>ita</strong></span> <span class='ocrx_word' id='word_1_175' title='bbox 776 2448 958 2541; x_wconf 86' lang='lat' dir='ltr'><strong>constituit</strong></span> <span class='ocrx_word' id='word_1_176' title='bbox 973 2446 996 2526; x_wconf 83' lang='lat'><strong>³,</strong></span> <span class='ocrx_word' id='word_1_177' title='bbox 1018 2457 1207 2527; x_wconf 89' lang='lat' dir='ltr'><strong>antequam</strong></span> <span class='ocrx_word' id='word_1_178' title='bbox 1222 2448 1259 2511; x_wconf 90' lang='lat' dir='ltr'><strong>in</strong></span> <span class='ocrx_word' id='word_1_179' title='bbox 1274 2448 1409 2511; x_wconf 87' lang='lat' dir='ltr'><strong>indiam</strong></span> <span class='ocrx_word' id='word_1_180' title='bbox 1423 2446 1569 2523; x_wconf 84' lang='lat' dir='ltr'><strong>rediret,</strong></span> <span class='ocrx_word' id='word_1_181' title='bbox 1585 2449 1625 2516; x_wconf 84' lang='lat' dir='ltr'><strong>in</strong></span> 
     </span>
     <span class='ocr_line' id='line_1_20' title="bbox 388 2555 1623 2643; baseline -0.003 -21"><span class='ocrx_word' id='word_1_182' title='bbox 388 2559 563 2643; x_wconf 88' lang='lat' dir='ltr'><strong>Japonem</strong></span> <span class='ocrx_word' id='word_1_183' title='bbox 576 2556 761 2635; x_wconf 77' lang='lat' dir='ltr'><strong>navigare,</strong></span> <span class='ocrx_word' id='word_1_184' title='bbox 778 2556 841 2619; x_wconf 90' lang='lat' dir='ltr'><strong>sed</strong></span> <span class='ocrx_word' id='word_1_185' title='bbox 855 2555 1016 2636; x_wconf 87' lang='lat' dir='ltr'><strong>sequenti</strong></span> <span class='ocrx_word' id='word_1_186' title='bbox 1031 2572 1142 2635; x_wconf 88' lang='lat' dir='ltr'><strong>anno,</strong></span> <span class='ocrx_word' id='word_1_187' title='bbox 1160 2572 1250 2636; x_wconf 85' lang='lat' dir='ltr'><strong>quae</strong></span> <span class='ocrx_word' id='word_1_188' title='bbox 1269 2556 1406 2637; x_wconf 89' lang='lat' dir='ltr'><strong>reliqua</strong></span> <span class='ocrx_word' id='word_1_189' title='bbox 1426 2563 1524 2635; x_wconf 88' lang='lat' dir='ltr'><strong>sunt,</strong></span> <span class='ocrx_word' id='word_1_190' title='bbox 1541 2572 1623 2635; x_wconf 91' lang='lat' dir='ltr'><strong>per·</strong></span> 
     </span>
     <span class='ocr_line' id='line_1_21' title="bbox 389 2662 617 2748; baseline -0.018 -17"><span class='ocrx_word' id='word_1_191' title='bbox 389 2682 579 2748; x_wconf 91' lang='lat' dir='ltr'><strong>sequemur</strong></span> <span class='ocrx_word' id='word_1_192' title='bbox 594 2662 617 2727; x_wconf 81' lang='lat'><strong>⁴.</strong></span> 
     </span>
    </p>

    <p class='ocr_par' dir='ltr' id='par_1_4' title="bbox 383 2769 1620 3710">
     <span class='ocr_line' id='line_1_22' title="bbox 449 2769 1619 2851; baseline 0.001 -15"><span class='ocrx_word' id='word_1_193' title='bbox 449 2772 540 2836; x_wconf 88' lang='grc'>2026.</span> <span class='ocrx_word' id='word_1_194' title='bbox 583 2771 661 2835; x_wconf 90' lang='lat' dir='ltr'><strong>Hoc</strong></span> <span class='ocrx_word' id='word_1_195' title='bbox 686 2781 823 2837; x_wconf 88' lang='lat' dir='ltr'><strong>tantum</strong></span> <span class='ocrx_word' id='word_1_196' title='bbox 850 2771 907 2835; x_wconf 91' lang='lat' dir='ltr'><strong>hic</strong></span> <span class='ocrx_word' id='word_1_197' title='bbox 932 2771 1073 2850; x_wconf 84' lang='lat' dir='ltr'><strong>addam,</strong></span> <span class='ocrx_word' id='word_1_198' title='bbox 1098 2772 1193 2851; x_wconf 89' lang='lat' dir='ltr'><strong>quod</strong></span> <span class='ocrx_word' id='word_1_199' title='bbox 1213 2789 1295 2845; x_wconf 87' lang='lat' dir='ltr'><strong>cum</strong></span> <span class='ocrx_word' id='word_1_200' title='bbox 1308 2770 1457 2835; x_wconf 87' lang='lat' dir='ltr'><strong>Pro-rex</strong></span> <span class='ocrx_word' id='word_1_201' title='bbox 1485 2769 1619 2850; x_wconf 79' lang='lat' dir='ltr'><strong>Indiae,</strong></span> 
     </span>
     <span class='ocr_line' id='line_1_23' title="bbox 388 2877 1619 2958; baseline -0.002 -14"><span class='ocrx_word' id='word_1_202' title='bbox 388 2877 433 2944; x_wconf 92' lang='lat' dir='ltr'><strong>D.</strong></span> <span class='ocrx_word' id='word_1_203' title='bbox 455 2877 581 2944; x_wconf 89' lang='lat' dir='ltr'><strong>Petrus</strong></span> <span class='ocrx_word' id='word_1_204' title='bbox 601 2878 871 2958; x_wconf 75' lang='lat' dir='ltr'><strong>MuscaregnaS,</strong></span> <span class='ocrx_word' id='word_1_205' title='bbox 898 2889 1064 2958; x_wconf 88' lang='lat' dir='ltr'><strong>nepotem</strong></span> <span class='ocrx_word' id='word_1_206' title='bbox 1088 2895 1190 2942; x_wconf 91' lang='lat' dir='ltr'><strong>suum</strong></span> <span class='ocrx_word' id='word_1_207' title='bbox 1214 2877 1390 2958; x_wconf 80' lang='lat' dir='ltr'><strong>Legatum</strong></span> <span class='ocrx_word' id='word_1_208' title='bbox 1415 2879 1460 2942; x_wconf 89' lang='lat' dir='ltr'><strong>ad</strong></span> <span class='ocrx_word' id='word_1_209' title='bbox 1481 2877 1619 2957; x_wconf 82' lang='lat' dir='ltr'><strong>Regem</strong></span> 
     </span>
     <span class='ocr_line' id='line_1_24' title="bbox 388 2981 1616 3066; baseline 0.001 -17"><span class='ocrx_word' id='word_1_210' title='bbox 388 2985 553 3050; x_wconf 89' lang='lat' dir='ltr'><strong>Sinarum</strong></span> <span class='ocrx_word' id='word_1_211' title='bbox 575 2985 728 3049; x_wconf 89' lang='lat' dir='ltr'><strong>misisset</strong></span> <span class='ocrx_word' id='word_1_212' title='bbox 747 2982 777 3064; x_wconf 78' lang='lat'><strong>⁸,</strong></span> <span class='ocrx_word' id='word_1_213' title='bbox 793 3003 860 3048; x_wconf 91' lang='lat' dir='ltr'><strong>nec</strong></span> <span class='ocrx_word' id='word_1_214' title='bbox 881 2985 1011 3066; x_wconf 86' lang='lat' dir='ltr'><strong>aliquis</strong></span> <span class='ocrx_word' id='word_1_215' title='bbox 1029 2985 1073 3062; x_wconf 91' lang='lat' dir='ltr'><strong>de</strong></span> <span class='ocrx_word' id='word_1_216' title='bbox 1093 2981 1286 3064; x_wconf 86' lang='lat' dir='ltr'><strong>Societate,</strong></span> <span class='ocrx_word' id='word_1_217' title='bbox 1308 2995 1346 3050; x_wconf 89' lang='lat' dir='ltr'><strong>ut</strong></span> <span class='ocrx_word' id='word_1_218' title='bbox 1361 2985 1437 3066; x_wconf 92' lang='lat' dir='ltr'><strong>ipse</strong></span> <span class='ocrx_word' id='word_1_219' title='bbox 1457 2985 1616 3066; x_wconf 85' lang='lat' dir='ltr'><strong>optabat,</strong></span> 
     </span>
     <span class='ocr_line' id='line_1_25' title="bbox 389 3089 1617 3174; baseline 0.002 -18"><span class='ocrx_word' id='word_1_220' title='bbox 389 3090 536 3172; x_wconf 86' lang='lat' dir='ltr'><strong>adjungi</strong></span> <span class='ocrx_word' id='word_1_221' title='bbox 550 3092 650 3158; x_wconf 89' lang='lat' dir='ltr'><strong>Goae</strong></span> <span class='ocrx_word' id='word_1_222' title='bbox 664 3092 714 3156; x_wconf 92' lang='lat' dir='ltr'><strong>illi</strong></span> <span class='ocrx_word' id='word_1_223' title='bbox 728 3091 916 3174; x_wconf 90' lang='lat' dir='ltr'><strong>potuisset,</strong></span> <span class='ocrx_word' id='word_1_224' title='bbox 933 3092 1165 3156; x_wconf 88' lang='lat' dir='ltr'><strong>constituerat</strong></span> <span class='ocrx_word' id='word_1_225' title='bbox 1180 3092 1238 3156; x_wconf 92' lang='lat' dir='ltr'><strong>ille</strong></span> <span class='ocrx_word' id='word_1_226' title='bbox 1259 3089 1271 3122; x_wconf 80' lang='lat'><strong>⁶</strong></span> <span class='ocrx_word' id='word_1_227' title='bbox 1291 3091 1451 3158; x_wconf 86' lang='lat' dir='ltr'><strong>Malacae</strong></span> <span class='ocrx_word' id='word_1_228' title='bbox 1471 3091 1509 3158; x_wconf 90' lang='lat' dir='ltr'><strong>P.</strong></span> <span class='ocrx_word' id='word_1_229' title='bbox 1533 3093 1617 3158; x_wconf 93' lang='lat' dir='ltr'><strong>Mel·</strong></span> 
     </span>
     <span class='ocr_line' id='line_1_26' title="bbox 388 3197 1620 3278; baseline 0 -14"><span class='ocrx_word' id='word_1_230' title='bbox 388 3200 546 3264; x_wconf 92' lang='lat' dir='ltr'><strong>chiorem</strong></span> <span class='ocrx_word' id='word_1_231' title='bbox 568 3199 703 3263; x_wconf 90' lang='lat' dir='ltr'><strong>socium</strong></span> <span class='ocrx_word' id='word_1_232' title='bbox 724 3215 925 3278; x_wconf 88' lang='lat' dir='ltr'><strong>assumere,</strong></span> <span class='ocrx_word' id='word_1_233' title='bbox 948 3199 978 3262; x_wconf 90' lang='lat' dir='ltr'><strong>si</strong></span> <span class='ocrx_word' id='word_1_234' title='bbox 998 3199 1128 3264; x_wconf 87' lang='lat' dir='ltr'><strong>ibidem</strong></span> <span class='ocrx_word' id='word_1_235' title='bbox 1150 3217 1231 3266; x_wconf 90' lang='lat' dir='ltr'><strong>eurn</strong></span> <span class='ocrx_word' id='word_1_236' title='bbox 1252 3199 1456 3264; x_wconf 87' lang='lat' dir='ltr'><strong>invenisset.</strong></span> <span class='ocrx_word' id='word_1_237' title='bbox 1480 3197 1550 3264; x_wconf 89' lang='lat' dir='ltr'><strong>Sed</strong></span> <span class='ocrx_word' id='word_1_238' title='bbox 1572 3217 1620 3276; x_wconf 76' lang='lat' dir='ltr'><strong>err</strong></span> 
     </span>
     <span class='ocr_line' id='line_1_27' title="bbox 386 3302 1618 3389; baseline -0.002 -15"><span class='ocrx_word' id='word_1_239' title='bbox 386 3306 453 3385; x_wconf 89' lang='lat' dir='ltr'><strong>his,</strong></span> <span class='ocrx_word' id='word_1_240' title='bbox 470 3323 563 3389; x_wconf 90' lang='lat' dir='ltr'><strong>quae</strong></span> <span class='ocrx_word' id='word_1_241' title='bbox 575 3307 671 3370; x_wconf 87' lang='lat' dir='ltr'><strong>dicta</strong></span> <span class='ocrx_word' id='word_1_242' title='bbox 685 3316 778 3384; x_wconf 92' lang='lat' dir='ltr'><strong>sunt,</strong></span> <span class='ocrx_word' id='word_1_243' title='bbox 795 3302 936 3369; x_wconf 87' lang='lat' dir='ltr'><strong>constat</strong></span> <span class='ocrx_word' id='word_1_244' title='bbox 948 3306 1042 3388; x_wconf 93' lang='lat' dir='ltr'><strong>quod</strong></span> <span class='ocrx_word' id='word_1_245' title='bbox 1053 3306 1111 3370; x_wconf 85' lang='lat' dir='ltr'><strong>hie</strong></span> <span class='ocrx_word' id='word_1_246' title='bbox 1126 3305 1284 3386; x_wconf 85' lang='lat' dir='ltr'><strong>Leg&#39;atus</strong></span> <span class='ocrx_word' id='word_1_247' title='bbox 1295 3316 1369 3371; x_wconf 92' lang='lat' dir='ltr'><strong>toto</strong></span> <span class='ocrx_word' id='word_1_248' title='bbox 1381 3307 1449 3370; x_wconf 89' lang='lat' dir='ltr'><strong>boc</strong></span> <span class='ocrx_word' id='word_1_249' title='bbox 1461 3324 1555 3371; x_wconf 89' lang='lat' dir='ltr'><strong>anno</strong></span> <span class='ocrx_word' id='word_1_250' title='bbox 1570 3307 1618 3372; x_wconf 86' lang='lat' dir='ltr'><strong>ad</strong></span> 
     </span>
     <span class='ocr_line' id='line_1_28' title="bbox 385 3411 1619 3494; baseline -0.002 -14"><span class='ocrx_word' id='word_1_251' title='bbox 385 3414 555 3480; x_wconf 88' lang='lat' dir='ltr'><strong>Sinarum</strong></span> <span class='ocrx_word' id='word_1_252' title='bbox 570 3422 711 3494; x_wconf 89' lang='lat' dir='ltr'><strong>portum</strong></span> <span class='ocrx_word' id='word_1_253' title='bbox 725 3431 796 3476; x_wconf 91' lang='lat' dir='ltr'><strong>non</strong></span> <span class='ocrx_word' id='word_1_254' title='bbox 814 3412 1029 3493; x_wconf 90' lang='lat' dir='ltr'><strong>pervenerit.</strong></span> <span class='ocrx_word' id='word_1_255' title='bbox 1050 3411 1159 3478; x_wconf 89' lang='lat' dir='ltr'><strong>Forte</strong></span> <span class='ocrx_word' id='word_1_256' title='bbox 1178 3415 1236 3478; x_wconf 91' lang='lat' dir='ltr'><strong>vel</strong></span> <span class='ocrx_word' id='word_1_257' title='bbox 1250 3413 1489 3492; x_wconf 85' lang='lat' dir='ltr'><strong>navigationis</strong></span> <span class='ocrx_word' id='word_1_258' title='bbox 1509 3431 1619 3478; x_wconf 89' lang='lat' dir='ltr'><strong>casus</strong></span> 
     </span>
     <span class='ocr_line' id='line_1_29' title="bbox 385 3519 1616 3603; baseline -0.002 -16"><span class='ocrx_word' id='word_1_259' title='bbox 385 3523 514 3603; x_wconf 86' lang='lat' dir='ltr'><strong>aliquis</strong></span> <span class='ocrx_word' id='word_1_260' title='bbox 528 3521 597 3584; x_wconf 88' lang='lat' dir='ltr'><strong>hoc</strong></span> <span class='ocrx_word' id='word_1_261' title='bbox 612 3523 677 3584; x_wconf 91' lang='lat' dir='ltr'><strong>iter</strong></span> <span class='ocrx_word' id='word_1_262' title='bbox 693 3519 887 3600; x_wconf 90' lang='lat' dir='ltr'><strong>impedivit,</strong></span> <span class='ocrx_word' id='word_1_263' title='bbox 909 3521 968 3584; x_wconf 93' lang='lat' dir='ltr'><strong>vel</strong></span> <span class='ocrx_word' id='word_1_264' title='bbox 987 3537 1067 3584; x_wconf 89' lang='lat' dir='ltr'><strong>cum</strong></span> <span class='ocrx_word' id='word_1_265' title='bbox 1082 3520 1294 3600; x_wconf 88' lang='lat' dir='ltr'><strong>intelligeret</strong></span> <span class='ocrx_word' id='word_1_266' title='bbox 1313 3529 1463 3584; x_wconf 90' lang='lat' dir='ltr'><strong>mortem</strong></span> <span class='ocrx_word' id='word_1_267' title='bbox 1478 3519 1616 3598; x_wconf 84' lang='lat' dir='ltr'><strong>Pro-re·</strong></span> 
     </span>
     <span class='ocr_line' id='line_1_30' title="bbox 383 3625 1617 3710; baseline -0.001 -15"><span class='ocrx_word' id='word_1_268' title='bbox 383 3630 451 3710; x_wconf 84' lang='lat' dir='ltr'><strong>gis,</strong></span> <span class='ocrx_word' id='word_1_269' title='bbox 479 3629 541 3710; x_wconf 90' lang='lat' dir='ltr'><strong>qui</strong></span> <span class='ocrx_word' id='word_1_270' title='bbox 564 3629 633 3692; x_wconf 89' lang='lat' dir='ltr'><strong>hoc</strong></span> <span class='ocrx_word' id='word_1_271' title='bbox 658 3627 734 3708; x_wconf 91' lang='lat' dir='ltr'><strong>ipso</strong></span> <span class='ocrx_word' id='word_1_272' title='bbox 761 3644 856 3690; x_wconf 91' lang='lat' dir='ltr'><strong>anno</strong></span> <span class='ocrx_word' id='word_1_273' title='bbox 874 3627 912 3691; x_wconf 90' lang='lat' dir='ltr'><strong>in</strong></span> <span class='ocrx_word' id='word_1_274' title='bbox 933 3625 1033 3692; x_wconf 90' lang='lat' dir='ltr'><strong>India</strong></span> <span class='ocrx_word' id='word_1_275' title='bbox 1052 3637 1251 3693; x_wconf 87' lang='lat' dir='ltr'><strong>extremum</strong></span> <span class='ocrx_word' id='word_1_276' title='bbox 1271 3627 1364 3694; x_wconf 87' lang='lat' dir='ltr'><strong>diem</strong></span> <span class='ocrx_word' id='word_1_277' title='bbox 1383 3627 1469 3690; x_wconf 89' lang='lat' dir='ltr'><strong>obiit</strong></span> <span class='ocrx_word' id='word_1_278' title='bbox 1491 3626 1518 3706; x_wconf 79' lang='lat'><strong>¹,</strong></span> <span class='ocrx_word' id='word_1_279' title='bbox 1542 3644 1617 3695; x_wconf 87' lang='lat' dir='ltr'><strong>non</strong></span> 
     </span>
    </p>
   </div>
   <div class='ocr_carea' id='block_1_3' title="bbox 376 3867 1618 4790">
    <p class='ocr_par' dir='ltr' id='par_1_5' title="bbox 422 3867 661 3915">
     <span class='ocr_line' id='line_1_31' title="bbox 422 3867 661 3915; baseline 0.017 -4"><span class='ocrx_word' id='word_1_280' title='bbox 422 3870 435 3911; x_wconf 79' lang='lat' dir='ltr'><strong>i</strong></span> <span class='ocrx_word' id='word_1_281' title='bbox 459 3868 491 3913; x_wconf 86' lang='lat' dir='ltr'><strong>N.</strong></span> <span class='ocrx_word' id='word_1_282' title='bbox 501 3867 553 3912; x_wconf 78' lang='lat' dir='ltr'><strong>tilii</strong></span> <span class='ocrx_word' id='word_1_283' title='bbox 562 3874 590 3912; x_wconf 86' lang='lat' dir='ltr'><strong>et</strong></span> <span class='ocrx_word' id='word_1_284' title='bbox 599 3867 661 3915; x_wconf 66' lang='grc'><strong>2044»</strong></span> 
     </span>
    </p>

    <p class='ocr_par' dir='ltr' id='par_1_6' title="bbox 377 3939 1615 4209">
     <span class='ocr_line' id='line_1_32' title="bbox 420 3939 1614 3994; baseline 0.001 -11"><span class='ocrx_word' id='word_1_285' title='bbox 420 3941 432 3973; x_wconf 84' lang='lat'><strong>¹</strong></span> <span class='ocrx_word' id='word_1_286' title='bbox 459 3939 515 3984; x_wconf 75' lang='lat' dir='ltr'><strong>Hau</strong></span> <span class='ocrx_word' id='word_1_287' title='bbox 522 3939 602 3994; x_wconf 81' lang='lat' dir='ltr'><strong>Regis</strong></span> <span class='ocrx_word' id='word_1_288' title='bbox 611 3939 718 3984; x_wconf 84' lang='lat' dir='ltr'><strong>Firandi</strong></span> <span class='ocrx_word' id='word_1_289' title='bbox 728 3942 833 3984; x_wconf 79' lang='lat' dir='ltr'><strong>litteras</strong></span> <span class='ocrx_word' id='word_1_290' title='bbox 840 3940 920 3986; x_wconf 77' lang='lat' dir='ltr'><strong>affert</strong></span> <span class='ocrx_word' id='word_1_291' title='bbox 932 3941 962 3985; x_wconf 88' lang='lat' dir='ltr'><strong>P.</strong></span> <span class='ocrx_word' id='word_1_292' title='bbox 971 3941 1087 3993; x_wconf 78' lang='lat' dir='ltr'><strong>Gozuatt,</strong></span> <span class='ocrx_word' id='word_1_293' title='bbox 1098 3939 1222 3984; x_wconf 76' lang='lat' dir='ltr'><strong>Historia</strong></span> <span class='ocrx_word' id='word_1_294' title='bbox 1232 3939 1266 3982; x_wconf 79' lang='lat' dir='ltr'><strong>de</strong></span> <span class='ocrx_word' id='word_1_295' title='bbox 1276 3939 1318 3982; x_wconf 86' lang='lat' dir='ltr'><strong>las</strong></span> <span class='ocrx_word' id='word_1_296' title='bbox 1326 3940 1455 3984; x_wconf 81' lang='lat' dir='ltr'><strong>misiones</strong></span> <span class='ocrx_word' id='word_1_297' title='bbox 1462 3941 1496 3985; x_wconf 79' lang='lat' dir='ltr'><strong>de</strong></span> <span class='ocrx_word' id='word_1_298' title='bbox 1505 3939 1533 3984; x_wconf 84' lang='lat' dir='ltr'><strong>ia</strong></span> <span class='ocrx_word' id='word_1_299' title='bbox 1543 3939 1614 3986; x_wconf 78' lang='lat' dir='ltr'><strong>Cum·</strong></span> 
     </span>
     <span class='ocr_line' id='line_1_33' title="bbox 377 4011 1610 4070; baseline 0.001 -14"><span class='ocrx_word' id='word_1_300' title='bbox 377 4014 465 4070; x_wconf 77' lang='lat' dir='ltr'><strong>pariia</strong></span> <span class='ocrx_word' id='word_1_301' title='bbox 476 4011 602 4067; x_wconf 70' lang='lat' dir='ltr'><strong>delestis</strong></span> <span class='ocrx_word' id='word_1_302' title='bbox 612 4023 646 4056; x_wconf 81' lang='lat' dir='ltr'><strong>en</strong></span> <span class='ocrx_word' id='word_1_303' title='bbox 656 4013 684 4056; x_wconf 89' lang='lat' dir='ltr'><strong>ia</strong></span> <span class='ocrx_word' id='word_1_304' title='bbox 693 4012 774 4056; x_wconf 80' lang='lat' dir='ltr'><strong>India</strong></span> <span class='ocrx_word' id='word_1_305' title='bbox 784 4015 911 4064; x_wconf 81' lang='lat' dir='ltr'><strong>orieniai,</strong></span> <span class='ocrx_word' id='word_1_306' title='bbox 926 4024 959 4056; x_wconf 89' lang='lat' dir='ltr'><strong>en</strong></span> <span class='ocrx_word' id='word_1_307' title='bbox 975 4013 1002 4055; x_wconf 83' lang='lat' dir='ltr'><strong>la</strong></span> <span class='ocrx_word' id='word_1_308' title='bbox 1015 4012 1097 4056; x_wconf 79' lang='lat' dir='ltr'><strong>ciitna</strong></span> <span class='ocrx_word' id='word_1_309' title='bbox 1104 4023 1123 4066; x_wconf 77' lang='lat' dir='ltr'><em>y</em></span> <span class='ocrx_word' id='word_1_310' title='bbox 1133 4011 1233 4067; x_wconf 74' lang='lat' dir='ltr'><strong>sapon,</strong></span> <span class='ocrx_word' id='word_1_311' title='bbox 1246 4011 1290 4055; x_wconf 91' lang='lat' dir='ltr'><strong>lib.</strong></span> <span class='ocrx_word' id='word_1_312' title='bbox 1301 4023 1326 4063; x_wconf 93' lang='lat' dir='ltr'><strong>v,</strong></span> <span class='ocrx_word' id='word_1_313' title='bbox 1337 4022 1394 4066; x_wconf 81' lang='lat' dir='ltr'><strong>cap.</strong></span> <span class='ocrx_word' id='word_1_314' title='bbox 1405 4011 1439 4063; x_wconf 81' lang='lat'><strong>25.</strong></span> <span class='ocrx_word' id='word_1_315' title='bbox 1456 4011 1500 4056; x_wconf 86' lang='lat' dir='ltr'><strong>ubi</strong></span> <span class='ocrx_word' id='word_1_316' title='bbox 1514 4011 1610 4068; x_wconf 85' lang='lat' dir='ltr'><strong>Regem</strong></span> 
     </span>
     <span class='ocr_line' id='line_1_34' title="bbox 380 4083 1615 4140; baseline -0.001 -9"><span class='ocrx_word' id='word_1_317' title='bbox 380 4086 495 4140; x_wconf 81' lang='lat' dir='ltr'><strong>appellat</strong></span> <span class='ocrx_word' id='word_1_318' title='bbox 509 4083 894 4138; x_wconf 72' lang='lat' dir='ltr'><strong>raqaanomoo.-1tattcaauat</strong></span> <span class='ocrx_word' id='word_1_319' title='bbox 905 4085 932 4129; x_wconf 87' lang='lat' dir='ltr'><strong>in</strong></span> <span class='ocrx_word' id='word_1_320' title='bbox 941 4083 1054 4130; x_wconf 81' lang='lat' dir='ltr'><strong>Diversi</strong></span> <span class='ocrx_word' id='word_1_321' title='bbox 1064 4084 1145 4137; x_wconf 67' lang='lat' dir='ltr'><strong>aviri,</strong></span> <span class='ocrx_word' id='word_1_322' title='bbox 1155 4083 1199 4131; x_wconf 87' lang='lat' dir='ltr'><strong>iol.</strong></span> <span class='ocrx_word' id='word_1_323' title='bbox 1211 4083 1252 4128; x_wconf 71' lang='lat'><strong>282</strong></span> <span class='ocrx_word' id='word_1_324' title='bbox 1261 4094 1287 4129; x_wconf 90' lang='lat' dir='ltr'><strong>v.</strong></span> <span class='ocrx_word' id='word_1_325' title='bbox 1298 4090 1325 4128; x_wconf 84' lang='lat' dir='ltr'><strong>et</strong></span> <span class='ocrx_word' id='word_1_326' title='bbox 1333 4083 1382 4139; x_wconf 72' lang='lat'><strong>283,</strong></span> <span class='ocrx_word' id='word_1_327' title='bbox 1390 4085 1476 4140; x_wconf 85' lang='lat' dir='ltr'><strong>ibique</strong></span> <span class='ocrx_word' id='word_1_328' title='bbox 1486 4084 1542 4130; x_wconf 76' lang='lat' dir='ltr'><strong>aex</strong></span> <span class='ocrx_word' id='word_1_329' title='bbox 1550 4086 1615 4130; x_wconf 85' lang='lat' dir='ltr'><strong>dicl-</strong></span> 
     </span>
     <span class='ocr_line' id='line_1_35' title="bbox 379 4157 615 4209; baseline 0 -8"><span class='ocrx_word' id='word_1_330' title='bbox 379 4163 422 4202; x_wconf 88' lang='lat' dir='ltr'><strong>tur</strong></span> <span class='ocrx_word' id='word_1_331' title='bbox 436 4157 615 4209; x_wconf 83' lang='lat' dir='ltr'><strong>Taquanomo.</strong></span> 
     </span>
    </p>

    <p class='ocr_par' dir='ltr' id='par_1_7' title="bbox 418 4226 731 4272">
     <span class='ocr_line' id='line_1_36' title="bbox 418 4226 731 4272; baseline 0.003 -1"><span class='ocrx_word' id='word_1_332' title='bbox 418 4227 431 4260; x_wconf 66' lang='grc' dir='ltr'><strong>ὅ</strong></span> <span class='ocrx_word' id='word_1_333' title='bbox 459 4227 488 4272; x_wconf 86' lang='grc' dir='ltr'><strong>Ρ.</strong></span> <span class='ocrx_word' id='word_1_334' title='bbox 499 4226 624 4272; x_wconf 76' lang='lat' dir='ltr'><strong>Melchior</strong></span> <span class='ocrx_word' id='word_1_335' title='bbox 634 4227 731 4272; x_wconf 75' lang='lat' dir='ltr'><strong>Nona.</strong></span> 
     </span>
    </p>

    <p class='ocr_par' dir='ltr' id='par_1_8' title="bbox 416 4299 719 4353">
     <span class='ocr_line' id='line_1_37' title="bbox 416 4299 719 4353; baseline -0.003 -9"><span class='ocrx_word' id='word_1_336' title='bbox 416 4300 436 4348; x_wconf 78' lang='lat'><strong>⁴,</strong></span> <span class='ocrx_word' id='word_1_337' title='bbox 458 4299 504 4344; x_wconf 81' lang='lat' dir='ltr'><strong>lia.</strong></span> <span class='ocrx_word' id='word_1_338' title='bbox 512 4302 719 4353; x_wconf 74' lang='lat' dir='ltr'><strong>persequentur.</strong></span> 
     </span>
    </p>

    <p class='ocr_par' dir='ltr' id='par_1_9' title="bbox 417 4371 855 4425">
     <span class='ocr_line' id='line_1_38' title="bbox 417 4371 855 4425; baseline 0.007 -12"><span class='ocrx_word' id='word_1_339' title='bbox 417 4371 429 4404; x_wconf 78' lang='lat'>⁵</span> <span class='ocrx_word' id='word_1_340' title='bbox 456 4371 524 4414; x_wconf 85' lang='lat' dir='ltr'><strong>Vide</strong></span> <span class='ocrx_word' id='word_1_341' title='bbox 535 4381 692 4425; x_wconf 80' lang='lat' dir='ltr'><strong>supra,pag.</strong></span> <span class='ocrx_word' id='word_1_342' title='bbox 702 4371 783 4423; x_wconf 56' lang='lat' dir='ltr'><strong>adan.</strong></span> <span class='ocrx_word' id='word_1_343' title='bbox 793 4372 855 4416; x_wconf 77' lang='grc'><strong>1821.</strong></span> 
     </span>
    </p>

    <p class='ocr_par' dir='ltr' id='par_1_10' title="bbox 416 4441 714 4496">
     <span class='ocr_line' id='line_1_39' title="bbox 416 4441 714 4496; baseline -0.01 -6"><span class='ocrx_word' id='word_1_344' title='bbox 416 4441 430 4475; x_wconf 80' lang='lat'>⁸</span> <span class='ocrx_word' id='word_1_345' title='bbox 456 4442 570 4493; x_wconf 82' lang='lat' dir='ltr'><strong>Scilicet,</strong></span> <span class='ocrx_word' id='word_1_346' title='bbox 585 4441 714 4496; x_wconf 79' lang='lat' dir='ltr'><strong>Legatua.</strong></span> 
     </span>
    </p>

    <p class='ocr_par' dir='ltr' id='par_1_11' title="bbox 376 4513 1618 4790">
     <span class='ocr_line' id='line_1_40' title="bbox 416 4513 1618 4571; baseline 0 -11"><span class='ocrx_word' id='word_1_347' title='bbox 416 4515 433 4546; x_wconf 80' lang='lat'>²</span> <span class='ocrx_word' id='word_1_348' title='bbox 457 4513 527 4561; x_wconf 82' lang='lat' dir='ltr'><strong>Obiit</strong></span> <span class='ocrx_word' id='word_1_349' title='bbox 542 4513 635 4561; x_wconf 79' lang='lat' dir='ltr'><strong>Petrus</strong></span> <span class='ocrx_word' id='word_1_350' title='bbox 650 4515 682 4560; x_wconf 80' lang='lat' dir='ltr'><strong>de</strong></span> <span class='ocrx_word' id='word_1_351' title='bbox 697 4513 883 4563; x_wconf 76' lang='lat' dir='ltr'><strong>uascuealtas</strong></span> <span class='ocrx_word' id='word_1_352' title='bbox 897 4521 959 4560; x_wconf 75' lang='lat' dir='ltr'><strong>ante</strong></span> <span class='ocrx_word' id='word_1_353' title='bbox 975 4513 1203 4567; x_wconf 78' lang='lat' dir='ltr'><strong>mediumianiurn</strong></span> <span class='ocrx_word' id='word_1_354' title='bbox 1220 4515 1297 4571; x_wconf 81' lang='lat' dir='ltr'><strong>huiaa</strong></span> <span class='ocrx_word' id='word_1_355' title='bbox 1315 4515 1375 4560; x_wconf 84' lang='lat' dir='ltr'><strong>anni</strong></span> <span class='ocrx_word' id='word_1_356' title='bbox 1392 4515 1451 4560; x_wconf 61' lang='lat'><strong>¹55&amp;</strong></span> <span class='ocrx_word' id='word_1_357' title='bbox 1466 4513 1532 4564; x_wconf 85' lang='lat' dir='ltr'><strong>Corn</strong></span> <span class='ocrx_word' id='word_1_358' title='bbox 1544 4515 1618 4564; x_wconf 67' lang='lat' dir='ltr'><strong>anian</strong></span> 
     </span>
     <span class='ocr_line' id='line_1_41' title="bbox 378 4585 1617 4643; baseline 0.003 -14"><span class='ocrx_word' id='word_1_359' title='bbox 378 4586 460 4630; x_wconf 82' lang='lat' dir='ltr'><strong>Goam</strong></span> <span class='ocrx_word' id='word_1_360' title='bbox 476 4598 508 4629; x_wconf 84' lang='lat' dir='ltr'><strong>ex</strong></span> <span class='ocrx_word' id='word_1_361' title='bbox 521 4586 660 4640; x_wconf 79' lang='lat' dir='ltr'><strong>Aethiopia</strong></span> <span class='ocrx_word' id='word_1_362' title='bbox 675 4587 777 4630; x_wconf 83' lang='lat' dir='ltr'><strong>rediens</strong></span> <span class='ocrx_word' id='word_1_363' title='bbox 791 4588 893 4643; x_wconf 88' lang='lat' dir='ltr'><strong>appulit</strong></span> <span class='ocrx_word' id='word_1_364' title='bbox 908 4587 1065 4632; x_wconf 83' lang='lat' dir='ltr'><strong>Patrlarclta</strong></span> <span class='ocrx_word' id='word_1_365' title='bbox 1076 4587 1188 4640; x_wconf 79' lang='lat' dir='ltr'><strong>,ioannes</strong></span> <span class='ocrx_word' id='word_1_366' title='bbox 1198 4587 1340 4631; x_wconf 81' lang='lat' dir='ltr'><strong>Bermudez</strong></span> <span class='ocrx_word' id='word_1_367' title='bbox 1350 4598 1408 4630; x_wconf 88' lang='lat' dir='ltr'><strong>curn</strong></span> <span class='ocrx_word' id='word_1_368' title='bbox 1424 4585 1503 4631; x_wconf 82' lang='lat' dir='ltr'><strong>Putre</strong></span> <span class='ocrx_word' id='word_1_369' title='bbox 1514 4587 1617 4636; x_wconf 62' lang='lat' dir='ltr'><strong>Gundie</strong></span> 
     </span>
     <span class='ocr_line' id='line_1_42' title="bbox 377 4655 1613 4714; baseline 0 -12"><span class='ocrx_word' id='word_1_370' title='bbox 377 4658 452 4701; x_wconf 84' lang='lat' dir='ltr'><strong>salvo</strong></span> <span class='ocrx_word' id='word_1_371' title='bbox 467 4655 621 4709; x_wconf 85' lang='lat' dir='ltr'><strong>Rodriguez,</strong></span> <span class='ocrx_word' id='word_1_372' title='bbox 637 4665 695 4700; x_wconf 85' lang='lat' dir='ltr'><strong>erat</strong></span> <span class='ocrx_word' id='word_1_373' title='bbox 710 4657 798 4702; x_wconf 88' lang='lat' dir='ltr'><strong>indiae</strong></span> <span class='ocrx_word' id='word_1_374' title='bbox 814 4659 925 4702; x_wconf 83' lang='lat' dir='ltr'><strong>Pro-rex</strong></span> <span class='ocrx_word' id='word_1_375' title='bbox 941 4657 1096 4708; x_wconf 76' lang='lat' dir='ltr'><strong>“Franciaco</strong></span> <span class='ocrx_word' id='word_1_376' title='bbox 1112 4659 1231 4714; x_wconf 79' lang='lat' dir='ltr'><strong>Barteio,</strong></span> <span class='ocrx_word' id='word_1_377' title='bbox 1242 4657 1303 4704; x_wconf 86' lang='lat' dir='ltr'><strong>filho</strong></span> <span class='ocrx_word' id='word_1_378' title='bbox 1318 4657 1423 4714; x_wconf 58' lang='lat' dir='ltr'><strong>aanor</strong></span> <span class='ocrx_word' id='word_1_379' title='bbox 1433 4657 1552 4710; x_wconf 78' lang='lat' dir='ltr'><strong>Barreto,</strong></span> <span class='ocrx_word' id='word_1_380' title='bbox 1566 4659 1613 4703; x_wconf 80' lang='lat' dir='ltr'><strong>Al·</strong></span> 
     </span>
     <span class='ocr_line' id='line_1_43' title="bbox 376 4725 1611 4790; baseline 0.001 -18"><span class='ocrx_word' id='word_1_381' title='bbox 376 4729 462 4785; x_wconf 77' lang='lat' dir='ltr'><strong>cayde</strong></span> <span class='ocrx_word' id='word_1_382' title='bbox 471 4732 527 4772; x_wconf 86' lang='lat' dir='ltr'><strong>mor</strong></span> <span class='ocrx_word' id='word_1_383' title='bbox 537 4729 568 4775; x_wconf 86' lang='lat' dir='ltr'><strong>de</strong></span> <span class='ocrx_word' id='word_1_384' title='bbox 580 4725 649 4790; x_wconf 65' lang='lat' dir='ltr'><strong>liare</strong></span> <span class='ocrx_word' id='word_1_385' title='bbox 660 4739 673 4772; x_wconf 87' lang='lat' dir='ltr'><strong>e</strong></span> <span class='ocrx_word' id='word_1_386' title='bbox 684 4729 715 4775; x_wconf 74' lang='lat' dir='ltr'><strong>de</strong></span> <span class='ocrx_word' id='word_1_387' title='bbox 728 4729 802 4776; x_wconf 80' lang='lat' dir='ltr'><strong>Dona</strong></span> <span class='ocrx_word' id='word_1_388' title='bbox 810 4730 894 4784; x_wconf 76' lang='lat' dir='ltr'><strong>Maria</strong></span> <span class='ocrx_word' id='word_1_389' title='bbox 905 4730 937 4776; x_wconf 81' lang='lat' dir='ltr'><strong>de</strong></span> <span class='ocrx_word' id='word_1_390' title='bbox 948 4729 1069 4789; x_wconf 72' lang='lat' dir='ltr'><strong>Vllhena,</strong></span> <span class='ocrx_word' id='word_1_391' title='bbox 1081 4741 1095 4775; x_wconf 91' lang='lat' dir='ltr'><strong>o</strong></span> <span class='ocrx_word' id='word_1_392' title='bbox 1107 4731 1168 4786; x_wconf 82' lang='lat' dir='ltr'><strong>qual</strong></span> <span class='ocrx_word' id='word_1_393' title='bbox 1178 4730 1266 4786; x_wconf 82' lang='lat' dir='ltr'><strong>depuis</strong></span> <span class='ocrx_word' id='word_1_394' title='bbox 1277 4739 1377 4774; x_wconf 83' lang='lat' dir='ltr'><strong>marren</strong></span> <span class='ocrx_word' id='word_1_395' title='bbox 1389 4739 1422 4776; x_wconf 78' lang='lat' dir='ltr'><strong>na</strong></span> <span class='ocrx_word' id='word_1_396' title='bbox 1433 4731 1570 4786; x_wconf 76' lang='lat' dir='ltr'><strong>conquiata</strong></span> <span class='ocrx_word' id='word_1_397' title='bbox 1579 4731 1611 4774; x_wconf 81' lang='lat' dir='ltr'><strong>de</strong></span> 
     </span>
    </p>
   </div>
   <div class='ocr_carea' id='block_1_4' title="bbox 0 0 1864 5400">
    <p class='ocr_par' dir='ltr' id='par_1_12' title="bbox 0 0 1864 5400">
     <span class='ocr_line' id='line_1_44' title="bbox 0 0 1864 5400; baseline 0 6"><span class='ocrx_word' id='word_1_398' title='bbox 0 0 1864 5400; x_wconf 95' lang='lat' dir='ltr'><strong> </strong></span> 
     </span>
    </p>
   </div>
  </div>
 </body>
</html>
