3717 5400
257 472 258 475 ’
365 478 421 538 538
824 472 954 535 ennon.
973 476 1050 533 Soc.
1071 480 1141 546 jas.

364 615 504 702 Ignatio
520 622 595 703 ipse
611 622 802 701 suggessit:
821 621 857 684 in
871 620 1022 699 singulis
1034 618 1231 700 provinciis
1241 618 1366 681 domos
1377 615 1597 697 probationis

364 732 491 794 saltem
506 730 666 809 singulas
680 728 866 806 conficere,
883 736 917 790 et
933 727 979 790 ad
994 728 1060 791 hoc
1074 742 1114 789 se
1128 726 1233 788 valde
1252 741 1469 805 propensum
1488 723 1595 803 signi·

365 836 486 901 ficavit
503 836 524 898 ¹.
545 836 589 899 Et
609 854 652 899 ea
673 837 763 899 ratio
783 832 1005 898 sustentandi
1023 831 1223 913 hujusmodi
1249 833 1373 895 domos
1394 840 1478 893 tunc
1492 830 1527 892 ei
1539 846 1595 892 oc-

362 944 543 1021 currebat,
560 953 598 1006 ut
616 943 757 1022 singula
780 941 930 1020 collegia
951 958 1013 1003 eos
1038 941 1185 1018 alerent,
1212 956 1300 1019 quos
1325 937 1371 1001 ad
1392 935 1597 1016 hujusmodi

363 1051 492 1115 domos
513 1050 704 1127 mitterent;
731 1059 766 1111 et
791 1048 829 1111 P.
857 1048 997 1126 Ignatio
1019 1065 1095 1111 rem
1119 1047 1303 1127 probante,
1321 1055 1356 1108 et
1370 1043 1546 1108 Simancis
1560 1055 1596 1106 et

363 1156 563 1235 Cordubae,
580 1165 617 1220 ut
638 1156 803 1233 diximus
830 1154 1051 1235 probationis
1075 1156 1201 1216 domus
1225 1151 1367 1215 suerunt
1392 1152 1596 1226 inchoatae,

362 1266 530 1344 quamvis
545 1263 687 1325 diverso
704 1264 824 1340 modo,
842 1278 922 1325 cum
937 1259 1112 1325 Simaucis
1128 1270 1295 1338 separata
1311 1260 1437 1321 domus
1453 1258 1597 1321 omnino

366 1370 484 1449 fuerit,
502 1370 689 1434 Cordubae
705 1379 823 1432 autem
839 1368 990 1447 collegio
1005 1365 1205 1446 conjuncta.

409 1475 498 1541 1470.
541 1476 613 1541 Sub
647 1476 785 1539 initium
815 1473 918 1553 hujus
943 1474 1028 1537 anni
1058 1490 1139 1537 cum
1167 1472 1369 1536 Placentiae
1393 1480 1599 1536 versaretur

365 1583 404 1647 P.
421 1584 648 1662 FranciscuS,
665 1582 925 1669 Xarandilliam
946 1598 1026 1643 cum
1050 1579 1089 1643 P.
1111 1578 1303 1643 Villanova
1323 1597 1361 1642 se
1381 1580 1542 1657 contulit,
1559 1589 1599 1643 ut

363 1693 533 1755 diuturno
552 1690 728 1753 desiderio
749 1689 895 1754 Comitis
915 1688 959 1750 de
977 1686 1136 1768 Oropesa
1158 1686 1420 1761 'satisfacerem
1445 1686 1504 1749 ubi
1518 1704 1600 1749 cum

364 1800 519 1880 quinque
539 1798 615 1860 dies
628 1808 721 1861 esset
740 1804 992 1870 commoratus
1010 1805 1045 1858 et
1067 1796 1175 1857 semel
1195 1795 1445 1872 concionatuS,
1463 1794 1598 1858 confes-

366 1906 504 1969 sionem
518 1906 630 1986 ipsius
648 1904 796 1969 Comitis
812 1912 917 1984 atque
932 1902 1055 1965 uxoris
1069 1900 1146 1980 ejus
1165 1900 1187 1981 ³,
1207 1913 1243 1965 et
1262 1901 1305 1964 D.
1321 1902 1511 1976 ¹Fr'ancisci
1530 1900 1593 1963 Το·

366 2012 438 2093 leti,
455 2010 531 2091 ejus
545 2010 557 2041 ⁴
571 2010 694 2075 fratris
710 2012 783 2091 (qui
798 2009 946 2088 Collegii
962 2008 1005 2071 de
1021 2007 1180 2087 Oropesa
1199 2007 1367 2072 fundator
1387 2009 1602 2089 praecipuus

366 2120 494 2183 deinde
522 2118 611 2196 luit);
634 2128 667 2181 ct
688 2118 832 2198 quidam
858 2116 996 2193 Comes,
1023 2115 1079 2177 vir
1105 2133 1176 2178 non
1201 2116 1317 2179 minus
1341 2116 1472 2196 pietate
1494 2132 1600 2195 quam

367 2227 551 2290 nobilitate
567 2228 697 2302 clarus
716 2225 872 2287 animam
888 2240 990 2287 suam
1005 2232 1039 2284 et
1053 2222 1147 2286 bona
1162 2222 1199 2285 P.
1220 2222 1249 2285 F
1252 2224 1416 2285 rancisco
1437 2223 1489 2285 sic
1508 2239 1601 2285 com-

366 2334 563 2409 mendavit,
581 2342 614 2395 et
631 2332 893 2412 quodammodo
909 2331 946 2391 in
960 2326 1037 2407 ejus
1052 2330 1215 2393 manibus
1234 2330 1428 2405 constituit,
1449 2338 1488 2392 ut
1506 2330 1601 2409 quic·

366 2442 454 2521 quid
469 2441 515 2503 ad
530 2439 596 2503 Dei
613 2439 766 2519 gloriam
782 2438 849 2518 ipsi
864 2435 1065 2499 laciendum
1077 2436 1271 2516 videretur,
1284 2456 1322 2500 se
1333 2454 1480 2517 prorsus
1491 2435 1602 2507 factu·

368 2565 448 2611 rum
464 2565 542 2611 esse
562 2548 748 2626 reciperet.

413 2654 501 2718 1471.
546 2652 765 2732 Simulatque
780 2652 882 2716 initio
898 2653 1003 2736 hujus
1018 2653 1102 2718 anni
1121 2651 1296 2733 Hispalim
1316 2650 1424 2729 venit,
1449 2659 1603 2731 quatuor

368 2762 460 2841 illoS,
487 2761 622 2826 scilicet
643 2760 680 2824 P.
702 2761 875 2843 Joannem
895 2761 1056 2840 Paulum,
1084 2761 1167 2824 olim
1191 2760 1359 2837 AlvareZ,
1385 2776 1467 2822 cum
1489 2758 1603 2820 tribus

369 2869 487 2947 sociis,
501 2881 538 2931 ut
554 2870 647 2932 votis
660 2865 834 2932 Ducissae
847 2867 1074 2949 Methymnae
1086 2867 1251 2932 Sidoniae
1264 2875 1299 2928 et
1310 2865 1458 2929 Comitis
1469 2865 1512 2927 de
1522 2862 1602 2927 Nie-

367 2977 427 3040 bla
439 2975 671 3052 satisfaceret,
689 2975 783 3038 misit
798 2976 834 3037 in
848 2976 1016 3055 oppidum
1031 2973 1090 3038 S.¹¹
1103 2974 1223 3037 Lucae
1238 2972 1261 3047 ⁵:
1279 2984 1406 3036 etcum
1420 2972 1602 3036 Granatae

367 3092 523 3163 quatuor
538 3092 656 3146 essent
672 3099 716 3144 ex
736 3082 878 3161 nostriS,
901 3082 1085 3145 constituit
1107 3090 1145 3143 ut
1162 3079 1292 3145 ibidem
1309 3091 1461 3160 quatuor
1485 3095 1599 3141 sacer·

368 3191 471 3253 dotes
483 3207 622 3269 semper
634 3190 884 3268 retinerentur,
900 3206 1049 3269 quorum
1061 3205 1152 3250 unus
1165 3197 1258 3249 esset
1270 3187 1509 3264 concionator,
1522 3201 1602 3247 cum

370 3297 510 3360 duobus
525 3296 695 3358 fratribus
711 3294 978 3375 coadjutoribus
992 3293 1015 3357 ⁶ss

415 3402 502 3466 1472.
546 3403 642 3466 ldem
658 3401 809 3482 injunxit
835 3402 873 3466 P.
900 3403 1083 3481 Baptistae
1108 3402 1151 3464 de
1175 3400 1305 3464 Barma
1329 3400 1429 3463 initio
1449 3397 1604 3479 ejusdem

369 3512 457 3574 anni
472 3521 509 3574 ut
524 3511 698 3573 Murciam
714 3510 759 3573 ad
780 3510 1020 3574 inchoandum
1040 3508 1125 3572 illud
1144 3508 1333 3587 collegium
1355 3525 1394 3570 se
1414 3505 1602 3569 conferret.

372 3617 567 3682 Dubitabat
584 3629 702 3680 tamen
719 3618 775 3688 cui
791 3617 999 3696 provinciae
1011 3617 1201 3695 collegium
1215 3615 1300 3678 illud
1312 3623 1406 3676 esset
1420 3613 1603 3692 assignan-

370 3725 469 3804 dum,
486 3733 520 3787 et
536 3743 577 3788 ea
594 3725 636 3788 de
652 3741 690 3787 re
702 3723 842 3787 Patrem
858 3724 1036 3803 ignatium
1051 3722 1239 3786 consuluit:
1260 3722 1322 3785 sed
1338 3738 1418 3784 cum
1437 3737 1605 3800 suggere-

371 3841 437 3913 ret,
455 3831 548 3913 quod
564 3831 784 3894 commodius
799 3831 844 3894 ab
858 3829 1065 3909 Aragoniae
1080 3824 1296 3892 Provinciali
1307 3845 1415 3908 quam
1429 3826 1605 3890 Castellae

373 3939 512 4002 visitari
528 3949 676 4018 poterat,
693 3950 727 4000 et
740 3937 834 4016 quod
854 3937 1037 4017 operarios
1057 3955 1102 3998 ex
1122 3934 1281 4014 Collegio
1298 3933 1485 3997 Valentiae
1506 3949 1605 3996 acce·

374 4055 516 4127 pturum
533 4056 621 4125 erat,
635 4045 800 4125 probavit
812 4043 887 4123 ejus
899 4043 1113 4106 sententiam
1123 4042 1161 4105 P.
1175 4041 1334 4121 lgnatius
1346 4051 1380 4103 et
1396 4039 1609 4103 Provinciae

417 4359 426 4390 ¹
454 4357 522 4402 Vide
533 4369 622 4413 supra,
633 4368 692 4413 pag.
700 4357 749 4412 529,
761 4368 786 4402 n.
798 4357 859 4400 1446.

416 4431 427 4463 ¹
455 4429 612 4475 Ferdinandi
624 4431 737 4474 Alvarez
749 4429 780 4472 de
790 4429 895 4474 Toledo.

416 4503 428 4536 ³
455 4501 584 4546 Beatricis
593 4503 622 4546 de
633 4501 741 4559 Monroy
751 4507 777 4546 et
788 4501 886 4557 Ayala.

417 4575 430 4608 δ
457 4574 563 4619 Scilicet
575 4574 692 4619 Comitis.

416 4647 428 4678 ὅ
456 4645 525 4690 Vide
535 4656 622 4702 supra,
632 4657 693 4701 pag.
704 4647 752 4698 tle,
763 4658 788 4690 n.
799 4643 860 4688 1359.

415 4717 430 4752 ⁸
456 4719 523 4762 Vide
533 4729 621 4774 supra,
631 4730 692 4774 pag.
702 4719 751 4774 507,
761 4731 785 4764 n.
799 4715 858 4760 1381.
