3717 5400
811 509 876 566 Art.
898 509 969 566 1555
1453 508 1508 566 151

275 667 359 714 eum
372 651 516 714 omnino
531 662 688 732 curaret,
714 662 752 716 ut
770 655 903 735 optime
923 653 997 716 fieri
1021 663 1143 733 posset
1159 651 1178 732 '3
1202 652 1265 717 sed
1285 653 1370 716 dum
1388 669 1507 716 emere

273 756 419 820 domum
430 758 623 838 quamdam
637 762 778 836 volunt,
794 762 890 824 nullo
905 759 1011 823 modo
1026 760 1108 823 duci
1123 761 1236 840 potuit
1251 757 1326 838 ejus
1341 759 1510 822 dominus

275 874 314 926 ut
327 882 407 927 eam
421 866 603 944 venderet3
619 885 703 931 nam
713 867 812 946 prior
826 868 887 930 illa
901 885 923 929 a
938 867 1071 930 nostris
1086 867 1242 930 admissa
1257 883 1328 930 non
1343 875 1397 928 est
1411 864 1433 928 ¹.

334 970 405 1034 431.
449 971 611 1055 Quinque
631 983 768 1038 tantum
789 973 947 1038 Mutinae
968 973 1082 1038 relicti
1103 983 1196 1053 sunt,
1220 982 1254 1037 et
1275 989 1365 1036 unus
1385 990 1509 1036 eorum

276 1079 429 1142 famulus
449 1092 618 1143 externus
642 1090 731 1159 erat3
753 1092 789 1144 et
808 1081 996 1144 difficultas
1017 1081 1068 1146 rei
1087 1081 1314 1160 pecuniariae
1336 1079 1510 1143 efficiebat

275 1195 314 1248 ut
335 1187 489 1264 exiguus
509 1204 678 1250 numerus
700 1189 749 1250 ibi
774 1188 922 1252 alendus
947 1199 1050 1266 esset,
1078 1205 1123 1251 ne
1149 1187 1267 1250 debita
1292 1181 1506 1250 crescerent.

276 1291 369 1370 Quia
388 1310 474 1355 vero
495 1295 624 1357 civitas
645 1295 725 1373 ipsa
746 1295 926 1358 communi
947 1310 1123 1358 consensu
1142 1292 1359 1356 Societatem
1380 1293 1511 1371 ample-

276 1415 326 1460 xa
339 1417 412 1461 non
426 1409 514 1477 erat,
530 1417 597 1464 nec
611 1400 703 1463 inter
715 1417 824 1480 opera
839 1401 898 1480 pia
909 1400 1066 1464 civitatis
1077 1409 1238 1462 nostrum
1249 1399 1445 1479 Collegium
1456 1415 1508 1462 re·

275 1508 416 1583 tulerat,
432 1507 623 1570 timebatur
636 1507 730 1587 quod
746 1524 873 1587 parum
889 1506 1026 1570 favoris
1041 1507 1172 1570 nostris
1184 1515 1278 1570 esset
1294 1507 1457 1581 allatura;
1474 1513 1509 1568 et

275 1612 354 1675 ideo
379 1613 521 1676 nomine
546 1611 695 1692 alicujus
720 1614 826 1676 amici
848 1615 994 1677 domum
1017 1629 1095 1676 esse
1117 1611 1368 1692 quaerendam,
1390 1613 1512 1691 potius

275 1737 384 1799 quam
397 1719 558 1799 Collegii,
570 1719 788 1799 iudicabant.

336 1825 407 1889 432.
450 1825 620 1904 Religiosi
634 1825 693 1890 S.ti
707 1826 886 1890 Dominici
898 1827 1041 1890 hortum
1054 1827 1243 1906 quemdam
1254 1826 1341 1889 satis
1353 1829 1512 1904 amplum

276 1942 310 1995 et
325 1950 346 1995 a
361 1934 577 1996 monasterio
591 1949 655 1995 suo
672 1931 870 2012 sejunctum
885 1931 1039 1996 vendere
1055 1934 1232 2012 volebant;
1248 1944 1283 1996 et
1303 1949 1387 1996 cum
1408 1933 1511 1996 Prior

276 2040 483 2102 monasterii
497 2039 736 2119 significasset
751 2056 789 2103 se
802 2040 971 2104 libentius
982 2041 1116 2104 nostris
1131 2057 1238 2121 quam
1254 2041 1333 2103 aliis
1347 2039 1510 2104 venditu-

276 2163 366 2223 rum,
382 2147 608 2210 commodum
620 2146 808 2210 videbatur
823 2148 955 2210 nostris
969 2156 1108 2226 partem
1122 2147 1219 2209 illam
1233 2147 1365 2210 veteris
1379 2147 1508 2222 fossae,

276 2253 319 2316 de
340 2270 411 2332 qua
432 2253 595 2332 superius
619 2255 751 2317 mentio
774 2253 871 2316 iacta
892 2263 946 2316 est
966 2251 989 2332 ³,
1011 2271 1032 2316 a
1054 2251 1154 2316 Duce
1174 2254 1345 2330 obtinere,
1372 2263 1409 2316 ut
1431 2271 1512 2317 eam

275 2359 468 2438 praedictis
488 2360 673 2423 monachis
695 2360 832 2436 darent,
856 2360 917 2440 qui
939 2375 1156 2438 magnopere
1180 2377 1258 2423 earn
1280 2360 1450 2439 optabant
1470 2372 1509 2424 ut

275 2464 501 2546 conjunctam
515 2484 580 2530 suo
594 2467 688 2546 situi,
705 2477 743 2530 ut
759 2467 810 2530 sic
826 2467 969 2530 hortum
984 2467 1029 2528 ab
1045 2467 1098 2530 eis
1113 2467 1325 2531 obtinerent.

337 2571 407 2635 433.
452 2571 522 2636 Sed
540 2584 663 2653 postea
685 2583 841 2636 mutasse
861 2573 1028 2636 videntur
1049 2573 1262 2637 sententiam
1282 2591 1347 2638 nec
1368 2573 1512 2637 hortum

274 2680 407 2744 nostris
422 2681 508 2745 dare
522 2699 561 2744 se
577 2682 666 2745 velle
681 2679 941 2759 significabant,
958 2691 992 2744 et
1007 2680 1055 2745 ita
1072 2681 1107 2743 in
1122 2681 1199 2761 ipso
1212 2682 1290 2745 loco
1302 2700 1323 2745 a
1335 2678 1436 2745 Duce
1450 2681 1508 2745 do·

274 2797 360 2850 nato
374 2787 563 2851 aedificare
577 2788 847 2867 constituerunt;
860 2786 934 2867 jam
949 2788 1043 2851 enim
1058 2790 1195 2853 litteras
1209 2788 1284 2868 ejus
1306 2788 1513 2852 donationis

276 2905 490 2974 acceperant
505 2895 570 2957 sub
584 2894 691 2958 finem
704 2894 879 2959 Octobris.
901 2896 946 2959 Et
965 2896 1058 2958 hanc
1081 2895 1319 2961 conditionem
1339 2904 1400 2959 aut
1420 2912 1513 2959 onus

278 3002 521 3080 continebant,
538 3014 577 3065 ut
591 3018 654 3081 per
668 3003 812 3065 modum
831 3000 1087 3079 recognitionis
1101 3000 1311 3082 quicumque
1322 3017 1368 3065 ex
1379 3002 1515 3065 nostris
1601 2994 1605 3004 “

276 3106 434 3171 Mutinae
452 3118 699 3187 versarentur,
723 3110 801 3189 ipso
820 3109 877 3171 die
898 3108 1116 3185 donationiS,
1138 3108 1287 3187 singulis
1309 3109 1429 3187 annis,
1450 3107 1511 3172 de·

275 3225 358 3279 rote
373 3216 532 3279 dicerent
542 3225 678 3295 septem
688 3217 844 3295 psalmos
855 3231 937 3277 curu
949 3214 1092 3293 litaniis,
1106 3231 1169 3295 pro
1181 3214 1282 3279 Duce
1294 3224 1329 3279 et
1344 3214 1421 3295 ejus
1431 3232 1511 3277 suc·

277 3322 480 3386 cessoribus
494 3322 611 3385 Deum
624 3322 804 3401 rogando,
822 3331 857 3384 et
870 3331 952 3401 post
966 3321 996 3401 ej
1001 3338 1042 3385 us
1056 3320 1069 3352 ⁴
1082 3331 1232 3386 mortem
1249 3334 1286 3385 ut
1301 3324 1509 3387 anniversa-

280 3430 373 3493 rium
395 3426 548 3492 officium
568 3428 714 3492 indicto
736 3428 793 3492 die
816 3444 916 3491 more
932 3426 1119 3491 Societatis
1140 3428 1298 3492 dicerent
1313 3429 1378 3493 sub
1394 3446 1510 3508 poena

279 3536 387 3616 dupli.

337 3642 408 3704 434.
451 3642 541 3707 Cum
556 3658 643 3721 ergo
659 3640 816 3706 confines
831 3641 998 3705 delineati
1011 3641 1161 3706 fuissent
1177 3653 1211 3704 et
1227 3642 1405 3720 agendum
1417 3652 1512 3705 esset

277 3748 322 3811 de
336 3750 437 3812 initio
452 3750 571 3829 operis
591 3748 712 3828 hujus,
733 3749 781 3813 ad
797 3748 892 3828 quod
914 3748 1087 3827 magister
1107 3748 1264 3831 Joannes
1286 3747 1476 3811 Tristanus
1498 3746 1512 3777 ⁵

277 3854 445 3919 Ferraria
463 3865 635 3920 venturus
655 3866 749 3932 erat,
773 3855 925 3918 devotae
946 3855 1026 3917 illae
1046 3856 1212 3919 mulieres
1236 3853 1247 3885 ⁸
1270 3863 1451 3919 trecentas
1473 3855 1511 3917 li·

279 3964 363 4025 bras
377 3964 471 4025 illius
485 3974 649 4026 monetae
664 3963 754 4025 inter
770 3979 808 4025 se
824 3964 1044 4041 collegerunt
1059 3972 1092 4025 et
1108 3961 1153 4024 D.
1170 3960 1343 4025 Hercules
1359 3960 1516 4024 Purinus

320 4238 329 4269 ¹
357 4236 408 4288 Sim
420 4248 510 4281 verum
520 4246 566 4281 aut
577 4237 705 4280 redundat
717 4238 831 4290 proxime
842 4248 951 4290 sequens
962 4236 1019 4284 sed,
1028 4246 1073 4280 ant
1085 4248 1134 4280 non
1145 4244 1185 4279 est
1195 4238 1325 4291 completa
1335 4239 1472 4281 sententia.

315 4310 328 4341 Ι
354 4307 515 4353 Dormitavlt
524 4310 568 4351 bic
577 4308 683 4352 i’olancr
694 4308 825 4359 librariae.
836 4320 882 4351 nec
894 4309 1001 4361 proinde
1012 4320 1044 4351 ex
1055 4308 1095 4351 his
1106 4318 1171 4362 quae
1182 4320 1215 4351 ex
1226 4309 1334 4361 litterls,
1343 4318 1373 4353 ut
1383 4310 1512 4353 verisimi-

276 4381 301 4423 le
317 4387 365 4431 eet,
376 4382 426 4423 buc
436 4380 613 4435 transcripsit.
623 4391 688 4435 quae
698 4380 813 4433 reperire
830 4391 942 4423 noanon
952 4380 1089 4429 valuimus.
1106 4380 1161 4423 erui
1178 4380 1254 4423 facile
1272 4388 1358 4435 potest
1373 4392 1513 4435 quamnam

276 4451 382 4494 tandem
392 4452 494 4494 domum
505 4450 663 4494 mutinenses
673 4451 754 4494 nostri
764 4452 902 4503 retinuere,
915 4462 1053 4503 quamnam
1064 4452 1187 4505 rejecere.

316 4518 330 4552 ⁸
356 4520 570 4575 Pamisum

317 4594 329 4625 ⁴
356 4592 445 4643 Ducis,
454 4592 565 4647 scillcet,
575 4600 636 4637 tunc
647 4594 768 4638 viventis.

317 4662 330 4693 ⁸
356 4664 423 4707 Vide
434 4674 523 4717 supra,
534 4676 594 4719 pap.
604 4664 646 4707 386
656 4673 682 4709 et
693 4666 740 4719 3⁸7,
751 4676 775 4707 n.
791 4664 840 4708 386.

317 4733 330 4765 ⁸
357 4734 517 4789 Hieronymus
526 4742 552 4777 et
562 4734 682 4780 Barbara
692 4736 817 4780 Pezzana.
828 4735 894 4779 Vide
905 4746 993 4790 supra,
1004 4744 1023 4779 t.
1035 4746 1070 4791 lv,
1082 4748 1141 4790 pag.
1154 4736 1193 4779 10⁶
1202 4745 1227 4779 et
1240 4736 1287 4781 tw.
