3717 5400
335 480 390 536 314
794 479 921 538 Curios,
942 477 1019 538 Soc.
1040 479 1110 551 jus.

333 635 409 686 tum
434 635 527 688 esset
552 624 598 687 ad
623 625 768 688 Curiam
792 627 886 706 qnod
905 625 1071 690 Summus
1095 625 1261 689 Pontifex
1284 625 1416 688 Paulus
1438 624 1490 686 lV
1510 641 1572 686 res

335 748 455 792 novas
479 731 660 794 moliretur
681 733 776 810 (nam
801 731 961 796 Marcum
984 733 1181 796 Antonium
1201 732 1410 796 Columnam
1434 731 1568 794 ditione

334 854 412 913 sua,
430 855 538 918 quam
552 838 704 902 habebat
718 840 755 902 in
769 839 951 902 Ecclesiae
965 856 1090 918 regn0,
1106 841 1163 902 vel
1178 839 1387 920 privaverat
1401 841 1459 900 vel
1473 838 1509 900 in
1524 855 1578 899 eo·

334 945 415 1022 ipso
429 945 464 1006 id
479 947 649 1024 temporis
662 957 740 1008 erat
755 944 776 1023 ¹,
793 957 827 1009 et
842 947 974 1026 aliquid
992 947 1141 1009 ulterius
1154 947 1270 1026 ipsum
1291 946 1453 1024 cogitare
1475 942 1578 1007 forte-

332 1049 409 1130 jam
422 1051 650 1130 innotuerat),
667 1070 736 1115 uon
751 1053 869 1116 visum
893 1063 948 1116 est
971 1051 1140 1133 expedire
1163 1064 1203 1115 ut
1216 1051 1326 1132 Regis
1349 1053 1489 1115 litterae
1503 1051 1568 1114 hu-

332 1157 488 1238 jusmodi
514 1159 558 1222 ad
583 1160 697 1238 ipsum
724 1161 958 1223 mitterentur.
983 1159 1029 1222 Et
1053 1161 1148 1240 quod
1173 1161 1299 1222 attinet
1320 1160 1367 1222 ad
1387 1160 1569 1237 negotium

333 1261 380 1326 D.
393 1265 543 1347 Joannis
557 1265 601 1328 de
616 1265 799 1344 Mendoza‚
816 1266 1047 1330 differendum
1061 1268 1170 1329 etiam
1184 1267 1268 1328 illud
1282 1266 1486 1328 necessario
1501 1265 1568 1328 fuit

335 1381 411 1435 tum
441 1383 586 1452 propter
613 1375 865 1454 occupationes
894 1373 1129 1452 gravissimas
1155 1373 1263 1453 Regis
1289 1372 1457 1453 Philippi,
1487 1389 1570 1434 cum

335 1495 462 1542 omnes
477 1489 592 1543 status
606 1481 745 1544 illarum
760 1480 933 1544 ditionum
951 1483 1161 1560 congregati
1181 1494 1299 1543 essent
1321 1479 1510 1556 Bruxellis,
1526 1496 1570 1541 eo

334 1586 431 1665 quod
445 1585 641 1667 Imperator
658 1587 808 1651 Carolus
822 1603 945 1650 coram
960 1587 1046 1667 ipsis
1059 1589 1265 1650 renuntiare
1280 1589 1387 1650 vellet
1401 1585 1473 1649 lilio
1488 1585 1569 1648 Phi·

336 1695 433 1773 lippo
448 1711 571 1757 omues
587 1695 665 1758 illas
687 1695 891 1775 provincias
913 1695 971 1758 ‘sui
995 1695 1210 1775 patrimonii,
1236 1695 1329 1774 quod
1352 1707 1388 1756 et
1401 1694 1486 1756 lecit
1500 1695 1580 1755 hoc

335 1801 413 1880 ipso
424 1817 530 1864 anno.

395 1905 466 1970 853.
509 1908 554 1971 Et
568 1909 682 1988 primo
697 1909 836 1988 quidem
850 1920 1070 1989 congregato
1085 1909 1234 1972 consilio
1250 1909 1407 1971 omnium
1430 1908 1568 1970 illorum

340 2025 510 2091 statuum,
528 2017 589 2096 qui
615 2017 660 2079 ad
684 2015 913 2094 Burgundiae
938 2017 1082 2079 domum
1107 2016 1342 2096 pertinebant,
1368 2030 1492 2078 coram
1505 2013 1568 2077 Re·

339 2124 426 2200 gina
451 2121 562 2184 Maria
590 2122 849 2186 Gubernatrice
873 2134 907 2185 et
929 2123 1115 2203 Equitibus
1139 2123 1282 2186 velleris
1305 2122 1416 2198 aurei,
1439 2138 1543 2202 quern
1557 2121 1580 2150 ¹·

346 2235 510 2292 tusonem
525 2231 634 2308 vulgo
650 2241 792 2302 vocant.
805 2229 910 2310 hujus
921 2230 1055 2293 ordinis
1066 2242 1173 2309 caput
1184 2231 1282 2292 illum
1296 2228 1390 2292 lecit.
1409 2226 1570 2291 Deinde⁸

339 2337 389 2398 illi
406 2353 529 2398 omnes
544 2337 609 2398 hos
624 2346 737 2399 status
753 2337 950 2415 resignavit
975 2336 1030 2399 die
1052 2336 1122 2399 25.a
1139 2335 1305 2398 Octobris
1326 2333 1350 2411 ⁸,
1376 2353 1419 2397 ac
1434 2350 1581 2414 paucos.

340 2453 420 2522 post
435 2442 511 2505 dies
526 2459 636 2522 regna
652 2442 845 2522 Hispaniae
860 2460 903 2506 ac
916 2445 1053 2523 reliqua
1068 2443 1182 2506 eidem
1198 2443 1338 2522 reliquit
1353 2440 1376 2518 ’ς
1398 2459 1442 2504 ac
1457 2440 1571 2520 digni·

382 2782 391 2815 ¹
421 2782 477 2827 Hoc
495 2785 583 2828 eruin
599 2784 718 2837 idipsum
728 2790 756 2827 ut
772 2782 887 2828 Marcum
903 2784 1045 2828 Antonium
1055 2782 1207 2827 Columnam
1220 2784 1317 2827 ditione
1327 2784 1446 2838 privaret
1455 2785 1571 2827 intentus

340 2855 460 2899 Pontifex
469 2862 529 2900 tnnc
536 2854 738 2899 erat-“liendo
746 2856 851 2906 (Paulus
862 2854 908 2909 IV)
919 2857 1096 2900 encarcelartt
1106 2854 1206 2898 carullo
1216 2855 1331 2899 Cotonna
1341 2866 1389 2910 por
1399 2857 1570 2909 lupercum

338 2928 466 2971 adversas
477 2930 502 2971 al
514 2926 594 2981 Papa.
605 2939 653 2983 que
665 2938 692 2970 ee
704 2929 727 2971 le
738 2928 897 2981 imputabat.
909 2940 926 2983 y
936 2926 1042 2971 ltublese
1054 2928 1135 2970 nocuo
1145 2928 1170 2969 lo
1180 2927 1271 2971 mismo
1281 2939 1328 2970 con
1337 2926 1515 2971 Mercantonio
1523 2925 1571 2969 Co-

340 3000 426 3051 lonna‚
437 3000 459 3043 el
470 3010 517 3043 con
528 3000 703 3053 anticipacion
713 3009 745 3041 no
754 3010 781 3042 se
790 3000 896 3042 hubiere
906 2998 1042 3051 reiugirdo
1051 3010 1083 3041 en
1093 2997 1215 3051 Napoles.
1226 2996 1329 3041 Fueron
1343 2998 1445 3041 citatius
1455 2996 1571 3041 Marcen-

339 3072 410 3115 tonio
423 3084 439 3126 y
452 3081 482 3114 su
490 3070 570 3125 padre
581 3071 695 3114 Ascanio
706 3073 721 3113 a
731 3080 897 3124 comparecer
908 3081 939 3113 en
950 3069 1032 3113 Roma
1042 3081 1074 3112 en
1089 3080 1149 3125 muy
1159 3070 1240 3112 breve
1251 3068 1369 3122 termium
1380 3080 1397 3122 y
1408 3080 1440 3112 no
1456 3069 1570 3123 querien·

339 3144 372 3186 ‹io
382 3143 405 3185 el
419 3142 531 3196 primero
541 3142 667 3185 obedecer
675 3153 772 3196 porque
787 3142 857 3185 tenio
872 3148 933 3185 ante
943 3152 987 3185 sne
1000 3141 1056 3196 olos
1066 3141 1090 3183 el
1099 3141 1209 3194 elemplo
1220 3139 1252 3183 de
1261 3138 1344 3183 Senta
1358 3138 1436 3184 Flore
1447 3150 1464 3194 y
1478 3139 1511 3183 tie
1521 3138 1570 3182 Ca·

339 3215 402 3258 milo
413 3212 536 3265 Coloniae,
547 3226 564 3270 y
575 3224 607 3257 no
617 3214 771 3268 pudiendolo
780 3216 804 3256 el
815 3214 937 3267 segundo,
948 3224 995 3267 por
1004 3213 1119 3256 uelletne
1130 3212 1251 3255 detenltio
1260 3222 1294 3255 en
1302 3210 1416 3265 Nepote·
1427 3212 1580 3255 termedo

341 3286 424 3330 haber
434 3285 570 3329 intentatio
580 3286 703 3329 sublevor
714 3286 752 3329 loe
765 3284 889 3335 Abruzos,
901 3285 990 3327 lueron
998 3284 1124 3339 luzgatior
1134 3294 1166 3326 en
1175 3285 1341 3327 coutumacia
1350 3296 1368 3339 y
1378 3283 1531 3338 despojatioe
1540 3294 1573 3325 en

340 3360 363 3401 el
379 3364 439 3401 acto
449 3356 480 3400 de
492 3368 535 3409 rur
546 3357 673 3411 euterius„
683 3355 748 3401 ero
758 3354 856 3409 Moioz,
869 3356 973 3399 Guerra
984 3356 1017 3399 de
1027 3366 1064 3398 un
1074 3356 1127 3397 aeto
1141 3357 1217 3398 entre
1231 3355 1257 3398 ei
1268 3354 1345 3409 Papa
1355 3354 1441 3397 Paulo
1451 3353 1469 3397 1
1471 3352 1516 3408 Vy
1523 3352 1579 3397 Fa.

338 3431 394 3483 lipe
405 3428 441 3478 11.
452 3440 509 3482 cap,
521 3430 541 3472 1.

377 3502 389 3535 ⁸
422 3498 472 3555 Slc;
483 3506 509 3543 et
520 3500 675 3555 respondere
684 3498 790 3543 videtur
799 3500 996 3544 subintellectae
1006 3500 1064 3543 vocl
1075 3500 1187 3543 ordinis.

378 3572 390 3605 ⁸
421 3572 502 3624 ilaec,
513 3583 530 3616 a
540 3572 628 3615 verblr
637 3582 715 3624 quem
727 3574 859 3619 turonem.
868 3582 946 3615 manu
955 3570 1062 3625 propria
1073 3572 1106 3615 ad
1115 3572 1227 3626 paginae
1235 3582 1308 3614 oram
1318 3570 1423 3623 scripsit
1433 3569 1571 3618 Polancns.

338 3646 460 3700 apposito
469 3644 544 3699 signo
554 3644 620 3698 quod
629 3642 726 3687 indlcat
737 3643 778 3686 hle
790 3644 882 3687 debere
893 3644 981 3687 inseri.

378 3721 390 3751 Α
421 3716 493 3761 ilaec
505 3717 584 3763 etiem
594 3717 639 3759 die
649 3716 708 3759 25!
718 3713 837 3759 Octobris
845 3727 922 3759 mann
937 3717 1042 3771 propria
1058 3714 1167 3761 inseruit
1181 3714 1411 3759 Polaticus-“Les
1422 3716 1515 3757 lettres
1529 3713 1573 3757 ad-

341 3792 441 3834 rcsstes
452 3800 503 3833 oux
515 3793 584 3833 etate
595 3788 702 3832 avaient
713 3786 763 3831 fixe
773 3788 790 3830 l'
800 3788 949 3832 abdication
958 3800 991 3831 au
1010 3789 1035 3830 tt
1049 3790 1168 3841 octobre;
1178 3794 1248 3830 cette
1258 3785 1403 3830 ceremonie
1417 3786 1456 3830 lut
1473 3796 1572 3829 succes·

343 3862 471 3906 sivement
480 3861 582 3905 reculee
591 3860 675 3914 jusqu¹
686 3870 719 3903 au
729 3859 777 3911 25...
788 3858 923 3911 ercurio,
935 3859 1108 3913 1.c.,pag.7t.

382 3934 394 3967 ὅ
421 3933 492 3977 Vere
503 3942 552 3975 non
563 3942 659 3987 puucor
669 3936 727 3985 post
737 3930 799 3976 dice.
810 3942 857 3973 nec
875 3930 976 3985 quidem
987 3932 1036 3974 hoc
1049 3942 1116 3975 anno
1128 3931 1187 3980 1⁵⁶5.
1199 3931 1266 3973 lianc
1281 3929 1498 3974 renuntiationem
1512 3929 1572 3972 iecit

342 4004 460 4056 Carolus.
471 4004 516 4048 sed
528 4010 586 4059 port
597 4010 652 4047 tres
662 4002 715 4045 lere
726 4012 834 4053 ruentes.
846 4013 889 4049 sc..
902 4002 927 4045 10
936 4002 1055 4055 januarii
1063 4003 1195 4057 sequentis
1205 4002 1265 4045 anni
1277 4000 1570 4054 1556.-“1.etempe,qui

342 4078 457 4121 s'ecouln
468 4082 540 4120 entre
551 4078 576 4119 ia
593 4076 736 4119 ceremonle
747 4074 780 4117 du
790 4074 817 4117 ii>
826 4073 938 4118 octobre
955 4082 981 4119 et
996 4077 1022 4119 la
1035 4076 1214 4119 transmission
1224 4076 1240 4117 a
1251 4074 1367 4127 Philippe
1377 4072 1401 4116 11
1411 4074 1457 4116 des
1466 4083 1573 4116 conrnu-

343 4159 391 4192 ποι
407 4148 438 4190 de
449 4146 566 4201 Cestllle,
577 4146 709 4200 d’Aragon
719 4152 745 4189 et
756 4146 787 4188 de
798 4145 883 4189 Sicile.
893 4147 1062 4191 autorirerait
1072 4149 1089 4190 i
1098 4147 1181 4191 croire
1191 4157 1241 4201 que
1250 4145 1361 4190 Citarles
1369 4144 1395 4186 V
1402 4152 1446 4187 eut
1455 4145 1480 4188 le
1488 4145 1573 4198 projct

343 4219 505 4271 d'attendre,
517 4229 582 4273 pour
592 4219 714 4261 effectuer
724 4217 833 4269 cellecl,
844 4216 905 4271 qu'il
922 4218 961 4261 itit
971 4218 1059 4261 errive
1069 4229 1101 4261 en
1116 4218 1246 4272 Espagne,
1257 4218 1323 4261 male
1337 4228 1386 4271 que
1395 4218 1422 4259 ia
1435 4216 1572 4269 prolonga·

346 4292 400 4333 tion
415 4289 500 4333 sorece
512 4290 543 4333 de
554 4300 599 4333 son
610 4290 697 4345 tejour
707 4299 759 4332 aux
769 4288 903 4344 Paysssas
913 4291 937 4331 le
947 4289 1117 4333 determinat
1131 4290 1212 4343 prend
1222 4300 1255 4332 un
1266 4294 1342 4333 autre
1356 4286 1434 4340 parti.
1449 4286 1574 4340 Quotquot

349 4373 380 4405 en
391 4362 449 4413 solt.
461 4367 529 4405 cette
540 4361 706 4405 transmision
717 4361 801 4403 donna
811 4362 861 4403 lieu
873 4362 888 4404 it
902 4360 966 4403 trois
979 4360 1170 4405 renunciatione
1184 4360 1353 4412 successim,
1363 4360 1406 4414 qul
1420 4370 1449 4402 se
1463 4358 1539 4402 litent
1550 4361 1583 4401 le-

344 4434 368 4475 16
376 4433 481 4489 janvier
493 4432 552 4485 15⁵6,
563 4444 593 4477 en
604 4434 630 4477 la
641 4434 723 4487 petite
733 4434 833 4477 maison
844 4434 874 4476 de
884 4432 1053 4486 l’Empereur,
1061 4444 1095 4477 au
1105 4432 1180 4479 Parc.

384 4505 423 4550 Le
434 4505 562 4559 premiere
572 4506 750 4549 renonciatlon
765 4506 926 4560 comprenait
943 4505 980 4546 les
995 4515 1133 4560 royaumes
1146 4506 1178 4548 de
1193 4504 1309 4558 Contine.
1323 4503 1403 4557 Leon,
1418 4502 1537 4545 Grenade
1547 4512 1572 4547 et

350 4574 479 4627 Navarre.
491 4579 528 4619 les
538 4576 621 4631 indes,
632 4578 680 4621 ller
694 4584 720 4622 et
734 4585 804 4621 terre
822 4577 901 4620 ierme
912 4577 944 4619 de
953 4577 980 4620 la
993 4588 1049 4621 mer
1064 4576 1166 4621 oceane
1180 4578 1351 4622 decouvertes
1364 4583 1391 4620 et
1401 4579 1418 4620 i
1428 4576 1573 4625 decouvrlr,

349 4650 388 4692 les
398 4648 511 4702 grandes
520 4648 653 4691 mattrlree
661 4649 707 4691 dee
716 4650 805 4693 ordros
815 4649 846 4692 de
858 4646 1061 4702 saint-Jaeques‚
1070 4649 1242 4693 d'Alcantare
1250 4656 1278 4693 et
1288 4650 1320 4692 de
1330 4647 1500 4691 Caletrava...

384 4719 424 4764 La
434 4720 544 4763 seconde
553 4720 731 4764 renunciatlon
742 4720 909 4775 r'rppllquait
920 4730 954 4763 eu
964 4731 1101 4776 royaumes
1110 4720 1251 4775 ‹i'rirttgon¹
1261 4722 1294 4764 de
1302 4720 1423 4773 Valence,
1431 4719 1462 4761 tie
1469 4716 1574 4761 Serdai-
