3717 5400
835 479 898 536 Aa.
921 480 992 537 lhhb
1476 477 1532 538 333

357 619 428 684 891.
472 621 657 686 Recedens
670 641 791 687 mense
810 623 904 704 Maio
930 624 1127 704 Episcopus
1152 625 1452 689 Claramontanus
1476 642 1530 689 se·

293 745 379 791 cum
393 728 539 792 deduxit
555 731 765 809 magistrum
780 730 974 794 Robertum
989 733 1240 811 Clayssonium
1254 741 1288 796 et
1303 734 1529 797 commenda-

297 834 351 898 vit
364 833 463 898 Patri
480 834 672 900 Paschasio
687 847 725 900 ut
741 838 829 901 duos
845 838 934 900 alios
949 838 1032 901 huic
1047 840 1180 903 similes
1195 858 1216 902 a
1232 838 1270 902 P.
1286 839 1425 920 Ignatio
1439 840 1527 903 obti-

298 951 411 1020 neret,
428 944 525 1005 etita
541 962 605 1023 pro
621 943 659 1006 P.
680 944 900 1024 Hieronymo
923 945 1048 1008 Bassio
1070 964 1113 1008 ac
1133 945 1170 1010 P.
1194 946 1299 1009 Petro
1320 947 1469 1010 Chanali
1493 948 1529 1011 in

293 1047 451 1112 Galliam
467 1050 689 1114 remittendis
703 1049 740 1113 P.
758 1049 973 1114 Paschasius
988 1053 1122 1116 instare
1137 1053 1272 1134 coepit;
1290 1071 1356 1117 nec
1369 1053 1462 1117 enim
1473 1071 1529 1117 so-

296 1157 369 1219 lum
384 1156 580 1236 Episcopus
596 1157 792 1236 Collegium
807 1157 1044 1237 Billioniense,
1061 1160 1124 1223 sed
1139 1159 1338 1223 Parisiense
1354 1161 1472 1240 etiam,
1490 1177 1528 1223 se

296 1262 526 1326 fundaturum
542 1265 782 1344 promittebat.

356 1369 427 1432 892.
472 1371 633 1434 Timebat
655 1371 693 1434 P.
715 1372 931 1436 Paschasius
953 1392 997 1436 ne
1023 1384 1096 1437 tres
1120 1383 1180 1436 aut
1206 1383 1361 1454 quatuor
1379 1373 1529 1454 juvenes

295 1476 410 1540 bonae
425 1477 564 1558 indoliS,
581 1480 640 1560 qui
656 1480 690 1542 in
706 1479 918 1544 Societatem
933 1498 1059 1544 recens
1074 1481 1220 1544 admissi
1234 1482 1386 1557 fuerant,
1401 1484 1456 1546 his
1467 1483 1531 1546 flu·

294 1584 412 1648 ctibus
427 1587 748 1650 contradictionum
764 1590 1008 1667 obruerentur,
1025 1589 1099 1667 sed,
1116 1588 1194 1652 Deo
1210 1587 1367 1667 iuvante,
1385 1601 1459 1652 tam
1474 1590 1530 1654 fir-

296 1693 344 1754 mi
360 1710 403 1755 ac
419 1694 562 1756 stabiles
583 1693 735 1769 luerunt,
759 1704 797 1757 ut
820 1713 863 1758 ne
885 1695 1070 1758 minimum
1094 1695 1236 1775 quidem
1261 1696 1305 1758 de
1331 1713 1395 1758 suo
1421 1697 1531 1777 priori

296 1799 478 1879 proposito
496 1801 705 1878 remiserint,
723 1803 807 1880 quin
819 1802 949 1880 potiuS,
963 1801 1138 1865 firmiores
1150 1801 1266 1866 effecti
1277 1803 1423 1882 suerint,
1437 1813 1472 1866 et
1485 1805 1531 1867 ad

296 1907 485 1986 opprobria
503 1925 568 1986 pro
586 1907 717 1971 Christi
732 1908 873 1971 nomine
890 1909 1087 1985 toleranda,
1110 1911 1322 1988 alacriores;
1345 1911 1439 1991 quod
1459 1929 1531 1974 non

296 2029 422 2092 parum
440 2025 527 2092 erat,
546 2032 625 2076 cum
641 2015 735 2094 apud
750 2017 878 2094 vulgus
893 2032 1025 2094 magna
1040 2027 1134 2078 esset
1150 2018 1347 2080 auctoritas
1358 2017 1531 2080 ‘Faculta

296 2119 342 2181 tis
358 2121 557 2199 theologiae
572 2121 747 2202 (quamvis
763 2139 832 2184 non
848 2122 897 2184 ita
913 2122 1007 2201 apud
1022 2122 1282 2202 prudentiores)
1305 2133 1339 2187 et
1360 2125 1422 2204 ita,
1445 2142 1532 2204 quo-

292 2226 484 2290 dammodo
510 2229 638 2308 digito,
660 2246 741 2291 cum
762 2247 825 2308 per
850 2229 929 2292 vias
952 2228 1167 2307 incederent,
1193 2228 1332 2312 [nostri]
1355 2243 1531 2295 monstra·

295 2344 429 2397 rentur.
444 2334 580 2412 ¹Omnes
596 2348 714 2399 autem
729 2336 842 2398 nostri
857 2354 1005 2399 numero
1020 2347 1156 2417 septem
1174 2340 1229 2401 vel
1245 2350 1326 2401 octo
1347 2348 1448 2401 erant
1467 2338 1530 2402 Pa-

296 2441 392 2504 risiis
409 2443 429 2505 ¹.

356 2547 428 2611 893.
472 2547 661 2613 Dominica
691 2551 767 2628 die,
799 2568 888 2630 quae
918 2552 1068 2630 septima
1096 2551 1162 2615 suit
1187 2553 1271 2634 Julii
1301 2554 1454 2632 mensis,
1485 2553 1532 2616 ad

296 2652 361 2719 S.1²¹
378 2655 595 2721 Germanum
611 2657 724 2721 nostri
745 2658 937 2738 redierunt;
961 2671 996 2721 et
1018 2669 1091 2723 tum
1116 2659 1242 2738 Priori,
1270 2669 1345 2723 tum
1369 2662 1530 2726 ministro

294 2764 439 2827 cuidam
449 2764 649 2829 Cardinalis
660 2764 902 2829 Turnonensis
911 2765 933 2847 ¹,
946 2767 1005 2847 qui
1014 2777 1179 2847 praeerat
1189 2768 1364 2831 Abbatiae
1374 2767 1434 2831 S.2¹
1446 2769 1531 2833 Ger-

296 2873 404 2949 mani,
421 2874 559 2951 gratias
574 2872 657 2951 egit,
675 2874 818 2936 nomine
834 2872 872 2936 P.
889 2872 1031 2953 Ignatii,
1049 2872 1086 2935 P.
1105 2874 1332 2953 Paschasius
1350 2876 1444 2955 quod
1459 2894 1531 2939 non

292 2980 560 3058 acquievissent
583 2996 705 3042 eorum
726 2980 961 3059 suasionibus,
986 2982 1046 3060 qui
1071 2982 1202 3044 nostris
1225 2982 1405 3061 prohiberi
1428 3000 1531 3046 usum

296 3085 389 3149 illius
405 3086 523 3166 templi
540 3086 754 3165 persuadere
770 3087 989 3167 nitebantur;
1005 3106 1096 3168 quae
1108 3089 1291 3167 gratitudo
1305 3090 1391 3170 ipsis
1402 3091 1531 3170 gratis·

296 3192 387 3255 sima
401 3193 476 3271 suit,
494 3204 527 3256 et
544 3211 683 3257 omnem
699 3211 846 3274 operam
861 3212 963 3257 suam
978 3195 1109 3257 nostris
1126 3196 1341 3260 obtulerunt.

355 3298 426 3362 894.
471 3300 564 3363 Inter
579 3310 720 3363 nostros
735 3300 799 3363 suit
814 3301 915 3363 initio
928 3300 1032 3380 hujus
1045 3302 1128 3364 anni
1140 3303 1285 3381 quidam
1298 3304 1474 3367 Antonius
1487 3304 1531 3367 de

295 3404 423 3469 Lesart
438 3404 460 3485 ⁵,
479 3408 538 3486 qui
554 3408 802 3486 sesquiannum
819 3407 855 3469 in
871 3407 1021 3487 collegio
1037 3408 1164 3487 fuerat,
1182 3409 1280 3487 prius
1296 3422 1413 3474 autem
1425 3429 1531 3491 quam

297 3512 342 3575 ad
368 3512 582 3577 Societatem
612 3514 872 3593 admitteretur,
901 3516 1111 3578 lectionibus
1137 3534 1179 3579 ac
1205 3517 1530 3595 praedicationibus

295 3620 466 3685 Gulielmi
486 3622 628 3683 Postelli
648 3620 660 3651 ⁴
679 3630 854 3698 assuetus,
875 3621 1058 3701 opiniones
1081 3622 1254 3702 quasdam
1275 3625 1480 3704 paradoxas
1495 3637 1530 3687 et

297 3730 424 3791 stultas
444 3728 642 3805 imbiberat,
664 3740 698 3790 et
721 3745 801 3790 cum
827 3745 889 3789 eas
910 3728 1015 3791 valde
1036 3728 1127 3792 fixas
1149 3730 1398 3808 haberet,-nec
1413 3748 1530 3810 repre-

296 3834 486 3899 hensiones
515 3844 575 3897 aut
604 3833 863 3897 admonitiones
890 3852 972 3898 eum
1003 3853 1024 3897 a
1053 3853 1117 3898 sua
1145 3835 1323 3899 obstinata
1353 3839 1529 3901 sententia

302 4032 502 4039 ..u-...⁸—

338 4150 345 4181 ¹
375 4150 536 4193 Postremum
548 4154 595 4193 hoc
606 4150 722 4203 intellige
732 4150 763 4193 de
776 4148 823 4193 fine
835 4150 910 4205 hujus
920 4151 987 4195 anni.
998 4162 1055 4194 cum
1066 4151 1118 4199 iam
1133 4162 1222 4196 eorum
1237 4153 1349 4206 quidam,
1370 4155 1412 4208 qul
1423 4154 1533 4199 Parisiis

296 4221 424 4276 degerant
435 4222 503 4273 (vide
513 4233 601 4277 supra,
613 4233 672 4275 pag.
683 4222 731 4275 320,
743 4234 766 4264 n.
775 4222 832 4275 8⁶9),
844 4223 889 4267 alil
900 4222 1017 4275 Romam,
1026 4223 1072 4267 alil
1081 4224 1106 4267 in
1117 4224 1278 4268 Auverniam
1286 4225 1410 4269 destinati
1419 4226 1533 4272 fuerant.

336 4292 348 4324 ¹
376 4292 444 4336 Vide
455 4305 541 4347 supra,
552 4304 610 4348 pag.
623 4292 670 4345 328,
682 4306 706 4337 n.
716 4293 765 4337 880.
1486 4354 1489 4357 ἢ

337 4368 347 4397 ³
375 4366 427 4415 Sic:
439 4368 492 4421 ipse
505 4374 590 4410 tamen
602 4366 730 4409 Polancus
740 4368 837 4421 (supra,
850 4370 868 4409 t.
878 4376 914 4419 tv,
923 4377 984 4421 pag.
994 4366 1043 4418 32l,
1054 4378 1077 4410 n.
1086 4367 1135 4419 687)
1145 4368 1221 4423 hujus
1234 4380 1375 4423 cognomen
1389 4366 1533 4427 scripserat

296 4436 405 4483 Lassar.
415 4438 483 4481 Vide
493 4438 573 4481 etiam
583 4436 705 4481 Litterae
715 4436 946 4489 Quadrimestres,
957 4444 975 4481 t.
986 4448 1022 4491 nt,
1034 4450 1095 4493 pag.
1106 4438 1155 4483 lll.

336 4511 348 4543 ⁴
375 4509 459 4565 Huius
466 4510 522 4564 iam
536 4510 639 4564 sseplus
653 4510 748 4553 mentio
764 4510 790 4553 iu
805 4508 853 4553 hoc
870 4508 996 4553 chronico
1012 4510 1084 4554 lacta
1098 4516 1145 4554 est.
1163 4510 1220 4566 Hic,
1231 4518 1369 4569 postquam
1380 4517 1485 4570 multas,
1501 4528 1533 4560 ex

296 4592 346 4635 quo
355 4592 372 4627 ι
383 4582 513 4625 societate
525 4582 646 4636 expulsus
657 4588 704 4633 est,
714 4586 905 4636 peragraverat
916 4588 1011 4634 terras,
1022 4591 1090 4625 anno
1103 4582 1155 4625 luta
1168 4582 1293 4637 Parisios,
1305 4587 1347 4630 ubl
1363 4589 1425 4632 olim
1443 4589 1534 4633 docue-

294 4660 347 4709 rat,
356 4665 486 4707 reversus,
497 4654 609 4697 “somnia
619 4665 665 4697 sua
674 4654 704 4696 de
713 4654 801 4697 lutura
809 4654 922 4697 omnium
930 4654 1096 4698 restitutlooe
1104 4664 1214 4699 narrare
1222 4656 1357 4713 incoepta„
1368 4660 1435 4704 Vlde
1444 4660 1532 4715 Wam,

294 4726 315 4771 l.
325 4736 356 4781 c.,
369 4737 425 4781 cap.
438 4736 455 4779 1,
465 4736 524 4781 pag.
535 4725 569 4769 28.
