3717 5400
355 485 409 544 152
810 483 938 546 Canon.
958 485 1035 548 Soc.
1054 487 1125 562 Jss.

351 648 435 694 cum
449 647 514 695 sua
528 648 639 695 uxore
653 632 867 712 quingentas
881 633 1053 712 promisit.
1070 633 1190 697 Nostri
1205 633 1311 697 etiam
1327 635 1582 698 conductitiam

348 739 496 803 domum
510 756 621 820 prope
635 739 741 802 situm
754 740 848 804 hunc
862 752 1088 821 acceperunt,
1105 743 1151 804 ad
1163 741 1451 805 commoditatem
1465 741 1582 806 aedifi·

351 845 409 924 cii;
425 846 487 910 sed
501 847 643 910 interim
656 847 784 911 civitas
795 849 1015 928 Mutinensis,
1030 865 1121 929 quae
1132 846 1248 928 jasad
1262 847 1395 912 fossam
1410 850 1507 912 illam
1522 865 1581 912 ve·

352 960 465 1016 terem
479 954 610 1018 habere
625 972 664 1018 se
678 955 830 1034 dicebat,
851 965 964 1018 totam
983 957 1098 1035 ipsam
1119 955 1253 1020 fossam
1272 955 1415 1019 cuidam
1434 955 1578 1032 locavit,

350 1071 391 1124 ut
416 1063 557 1126 nomine
582 1063 694 1144 ipsius
717 1064 875 1128 civitatis
899 1065 1160 1144 possessionem
1186 1061 1261 1143 ejus
1285 1071 1441 1144 caperet,
1468 1079 1512 1126 ne
1533 1062 1579 1126 ad

353 1167 465 1232 Ducis
479 1169 673 1233 dominium
688 1172 868 1250 transiret;
886 1180 920 1234 et
936 1189 1016 1235 cum
1036 1171 1149 1234 nostri
1163 1171 1404 1250 aperuissent,
1420 1176 1459 1232 ut
1480 1185 1580 1250 supe·

351 1276 426 1339 rius
439 1275 571 1341 dictum
586 1290 641 1341 est
656 1279 677 1356 ¹,
694 1277 941 1357 fundamenta,
958 1277 1048 1341 civis
1064 1279 1223 1358 quidam,
1245 1277 1418 1357 operariis
1438 1277 1578 1358 quibus·

352 1381 433 1447 dam
449 1388 617 1465 acceptis
633 1396 741 1448 noctu
762 1386 913 1466 replevit
934 1403 975 1448 ac
994 1387 1071 1449 solo
1094 1385 1276 1466 aequavit,
1299 1384 1393 1466 quod
1414 1400 1486 1446 non
1507 1383 1579 1447 exi·

349 1505 424 1569 guo
438 1493 560 1556 labore
574 1494 688 1556 nostri
703 1492 912 1557 effoderant:
929 1493 1023 1574 quod
1037 1510 1117 1556 cum
1133 1491 1360 1556 Gubernator
1374 1491 1471 1554 urbis
1485 1500 1577 1554 retu·

350 1597 447 1660 lisset
461 1597 554 1662 Duci
567 1599 767 1678 Ferrariae,
784 1600 844 1681 qui
858 1599 966 1680 Carpi
981 1610 1065 1664 tunc
1080 1600 1228 1679 agebat,
1244 1599 1356 1663 iratus
1371 1599 1428 1661 ille
1444 1597 1525 1675 suit,
1542 1605 1577 1661 et

344 1702 451 1783 jussit
464 1704 555 1769 bene
568 1706 684 1786 puniri
704 1707 820 1770 civem
838 1708 953 1785 illum;
975 1707 1138 1788 quamvis
1157 1704 1392 1786 quorumdam
1411 1705 1576 1786 precibus

350 1812 570 1892 punitionem
584 1813 710 1876 evasit.
879 1893 883 1899 ,

408 1918 480 1982 435.
522 1919 805 1987 conservatores
823 1931 943 1984 autem
956 1922 1069 2000 urbis,
1086 1937 1169 1984 cum
1182 1920 1417 1999 intelligerent
1431 1935 1576 1982 succen-

346 2043 428 2089 sere
442 2027 529 2106 ipsis
539 2027 676 2090 Ducem
690 2038 836 2108 propter
847 2025 1024 2106 injuriam,
1041 2043 1148 2107 quam
1158 2027 1191 2090 ei
1201 2026 1367 2090 fecissent
1378 2026 1414 2089 in
1426 2028 1504 2088 loco
1515 2042 1574 2089 no·

346 2133 432 2196 stris
445 2133 588 2213 donato,
605 2135 791 2198 consilium
806 2143 1084 2214 congregarunt,
1101 2143 1136 2196 et
1149 2133 1281 2198 nostris
1301 2132 1496 2210 accersitis
1513 2132 1574 2196 mi-

345 2239 421 2302 rari
445 2257 523 2303 sese
548 2240 723 2320 dixerunt,
750 2241 844 2322 quod
869 2258 950 2304 cum
969 2251 1088 2304 essent
1106 2241 1244 2303 externi
1266 2249 1300 2303 et
1325 2240 1371 2304 ad
1391 2239 1574 2303 civitatem

342 2345 844 2430 iuvandamvenissent‚quod
856 2349 933 2412 sine
945 2347 1190 2411 benevolentia
1202 2347 1334 2411 civium
1344 2346 1421 2410 fieri
1431 2365 1502 2410 non
1514 2363 1574 2426 po·

346 2463 451 2533 terat,
467 2455 788 2535 praesumpsissent
803 2456 909 2519 situm
924 2454 1187 2518 communitatis
1207 2454 1282 2517 sine
1302 2451 1377 2534 ejus
1395 2471 1572 2518 consensu

344 2578 523 2641 occupare
538 2570 572 2624 et
582 2561 844 2641 possessionem
856 2560 929 2642 ejus
941 2561 1087 2642 propria
1099 2561 1310 2625 auctoritate
1323 2569 1359 2622 et
1369 2577 1450 2624 cum
1462 2559 1573 2626 inimi·

345 2668 432 2732 citia
447 2669 555 2733 totius
569 2669 835 2733 communitatis
850 2686 989 2749 capere.
1004 2667 1048 2733 Et
1063 2668 1144 2732 licet
1160 2667 1390 2733 aedificarent
1402 2667 1451 2732 ibi
1463 2666 1574 2732 Colle·

340 2776 454 2855 gium,
470 2777 564 2856 quod
583 2792 775 2856 numquam
797 2777 926 2840 civitas
947 2776 1156 2839 Mutinensis
1177 2773 1335 2839 savorem
1358 2784 1450 2839 esset
1471 2793 1571 2855 prae·

345 2884 485 2962 stitura,
502 2884 609 2948 immo
623 2884 767 2948 inimica
781 2885 914 2947 nostris
928 2882 1060 2947 futura.
1077 2882 1176 2948 Tunc
1190 2882 1373 2963 respondit
1389 2882 1426 2946 P.
1445 2882 1571 2963 Philip-

254 2971 258 2980 ’
341 3007 421 3070 puS,
437 3001 625 3071 praesente
639 2990 678 3054 P.
694 2990 887 3071 Stephan0,
905 3001 1047 3054 nostros
1062 2988 1204 3070 quidem
1218 2988 1264 3051 ad
1278 2988 1346 3053 Dei
1361 2988 1567 3070 obsequium

340 3108 379 3160 et
393 3098 592 3162 animarum
607 3099 775 3161 auxilium
792 3100 950 3175 venisse,
967 3116 1032 3161 nec
1052 3094 1277 3177 cujusquam,
1299 3096 1406 3159 etiam
1426 3096 1569 3177 privati,

341 3204 565 3269 inimicitiam
580 3223 618 3268 se
637 3206 729 3268 velle
749 3205 921 3281 incidere,
943 3205 1072 3269 nedum
1092 3204 1258 3282 civitatis,
1277 3220 1383 3285 quam
1398 3213 1437 3266 ut
1455 3211 1571 3284 patro·

343 3320 478 3375 namet
493 3321 642 3376 matrem
657 3323 751 3375 esset
766 3311 964 3391 Collegium
979 3311 1200 3389 habiturum,
1217 3320 1251 3374 et
1266 3311 1302 3373 in
1323 3308 1423 3391 cujus
1441 3310 1572 3373 utilita-

341 3426 415 3480 tem
430 3427 466 3481 et
476 3417 674 3482 aediticium
689 3417 946 3482 conficiendum
958 3427 993 3481 et
1004 3434 1112 3499 opera
1125 3417 1362 3497 collegialium
1373 3417 1500 3480 cedere
1514 3416 1572 3479 de-

340 3526 457 3588 bebat.
475 3522 546 3589 Sed
562 3526 640 3588 illos
655 3536 751 3589 recte
763 3526 854 3588 scire
865 3523 960 3605 quod
971 3534 1046 3588 toto
1059 3524 1212 3587 triennio
1224 3524 1335 3589 nostri
1347 3540 1428 3587 cum
1439 3538 1570 3602 magna

338 3632 630 3696 incommoditate
646 3632 803 3696 Mutinae
818 3632 1078 3709 habitaverant,
1093 3630 1255 3711 quodque
1267 3630 1349 3694 Dux
1361 3630 1408 3693 ad
1420 3629 1487 3693 Dei
1498 3646 1569 3693 ser·

339 3738 465 3802 vitium
476 3749 613 3820 partem
625 3738 849 3802 illamlossae
860 3738 1018 3817 dederat,
1028 3746 1063 3801 et
1074 3738 1109 3801 in
1118 3736 1460 3817 ejuspossessionem
1470 3736 1568 3801 indu·

336 3856 454 3909 xerat.
471 3843 509 3910 Si
524 3847 652 3910 civitas
662 3846 720 3926 jus
735 3845 877 3926 aliquod
893 3845 1048 3923 haberet,
1063 3854 1101 3909 ut
1113 3843 1206 3908 Duci
1218 3844 1302 3908 illud
1315 3853 1568 3908 commonstra·

335 3964 405 4029 ret;
422 3962 457 4016 et
476 3954 506 4015 si
527 3953 584 4016 ille
603 3952 765 4033 iussisset
784 3953 934 4032 relinqui
958 3952 1128 4015 donatum
1142 3952 1260 4029 situm,
1286 3962 1428 4013 nostros
1447 3950 1568 4013 statim

333 4077 417 4122 esse
431 4060 616 4123 relicturos
631 4068 666 4122 et
681 4068 890 4139 accepturos
904 4075 1147 4139 quaecumque
1162 4057 1351 4121 dedissent.

400 4166 469 4230 436.
514 4166 602 4231 Cum
624 4177 743 4229 autem
763 4166 812 4229 illi
831 4177 1000 4245 urgerent
1019 4174 1057 4228 ut
1075 4165 1188 4228 nostri
1209 4165 1453 4228 renuntiarent
1476 4161 1568 4226 Duci

339 4276 433 4337 nolle
448 4290 486 4336 se
500 4274 597 4336 illurn
612 4276 730 4338 locum
745 4290 826 4337 cum
840 4272 1032 4337 offensione
1047 4272 1204 4336 civitatis
1218 4280 1401 4353 perpetua,
1424 4286 1568 4351 respon·

256 4413 259 4417 ·
334 4381 390 4444 dit
405 4380 474 4443 illis
487 4378 525 4443 P.
543 4378 736 4459 Philippus:
755 4378 811 4443 “Si
825 4397 892 4443 nos
904 4379 1134 4459 relinquimus
1148 4378 1254 4441 situm
1269 4378 1376 4457 illum,
1393 4376 1568 4440 dabitisne

333 4488 477 4561 aliumi„
495 4486 562 4550 Hic
576 4486 626 4549 illi
645 4496 830 4550 tacuerunt
846 4499 880 4550 et
903 4486 1047 4549 tandem
1061 4488 1283 4566 postularunt
1305 4485 1466 4549 inducias
1482 4494 1564 4549 octo

377 4728 387 4761 ¹
415 4728 479 4781 Par.
492 4730 530 4771 1³7
540 4737 565 4772 et
577 4728 623 4781 tao,
633 4727 713 4771 uasa
