3717 5400
810 493 874 551 Art.
901 492 972 550 1555
1452 493 1504 552 311

272 629 477 716 Praepositi
491 635 691 700 Riomensis
706 638 913 701 concionem
933 639 1066 718 habuit,
1090 639 1342 719 compluribus,
1365 619 1507 703 adeam

265 742 501 822 audiendam,
518 761 564 807 ex
578 745 730 808 diversis
743 745 848 826 pagis
861 745 1134 809 confluentibus.
1155 744 1215 809 Sic
1235 747 1408 827 pergebat
1426 764 1505 828 par·

268 849 342 912 ¹tim
355 849 519 932 Billiomi,
535 853 666 931 partim
680 853 717 916 in
731 854 819 917 locis
834 853 964 917 vicinis
978 853 1202 932 concionari,
1222 871 1306 918 nam
1326 870 1406 917 cum
1428 854 1506 934 ipso

264 955 343 1036 -die,
361 959 422 1038 qui
436 957 503 1022 S.t0
517 959 652 1041 Jacobo
672 977 775 1024 sacer
789 970 877 1038 erat,
898 959 1051 1023 Billiomi
1065 960 1324 1042 praedicasset,
1339 960 1410 1024 28.²
1423 960 1507 1043 Julii

275 1063 396 1129 Issorii
413 1065 420 1097 ¹
437 1067 538 1130 binas
554 1069 744 1132 conciones
758 1067 892 1145 habuit,
905 1067 964 1131 cui
975 1068 1123 1146 civitati,
1135 1067 1225 1133 adeo
1235 1076 1362 1148 gratus
1376 1067 1454 1147 suit,
1467 1077 1507 1131 ut

278 1171 328 1234 illi
343 1172 486 1238 domum
501 1185 535 1238 et
555 1175 768 1256 stipendium
786 1175 932 1238 liberale
951 1185 1160 1257 perpetuum
1181 1174 1358 1254 offerrent,
1381 1175 1411 1238 si
1433 1192 1506 1239 ma·

276 1295 361 1342 nere
376 1280 505 1344 ibidem
519 1283 637 1362 vellet;
654 1292 688 1344 et
703 1283 828 1346 saltem
843 1283 878 1346 in
893 1281 1063 1345 Adventu
1074 1282 1252 1362 proximo,
1269 1280 1344 1361 ejus
1359 1298 1505 1361 operam

264 1385 343 1449 :sibi
358 1389 505 1452 concedi
520 1390 701 1468 optabant.

334 1493 405 1557 916.
448 1496 536 1560 Tres
548 1515 634 1576 ergo
650 1498 825 1576 civitates,
838 1497 1034 1576 Billiomus,
1047 1496 1194 1560 Riomus
1206 1505 1312 1576 atque
1323 1495 1503 1576 Issorium,

195 1595 198 1602 “
278 1599 369 1664 miro
394 1603 510 1666 studio
535 1602 611 1684 ejus
636 1605 865 1668 concionibus
887 1605 1147 1681 afficiebantur,
1170 1603 1361 1684 plurimum
1386 1612 1505 1667 autem

274 1705 426 1772 Billiomi
440 1718 474 1772 et
489 1710 524 1772 in
540 1710 667 1774 vicinis
682 1712 769 1774 locis
785 1711 1010 1775 ecclesiastes
1028 1727 1175 1774 munere
1195 1710 1422 1789 fungebatur.
1438 1711 1504 1775 Ita·

267 1829 356 1894 ·que,
373 1816 467 1895 quod
482 1814 627 1882 Parisiis
642 1818 775 1898 deerat,
792 1818 935 1882 occasio
949 1818 1085 1881 scilicet
1099 1817 1224 1880 talenti
1239 1816 1447 1896 exercendi,
1468 1819 1506 1881 in

265 1919 436 1986 Avernia
451 1925 692 2004 supplebatur,
709 1942 790 1989 cum
804 1935 878 1988 tam
889 1926 1081 1988 multorum
1092 1924 1278 1987 civitatum
1290 1941 1333 1987 ac
1343 1925 1504 1990 locorum

277 2029 404 2092 studiis
419 2031 626 2094 satisfacere
641 2032 786 2095 minime
799 2042 933 2112 posset.

335 2135 407 2200 917.
450 2135 505 2200 De
535 2139 641 2201 rebus
667 2148 785 2202 autem
804 2138 1018 2202 necessariis
1046 2136 1092 2200 ad
1118 2138 1251 2201 victum
1276 2147 1312 2200 et
1335 2139 1504 2202 vestitum

276 2241 423 2321 ipsemet
448 2246 646 2324 Episcopus
668 2245 841 2325 magistro
862 2245 1018 2308 Roberto
1040 2245 1294 2326 prospiciebat,
1318 2256 1352 2309 et
1374 2246 1502 2309 desua

265 2347 486 2414 «bibliotheca
502 2352 610 2416 libros
625 2352 674 2415 illi
689 2362 905 2433 opportunos
919 2353 1092 2417 mittebat.

332 2455 404 2519 918.
447 2457 691 2522 Scholasticus
712 2459 723 2490 ²
743 2471 861 2524 autem
880 2460 1053 2523 ecclesiae
1072 2458 1319 2540 Billiomensis,
1340 2477 1421 2524 cum
1441 2461 1502 2524 ali-

262 2572 359 2642 =quot
374 2567 568 2645 canonicis,
585 2567 752 2629 convenit
767 2567 978 2647 magistrum
990 2566 1182 2629 Robertum
1195 2576 1229 2630 et
1241 2566 1502 2647 praefecturam

268 2667 492 2736 Academiae
508 2691 551 2737 ac
571 2673 779 2754 primariam
801 2673 1051 2738 auctoritatem
1069 2682 1107 2737 ut
1126 2672 1377 2738 administrare
1396 2675 1503 2738 vellet

274 2781 511 2858 postularunt,
527 2791 561 2844 et
577 2782 612 2845 id
632 2783 773 2845 nomine
795 2799 866 2845 non
887 2784 1002 2846 solum
1023 2780 1242 2845 Academiae
1266 2780 1278 2811 ³
1303 2780 1366 2844 sed
1392 2782 1502 2863 ipsius

264 2886 384 2950 etiam
409 2886 565 2966 Capituli
588 2887 793 2966 offerebant,
816 2888 917 2970 cujus
937 2890 995 2952 bic
1014 2899 1093 2959 erat
1114 2889 1253 2952 animus
1273 2898 1312 2952 ut
1332 2887 1502 2953 Societati

263 3008 398 3057 curam
422 2992 498 3074 ejus
523 2995 774 3059 Universitatis
797 2994 1009 3075 injungeret.
1036 2995 1085 3059 At
1114 2994 1284 3075 magister
1311 2994 1499 3076 RobertuS,

263 3101 402 3163 -aetatis
416 3102 532 3165 minus
547 3110 739 3183 provectae
753 3111 941 3183 praetextu
955 3100 978 3183 ⁴,
999 3102 1088 3165 nihil
1108 3103 1238 3183 alioqui
1258 3111 1404 3167 acturus
1424 3103 1501 3167 sine

264 3201 469 3286 Praepositi
485 3206 671 3271 Generalis
686 3226 874 3289 consensu,
897 3212 966 3272 hoc
986 3225 1114 3272 munus
1133 3209 1360 3289 detrectavit,
1381 3220 1416 3273 et
1434 3212 1508 3275 sub.

264 3310 378 3376 ‹finem
392 3312 487 3395 Junil
503 3316 646 3394 mensiS,
662 3332 708 3378 ex
722 3326 866 3395 recepto
880 3333 990 3395 more,
1007 3316 1204 3379 studiorum
1220 3316 1392 3397 inducias,
1410 3335 1500 3397 quas

265 3422 480 3485 'vacationes
508 3432 652 3503 vocant,
680 3440 791 3503 usque
817 3424 863 3487 ad
886 3424 1017 3487 festum
1036 3422 1075 3486 Β.
1106 3422 1241 3486 Mariae
1265 3424 1501 3504 Magdalenae

262 3528 442 3607 permisit.
459 3528 503 3592 Et
518 3529 574 3592 die
588 3528 658 3593 28.l
672 3530 767 3613 Junil
781 3530 818 3592 in
832 3531 911 3593 illas
927 3530 1033 3593 aedes
1053 3530 1097 3592 ab
1119 3529 1297 3611 Episcopo
1317 3548 1500 3611 compara·

263 3644 327 3697 tas
353 3637 621 3716 commigravit,
650 3654 739 3717 quae
760 3638 910 3717 collegio
932 3635 1122 3701 Societatis
1142 3639 1339 3702 extruendo
1360 3638 1501 3703 dicatae

259 3806 263 3811 ,
268 3739 343 3819 jam
358 3753 470 3806 erant.

326 3849 397 3915 919.
440 3849 508 3914 Sed
525 3870 597 3915 non
608 3851 755 3932 proinde
769 3869 789 3914 a
805 3851 1036 3915 concionibus
1050 3853 1206 3933 vacavit;
1227 3853 1334 3917 immo
1355 3853 1500 3919 liberius

259 3971 310 4018 ·eo
325 3964 482 4037 tempore
497 3958 544 4021 ad
559 3960 649 4021 alias
664 3960 767 4023 urbes
783 3969 816 4022 et
832 3960 910 4023 loca
926 3960 1045 4022 vicina
1060 3976 1251 4023 excurrere
1265 3961 1391 4041 potuit,
1406 3971 1443 4025 ut
1454 3960 1499 4026 de

306 4236 314 4267 ¹
343 4234 445 4279 lesolre.

306 4308 318 4339 ²
344 4308 481 4363 “Dignitas
489 4308 659 4358 eclesiastica.
667 4320 717 4363 qua
726 4308 769 4363 qul
777 4309 887 4353 donatus
895 4314 943 4359 est.
952 4307 1146 4352 Ecclesiasticus
1154 4308 1268 4362 [scholis]
1278 4315 1390 4363 praeeat.
1397 4309 1499 4355 Gallice

262 4380 412 4435 Eccum„
423 4380 462 4424 Du
473 4380 569 4437 Cauca,
582 4380 929 4435 Glossarium-Hispanae
940 4381 1163 4434 Maestrescuela,
1173 4387 1199 4425 et
1209 4382 1383 4436 aliquandom
1390 4382 1499 4427 vocibus

257 4456 345 4507 caput
354 4453 470 4507 scholae)
480 4455 604 4509 capisam,
617 4468 667 4511 quo
676 4464 764 4500 tamen
774 4456 876 4499 nomine
887 4456 1037 4508 plerumque
1047 4453 1201 4508 designatur
1211 4453 1311 4497 Cantor
1320 4454 1405 4508 (quasi
1416 4458 1498 4509 caput

259 4524 358 4580 chori),
367 4526 433 4580 ulsp
445 4526 524 4571 etlam
536 4527 660 4572 chaum.

305 4596 317 4627 ⁸
344 4596 390 4641 bis.
398 4598 478 4642 habet
488 4600 615 4653 Capituli,
625 4600 669 4644 sed
678 4608 723 4644 aut
732 4600 773 4645 hlc
785 4605 831 4643 aut
842 4603 936 4653 quarto
944 4598 1060 4652 proxime
1068 4597 1186 4652 sequenti
1195 4599 1251 4641 loco
1258 4607 1324 4641 voce
1334 4597 1500 4643 Academiae

259 4670 470 4714 substituendum
482 4673 594 4715 videtur.

306 4744 318 4776 ⁴
345 4742 383 4789 Cf.
395 4744 465 4787 dlcta
476 4754 563 4797 supra,
576 4750 594 4789 t.
606 4754 641 4796 ιν,
652 4754 712 4797 pag.
721 4742 771 4799 320,
781 4756 805 4786 n.
815 4743 863 4786 685.
