3717 5400
363 479 424 541 631
830 481 960 544 Canon«
978 480 1055 544 Soc·
1075 481 1145 554 Jns.

366 641 483 704 ,gnam
492 624 578 690 ferri
592 626 742 705 copiam,
760 643 841 692 cum
852 627 1009 694 misisset
1022 626 1165 692 Vasous
1175 625 1383 693 Femaadez
1397 624 1575 704 Chutigno
1590 621 1601 658 ¹

375 733 513 814 aliquos
535 751 597 814 per
617 733 879 806 mediterranea
906 735 998 813 loca,
1019 750 1149 806 aurum
1173 735 1386 798 invenerunt
1409 741 1446 796 et
1466 731 1605 811 lapides

367 840 560 920 quosdam,
576 857 666 921 quos
676 840 852 921 pretiosos
864 841 1125 921 existimabant,
1142 850 1178 904 et
1188 841 1371 921 utriusque
1382 838 1600 904 abundantia

374 963 506 1026 magna
521 956 613 1027 erat;
630 958 665 1013 et
680 947 812 1014 nostris
827 964 1045 1028 magnopere
1059 948 1096 1012 id
1114 947 1278 1028 placebat
1295 957 1335 1012 ut
1353 947 1453 1012 multi
1474 946 1602 1016 invita·

373 1063 495 1120 rentur
518 1054 563 1118 ad
587 1053 777 1122 Brasiliam
803 1055 1016 1134 adeundam,
1043 1073 1064 1118 a
1089 1055 1216 1136 quibus
1237 1054 1381 1118 barbari
1408 1053 1458 1117 illi
1482 1052 1603 1133 populi

371 1160 532 1226 edomari
546 1171 708 1242 possent;
725 1171 759 1226 et
774 1163 826 1226 sic
840 1163 885 1226 ab
907 1163 959 1225 eis
973 1162 1111 1228 fructus
1123 1162 1277 1240 uberior,
1300 1161 1395 1241 quod
1409 1159 1455 1224 ad
1469 1160 1602 1230 anima·

374 1284 452 1334 rurn
466 1268 619 1349 pertinet
633 1271 795 1348 salutem,
814 1270 1040 1350 sperabatur.
1319 1257 1332 1280 ‘

436 1373 523 1440 1733.
569 1375 672 1440 Initio
701 1375 805 1456 hujus
833 1375 1139 1456 Quadragesimae
1166 1385 1240 1440 tam
1265 1373 1304 1438 P.
1325 1374 1532 1440 Ludovicus
1560 1373 1604 1440 de

366 1479 497 1544 Graue
523 1499 631 1563 quam
652 1481 690 1545 P.
712 1482 851 1546 Blasius
872 1483 1088 1549 Laurentius
1108 1484 1145 1548 in
1158 1483 1321 1549 morbum
1342 1481 1552 1559 inciderunt,
1569 1492 1605 1542 et

374 1588 602 1654 nihilominus
618 1605 771 1669 pergens
786 1589 798 1622 ¹
812 1591 988 1670 navigare
1001 1607 1127 1654 versus
1142 1587 1207 1654 sn.
1221 1588 1460 1667 Vincentium,
1477 1589 1514 1652 vi
1529 1605 1600 1652 ma·

373 1695 425 1760 ris
443 1695 488 1760 ad
510 1696 672 1760 eumdem
698 1706 839 1777 portum
862 1696 1015 1778 Spiritus
1033 1695 1156 1762 Sancti
1173 1695 1322 1778 rejectus
1343 1696 1421 1774 luit,
1443 1704 1477 1758 et
1496 1695 1545 1762 ita
1566 1695 1603 1758 in

376 1803 548 1882 morbum,
562 1821 665 1884 aquo
682 1806 925 1883 convaluerat,
941 1803 1079 1881 recidit,
1093 1814 1128 1868 et
1137 1804 1288 1884 gravius
1302 1801 1418 1868 adhuc
1430 1801 1604 1866 sentiebat

376 1911 471 1990 quod
490 1910 541 1974 illi
561 1912 672 1990 venti,
695 1912 755 1993 qui
778 1910 823 1975 ad
842 1909 1150 1976 S.¹¹1Viucentium
1174 1911 1362 1989 ducebant,
1382 1909 1456 1990 jam
1477 1925 1603 1990 prope·

376 2017 520 2084 modurn
546 2029 648 2082 erant
672 2020 819 2083 extincti
844 2031 878 2083 et
903 2017 1075 2084 contrarii
1099 2035 1163 2099 per
1187 2037 1251 2082 sex
1277 2035 1415 2082 menses
1442 2017 1605 2081 duraturi

378 2135 492 2201 erant;
510 2137 544 2190 et
559 2137 774 2196 tamencum
789 2144 853 2190 sua
867 2126 973 2202 febri,
990 2143 1082 2207 quae
1097 2127 1134 2190 in
1149 2127 1338 2190 tertianam
1353 2125 1505 2202 abierat,
1528 2141 1603 2204 per·

377 2249 464 2311 gere
477 2233 513 2298 in
528 2249 592 2298 sua
608 2234 837 2314 navigatione
852 2243 1000 2314 paratus
1015 2243 1104 2312 crat,
1120 2233 1150 2296 si
1164 2233 1259 2314 quod
1270 2231 1454 2311 navigium
1467 2247 1511 2294 eo
1526 2247 1604 2310 per--

378 2336 502 2420 geret,
533 2342 616 2420 quia
645 2341 803 2422 pluribus
831 2341 958 2415 litteris
985 2361 1006 2405 a
1035 2340 1250 2405 Provinciali
1280 2338 1447 2418 Nobrega
1475 2355 1587 2402 evoca

375 2447 492 2511 batur.
550 2529 555 2540 ι

443 2555 530 2620 1734.
574 2556 676 2619 Nova
692 2556 868 2636 quaedam
883 2566 917 2620 et
931 2574 1003 2620 non
1019 2555 1153 2621 inutilis
1172 2555 1360 2636 occupatio
1379 2554 1528 2632 nostriS,
1545 2556 1605 2634 qui

379 2671 482 2726 erant
505 2662 542 2727 in
569 2661 697 2744 oppido
716 2662 869 2745 Spiritus
890 2662 1025 2744 Sancti,
1052 2664 1172 2728 oblata
1190 2663 1266 2727 suit.
1291 2661 1484 2745 Postquam
1512 2663 1605 2726 eninr

382 2778 591 2848 tempestate
618 2772 840 2851 compulsuS,
867 2781 905 2834 ut
930 2771 1106 2851 diximuS,
1133 2790 1175 2835 eo
1197 2771 1301 2835 rediit
1325 2770 1363 2834 P.
1389 2769 1604 2841 Lanaricus,

380 2878 541 2955 pervenit
561 2878 606 2940 ad
626 2878 718 2940 idern
739 2877 907 2958 oppidum
922 2880 980 2943 vir
1001 2878 1145 2958 quidam
1164 2878 1355 2959 primarius
1374 2876 1605 2952 brasiliensis,

381 3000 485 3063 quem
499 2984 722 3063 Marnclraya
737 2986 868 3064 urhun,
883 2986 919 3049 id
934 2996 1003 3064 est,
1020 2986 1165 3049 clatum
1183 2986 1363 3064 grandem
1382 2984 1561 3048 vocabant
1581 2981 1605 3045 ².

379 3088 412 3153 Is
427 3090 519 3153 inter
535 3090 747 3155 christianos
767 3094 871 3156 valde
887 3104 1002 3171 notus,
1019 3110 1151 3174 magno
1166 3094 1296 3157 terrori
1316 3093 1408 3156 inter
1426 3090 1607 3155 brasilien-

379 3213 437 3260 ses
449 3206 536 3261 erat.
553 3198 586 3261 Is
601 3216 710 3280 prope
724 3199 866 3277 flumen,
889 3199 983 3279 quod
997 3200 1205 3282 Januarium
1225 3199 1237 3230 ⁸
1255 3207 1405 3277 vocant,
1426 3198 1608 3261 habitabat

376 3312 509 3367 etcum
535 3306 689 3384 tamogis
710 3304 722 3337 ⁸
739 3305 814 3387 jam
835 3306 971 3386 pridem
996 3307 1123 3370 bellum
1145 3307 1310 3387 gerebat,
1331 3314 1466 3369 etcum
1490 3304 1536 3367 ab
1557 3303 1610 3369 eis

379 3413 508 3475 multas
532 3412 703 3477 victorias
729 3414 927 3484 retulisset,
954 3413 1096 3476 tandem
1116 3414 1161 3476 ab
1180 3414 1249 3475 illis
1267 3414 1304 3475 in
1324 3428 1475 3492 magnas
1499 3428 1608 3491 angu-

379 3518 469 3583 stias
488 3519 653 3583 redactus
671 3531 706 3584 et
726 3521 762 3583 in
785 3537 850 3583 suo
872 3536 966 3602 pago
992 3520 1037 3583 ab
1062 3521 1114 3583 eis
1134 3521 1300 3584 obsessus
1319 3529 1383 3583 est.
1404 3519 1501 3583 Misit
1522 3534 1610 3598 ergo

381 3625 490 3691 filium
506 3642 607 3689 suum
622 3628 667 3691 ad
682 3626 861 3691 Ducatum
878 3626 938 3689 gn
962 3625 1115 3707 Spiritus
1129 3636 1168 3690 ut
1188 3628 1342 3690 mitteret
1357 3626 1491 3707 aliquot
1510 3625 1610 3688 navi-

380 3734 441 3812 gia
466 3734 512 3797 ad
538 3750 591 3811 se,
615 3743 653 3796 ut
678 3734 833 3797 secundo
853 3734 996 3798 flumine
1015 3752 1096 3798 cum
1117 3752 1182 3797 sua
1201 3733 1336 3797 familia
1361 3743 1396 3797 et
1420 3734 1499 3797 aliis
1522 3750 1610 3796 suae

380 3840 544 3904 factionis
559 3841 758 3904 hominibus
777 3858 904 3905 versus
919 3841 1086 3922 oppidum
1106 3839 1165 3905 S.ti
1183 3840 1335 3921 Spiritus
1349 3841 1502 3919 veniret,
1524 3857 1609 3906 nam

380 3964 504 4011 omnes
529 3948 741 4011 christianos
760 3950 851 4011 velle
872 3948 948 4012 fieri
968 3948 1177 4011 affirmabat.
1197 3948 1338 4011 Incolae
1363 3944 1467 4027 hujus
1487 3946 1610 4027 oppidi

375 4056 686 4117 commiseratione
715 4053 813 4136 ejus,
843 4073 948 4136 quem
976 4056 1130 4119 amicum
1157 4054 1295 4119 fidelem
1329 4034 1606 4119 christianorum

383 4216 506 4225 ——-.

421 4296 429 4328 ¹
459 4296 508 4352 Slc;
519 4302 559 4343 est
569 4305 656 4342 autern
669 4298 803 4352 Continuo,
814 4298 999 4343 “Governador
1009 4300 1042 4342 da
1057 4298 1172 4343 retrado
1183 4297 1282 4353 Spirito
1291 4296 1394 4355 Sento,
1404 4296 1616 4348 varmum,

385 4368 497 4421 widun·
510 4370 557 4415 m·

421 4440 433 4473 ¹
460 4440 769 4487 PascllicetLudovlcus.

421 4509 432 4542 ³
460 4514 488 4556 “o
497 4513 624 4567 prlnclpal
635 4514 680 4557 dos
691 4512 878 4564 Temiminds...,
890 4525 904 4555 e
914 4524 943 4555 se
952 4513 1082 4557 chamava
1091 4512 1337 4568 Maracayaguapu,
1345 4525 1393 4567 que
1400 4523 1483 4557 rema
1492 4512 1564 4555 dlrer
1571 4524 1618 4555 ern

377 4594 458 4628 nom
467 4584 615 4639 linguagem
626 4596 640 4628 o
650 4584 753 4637 grande
764 4584 862 4637 Gutta„
873 4583 1081 4637 Vascorrcarros,
1091 4585 1166 4635 ibid„
1175 4596 1200 4629 n.
1210 4584 1261 4632 2111.

421 4656 432 4688 ⁴
460 4655 512 4699 lero
522 4656 554 4700 de
565 4656 686 4712 Junriro.
695 4656 762 4699 Vide
772 4668 860 4711 supra,
872 4664 882 4701 1
901 4668 937 4706 111,
949 4668 1009 4711 pag.
1019 4656 1067 4707 169,
1080 4668 1104 4701 n.
1118 4656 1181 4701 tuoe.

419 4728 431 4761 ⁸
458 4729 524 4773 Vide
535 4740 623 4785 supra,
634 4741 693 4785 pag.
704 4730 751 4779 633,
762 4740 787 4772 n.
799 4730 857 4772 1731.
