3717 5400
336 474 393 534 182
798 472 925 532 Caaou.
947 471 1026 530 Soc.
1047 471 1116 544 Jas.
1218 499 1223 508 ·

337 619 447 698 pudet
476 617 678 698 hujusmodi
702 634 887 697 operum3,
914 626 950 679 et
974 616 1087 678 voluit
1109 614 1340 678 nihilominus
1359 625 1398 677 ut
1418 613 1467 676 illi
1492 630 1574 692 qua·

339 734 421 788 tuor
433 726 542 788 etiam
556 734 800 804 sequerentur,
817 723 982 804 quamvis
1003 723 1072 785 duo
1095 722 1144 785 illi
1163 721 1276 808 nostri
1298 721 1481 784 adstarent
1500 737 1573 784 mo-

340 832 467 895 rituro.

399 937 471 1001 522.
514 937 594 1002 Non
608 939 756 1000 deerant
770 937 831 1017 qui
851 936 1002 1016 Collegii
1016 935 1269 1000 existimationi
1289 952 1332 998 ac
1347 935 1440 998 bono
1460 935 1572 998 nomi-

339 1045 376 1107 ni
391 1046 638 1125 obstreperent
653 1055 687 1108 et
701 1043 899 1107 maledictis
914 1043 1022 1106 etiarn
1037 1044 1271 1118 incesserent;
1293 1043 1356 1104 sed
1370 1040 1572 1122 huJusmodi

333 1153 383 1214 ad
398 1151 607 1216 humilitatis
621 1151 821 1213 custodiam
836 1149 953 1213 servis
967 1149 1034 1212 Dei
1049 1158 1131 1213 sunt
1146 1148 1414 1229 pernecessaria
1430 1155 1467 1210 ut
1488 1158 1570 1211 tem·

335 1266 503 1338 pararent
521 1259 642 1338 populi
661 1259 795 1321 laudes
820 1257 943 1336 Aliqui
968 1267 1087 1319 tamen
1113 1273 1158 1318 ex
1182 1257 1238 1319 his
1260 1255 1571 1333 obtrectatoribus,

336 1365 390 1430 rei
404 1366 556 1429 veritate
571 1373 771 1445 perspecta,
788 1363 1013 1427 contumeliis
1028 1363 1133 1428 finem
1152 1364 1260 1427 etiam
1275 1364 1530 1443 imposuerunt.

394 1471 465 1536 523.
510 1471 758 1537 confitentium
774 1487 943 1535 numerus
958 1481 991 1534 et
1008 1470 1345 1534 communicantium
1360 1487 1432 1533 non
1454 1470 1570 1533 solum

336 1595 407 1642 non
421 1589 475 1642 est
489 1580 705 1656 imminutus
722 1579 907 1642 sedetiam
923 1587 1049 1640 auctus
1069 1589 1135 1640 est.
1156 1576 1376 1640 Concionum
1396 1594 1483 1639 vero
1500 1575 1571 1639 iru-

331 1696 415 1749 ctus
428 1703 545 1749 novus
558 1696 594 1749 et
608 1686 776 1766 copiosus
800 1686 837 1748 in
862 1685 938 1749 dies
961 1685 1184 1764 cernebatur;
1212 1693 1246 1746 et
1272 1683 1351 1757 illis,
1369 1684 1473 1746 simul
1491 1699 1573 1746 cum

335 1803 643 1856 sacramentorum
668 1809 751 1871 usu,
780 1793 899 1872 palam
923 1792 1086 1854 homines
1115 1790 1316 1854 fatebantur
1341 1791 1574 1870 plurimorum

334 1900 517 1964 hominum
536 1918 653 1964 mores
670 1909 859 1980 corruptos
883 1899 920 1962 in
942 1899 1054 1962 bonos
1079 1915 1123 1960 ac
1147 1897 1225 1978 pios
1250 1914 1328 1960 esse
1344 1906 1517 1974 mutatos,
1539 1906 1573 1958 et

334 2007 531 2086 civitatem,
554 2025 661 2089 quam
681 2007 765 2071 olim
787 2006 1021 2086 plurimorum
1044 2003 1263 2084 praedonum
1284 2015 1467 2084 tamquam
1491 2019 1571 2083 asy-

338 2117 411 2178 lum
429 2116 693 2192 existimabant,
711 2115 785 2193 jam
806 2113 851 2176 ob
871 2113 989 2176 studia
1014 2112 1156 2192 pietatis
1180 2121 1341 2174 sanctam
1367 2110 1570 2174 Messanam

338 2223 606 2302 nuncupabant.

398 2329 470 2392 524.
513 2328 635 2408 Aliqui
655 2331 783 2391 armati
807 2338 969 2390 nostrum
988 2327 1157 2406 templum
1180 2323 1369 2405 aliquando
1386 2323 1523 2402 adiere,
1536 2332 1571 2386 et

336 2435 535 2499 fraternum
548 2436 758 2514 sanguinem
772 2435 944 2512 sitienteS,
962 2433 1032 2513 qui,
1050 2432 1280 2495 concionibus
1291 2431 1448 2510 emolliti,
1462 2446 1573 2509 agno·

340 2560 419 2605 rum
432 2543 590 2606 induisse
605 2540 912 2604 mansuetudinem
935 2541 1152 2616 viderentur,
1177 2549 1217 2601 ut
1242 2555 1313 2601 non
1329 2539 1443 2602 solum
1465 2537 1573 2600 nemi-

336 2665 419 2714 nem
432 2649 501 2729 ipsi
514 2647 707 2725 laederent,
724 2648 786 2713 sed
801 2649 919 2713 illatas
934 2648 977 2710 ab
993 2646 1072 2711 aliis
1097 2645 1331 2709 contumelias
1355 2643 1570 2725 aequissimo

335 2757 456 2821 animo
469 2756 617 2821 ferrent.
632 2756 825 2820 Multorum
839 2756 947 2819 etiam
961 2754 1073 2817 fastus
1098 2754 1281 2833 depositus
1303 2761 1336 2815 et
1354 2753 1391 2814 in
1416 2751 1572 2831 suspiria

336 2874 374 2927 et
387 2865 539 2943 gemitus
551 2872 789 2927 commutatus
804 2872 869 2925 est.
887 2862 931 2925 Et
945 2870 1046 2925 erant
1059 2861 1183 2941 aliqui,
1201 2860 1260 2940 qui
1272 2876 1357 2938 prae
1373 2858 1481 2921 nimio
1495 2874 1573 2921 cor-

339 2970 394 3033 dis
409 2971 537 3034 ardore
552 2973 744 3033 clamorem
761 2972 821 3032 vix
836 2968 1023 3049 prohibere
1038 2978 1212 3047 poterant;
1230 2977 1264 3028 et
1280 2975 1359 3046 post
1371 2963 1566 3044 quadrage·

338 3079 483 3141 simales
497 3077 586 3156 dies,
602 3095 674 3139 non
689 3078 806 3140 minor
817 3076 1000 3139 hominum
1011 3074 1208 3153 frequentia
1221 3089 1327 3151 quam
1339 3073 1375 3135 in
1386 3072 1463 3152 ipsa
1477 3070 1568 3150 Qua·

341 3184 544 3263 dragesima
559 3184 769 3247 adverbum
783 3182 851 3246 Dei
872 3180 1086 3245 audiendum
1112 3179 1322 3243 confluebat.
1350 3179 1437 3243 Erat
1454 3187 1573 3241 autem

340 3293 573 3354 concionator
598 3292 799 3354 ordinarius
824 3289 862 3352 P.
889 3288 1130 3369 Hieronymus
1156 3286 1302 3364 OtelluS,
1329 3287 1389 3366 qui
1414 3303 1496 3350 cum
1519 3286 1576 3348 die

342 3398 497 3478 quadam
510 3400 554 3462 de
569 3400 623 3463 ira
637 3398 760 3461 divina
781 3399 817 3461 in
844 3407 1052 3476 peccatores
1078 3406 1201 3474 ageret
1227 3395 1281 3473 (eo
1297 3395 1391 3456 enim
1418 3402 1576 3473 tempore

340 3513 502 3568 extrema
516 3523 626 3586 prope
641 3505 754 3569 fames
768 3504 983 3580 Messanam,
1000 3502 1104 3567 sicuti
1129 3511 1290 3565 ettotam
1311 3517 1399 3579 pene
1422 3498 1574 3577 ltaliam,

342 3614 584 3693 oppresserat)
602 3612 610 3642 ¹
625 3630 668 3675 eo
683 3615 925 3691 lacrymarum
941 3620 1149 3691 processum
1170 3621 1234 3687 est,
1252 3617 1290 3671 ut
1315 3608 1423 3671 etiam
1434 3606 1575 3669 nobilis·

343 3718 424 3781 simi
448 3720 579 3800 quique
595 3720 687 3783 inter
707 3717 889 3783 auditores
909 3719 1061 3797 genibus
1080 3715 1260 3796 provoluti
1290 3724 1434 3795 pectora
1455 3712 1578 3776 tunde·

343 3836 422 3889 rent
436 3838 475 3911 ut
488 3826 692 3890 viderentur
715 3843 754 3889 se
780 3837 901 3889 tantae
926 3823 1127 3887 afflictionis
1152 3839 1299 3886 causam
1322 3838 1517 3901 agnoscere
1534 3836 1577 3881 ac

344 3932 515 3996 confiteri.
532 3933 704 3996 Absoluta
717 3932 791 4012 jam
804 3932 921 3995 fuerat
937 3931 1074 4009 conciO,
1094 3929 1236 4010 jamque
1254 3929 1397 3992 domum
1423 3943 1463 3990 se
1482 3944 1576 3990 rece·

343 4049 444 4117 perat
459 4040 700 4113 concionator,
717 4052 754 4101 at
769 4040 819 4103 illi
833 4039 935 4102 flexis
955 4039 1070 4101 adhuc
1094 4038 1255 4116 genibuS,
1272 4046 1308 4099 et
1332 4035 1433 4099 multi
1455 4050 1578 4097 eorum

345 4147 502 4209 extensis
517 4146 691 4222 manibus,
708 4164 774 4208 ncc
786 4146 952 4225 precibus
965 4162 1029 4208 nec
1042 4144 1212 4225 lacrymis
1223 4142 1327 4206 finem
1339 4141 1577 4221 imponebant.

405 4252 477 4316 525.
520 4252 654 4317 Eodem
665 4254 722 4317 die
734 4254 776 4317 de
789 4271 828 4316 re
844 4271 914 4316 non
926 4253 1117 4317 admodum
1134 4250 1307 4330 dissimili,
1331 4268 1351 4311 a
1365 4248 1577 4330 quibusdam

346 4362 530 4440 impulsuS,
550 4378 751 4424 sermonem
766 4363 836 4425 alio
855 4362 892 4425 in
907 4362 1038 4440 templo
1063 4359 1196 4437 habuit,
1224 4374 1293 4438 quo
1315 4360 1504 4435 'tantopere
1521 4372 1579 4417 au·

345 4466 516 4530 dientium
537 4469 676 4531 animos
697 4470 885 4550 permovit,
912 4479 950 4531 ut
966 4485 1045 4531 nea
1073 4466 1290 4530 clamoribus
1312 4465 1454 4545 quidem
1474 4464 1580 4525 absti-

454 4632 558 4639 .—

389 4717 396 4746 l
428 4713 449 4755 V
453 4714 492 4757 ide
502 4724 590 4767 supra.
601 4725 661 4768 pag.
671 4714 706 4768 22,
717 4725 742 4757 n.
751 4714 786 4766 at,
798 4720 886 4757 annot.
895 4714 917 4766 3,
929 4720 955 4757 et
966 4724 1025 4767 pag.
1036 4712 1071 4763 96,
1082 4722 1105 4755 n.
1116 4710 1165 4755 258.
