3717 5400
369 464 408 522 80
836 461 965 524 Canon.
987 462 1064 522 Soc.
1087 461 1157 536 Jns.

436 610 502 673 192.
545 609 749 674 Invaluerat
764 610 984 674 consuetudo
1006 610 1043 672 in
1065 609 1195 690 oppido
1212 610 1416 672 Lauretano
1434 618 1472 671 ut
1487 610 1602 688 primo

368 718 428 780 die
444 717 757 798 Quadragesimae,
772 734 909 780 summo
926 735 1040 796 mane,
1054 717 1288 797 procederent
1301 717 1423 779 viriae
1438 716 1601 780 mulieres

365 843 454 888 cum
475 827 656 906 tympanis
676 837 709 888 et
730 825 809 888 aliis
831 825 977 889 musicis
997 825 1258 902 instrumentis,
1282 824 1412 887 choros
1433 825 1601 887 ducentes

372 949 483 1012 usque
504 933 549 996 ad
567 942 709 1013 portum
733 931 1016 996 Recinatensem.
1039 929 1208 996 Solebant
1223 931 1270 994 ibi
1291 931 1545 1010 piscationibus
1566 939 1600 994 et

366 1039 621 1104 saltationibus
640 1049 753 1103 totum
773 1039 866 1103 diem
888 1055 1113 1117 consumere,
1135 1047 1169 1101 et
1188 1036 1316 1102 deinde
1334 1038 1458 1101 eodem
1478 1038 1600 1101 ordine

372 1164 483 1228 usque
498 1148 543 1210 ad
558 1147 745 1211 ecclesiam
759 1147 999 1211 Lauretanam
1014 1145 1147 1223 redire,
1163 1164 1209 1208 ex
1223 1164 1294 1226 quo
1314 1145 1427 1208 abusu
1442 1154 1476 1207 et
1491 1145 1600 1208 disso-

372 1255 503 1317 lutione
518 1257 648 1317 multae
663 1253 731 1317 Dei
745 1253 900 1317 offensae
916 1254 1086 1333 consequi
1103 1262 1279 1332 poterant.
1299 1254 1347 1317 Ut
1363 1263 1481 1315 autem
1494 1253 1599 1331 impe·

370 1361 505 1423 ditetur
524 1359 724 1440 hujusmodi
745 1363 838 1424 mala
859 1360 1097 1435 consuetud0,
1122 1361 1335 1422 constitutus
1355 1370 1408 1422 est
1428 1361 1464 1423 in
1484 1359 1599 1422 medio

370 1468 521 1546 plateae,
534 1483 672 1530 summo
684 1485 799 1546 mane,
814 1467 961 1546 Collegii
976 1443 1220 1546 conc'ionator3
1231 1484 1314 1530 nam
1328 1468 1373 1529 ad
1387 1485 1465 1530 eam
1477 1483 1599 1530 omnes

371 1575 563 1639 convenire
578 1577 750 1650 solebant;
768 1587 802 1638 et
818 1594 862 1639 ne
878 1576 948 1638 alia
965 1575 1025 1636 via
1040 1575 1281 1652 elaberentur,
1302 1585 1383 1637 octo
1404 1574 1447 1637 de
1467 1574 1599 1636 nostris

369 1683 469 1746 missi
484 1693 565 1746 sunt
578 1683 662 1758 bini,
680 1694 718 1746 ut
732 1683 862 1763 partim
878 1683 923 1746 ad
940 1681 1059 1762 oppidi
1075 1690 1208 1762 portas,
1222 1683 1351 1761 partim
1367 1683 1403 1744 in
1419 1682 1534 1745 medio
1546 1682 1598 1744 iti·

370 1808 465 1869 nere,
482 1791 613 1870 partim
628 1794 662 1853 in
678 1791 756 1870 ipso
771 1799 874 1870 portu
890 1808 952 1853 eos
968 1791 1174 1869 exciperent
1189 1789 1498 1852 exhortationibus
1512 1789 1596 1866 suis;

370 1906 404 1960 et
420 1898 464 1960 ab
479 1897 670 1961 inconditis
685 1908 720 1961 et
739 1897 898 1977 profanis
914 1896 1163 1960 saltationibus
1183 1897 1412 1959 deterrerent.
1435 1895 1513 1959 Hoc
1536 1895 1597 1958 ita·

367 2022 437 2084 que
451 2006 731 2085 praesentientes
746 2005 857 2082 multi,
876 2006 932 2067 vel
955 2005 1062 2068 domo
1085 2005 1219 2084 egressi
1241 2022 1312 2066 non
1332 2016 1425 2080 sunt,
1446 2005 1504 2066 vel
1518 2015 1598 2083 post

370 2127 555 2190 egressum
569 2111 694 2174 domos
714 2112 904 2174 redierunt.
922 2111 1133 2174 Evaserunt
1154 2122 1272 2174 autem
1290 2128 1354 2190 per
1375 2111 1480 2174 aliam
1502 2113 1597 2175 viam

347 2218 632 2282 ,concionatoris
643 2234 770 2281 manus
781 2219 972 2281 nonnullae
983 2219 1170 2297 foeminae,
1184 2235 1274 2298 quas
1284 2219 1321 2281 in
1332 2220 1409 2297 ipso
1425 2229 1529 2298 portu
1539 2237 1598 2282 no·

369 2326 434 2388 stri
445 2325 759 2405 deprehendentes,
771 2327 839 2390 hoc
851 2327 977 2389 saltem
989 2325 1193 2404 effecerunt,
1205 2337 1244 2389 ut
1254 2327 1500 2405 promitterent
1513 2326 1599 2390 nihil

367 2431 574 2496 indecorum
583 2433 847 2512 commissuras
861 2433 954 2514 quod
968 2451 1037 2495 non
1050 2436 1126 2496 sine
1141 2434 1350 2497 intuentium
1363 2432 1598 2498 admiratione

369 2541 632 2618 praestiterunt.

431 2645 498 2710 193.
542 2647 752 2728 Augebatur
766 2648 1037 2729 peregrinorum
1048 2647 1241 2711 Lauretum
1253 2647 1470 2710 venientium
1485 2647 1598 2711 multi·

368 2755 463 2834 tudo,
480 2774 552 2819 non
567 2758 681 2819 solum
696 2773 742 2820 ex
755 2757 890 2835 ltaliae,
913 2755 977 2819 sed
992 2755 1100 2819 etiam
1113 2755 1143 2817 F
1145 2754 1320 2832 landriae,
1337 2753 1491 2831 Galliae,
1512 2754 1597 2818 Ger·

367 2863 518 2940 maniae,
540 2862 733 2944 Hispaniae
752 2864 858 2941 lociS,
882 2878 970 2926 cum·
985 2863 1242 2941 intelligeretur
1261 2872 1404 2924 nostros
1426 2862 1462 2924 in
1481 2862 1597 2942 hujus·

367 2970 463 3033 modi
477 2971 606 3050 linguis
621 2988 726 3051 posse
737 2988 860 3034 eorum
879 2970 1122 3033 confessiones
1140 2968 1273 3032 audire.
1294 2967 1523 3047 Cogebantur
1534 2970 1597 3032 ita-

361 3094 435 3157 *que
459 3078 572 3141 nostri
596 3078 797 3159 aliquando,
825 3093 904 3141 cum
931 3093 1082 3140 numero
1109 3077 1214 3155 pauci
1238 3087 1357 3140 essent
1379 3075 1595 3154 sacerdotes

366 3184 497 3247 Missae
514 3185 756 3247 consolatione
771 3193 805 3247 et
820 3195 1075 3247 consuetarum
1095 3184 1296 3245 orationum
1311 3183 1457 3263 privari,
1474 3192 1509 3245 et
1529 3200 1598 3263 quo

360 3302 525 3371 *tempore
540 3291 784 3370 prandendum
798 3300 886 3366 erat,
903 3290 942 3354 in
956 3291 1110 3353 ecclesia
1127 3304 1282 3364 manere;
1299 3307 1366 3352 nec
1381 3300 1462 3354 ante
1474 3307 1597 3354 secun·

365 3396 448 3460 dam
463 3408 523 3459 aut
538 3398 678 3460 tertiam
694 3398 808 3459 noctis
823 3398 949 3459 horam
967 3398 1114 3460 domum
1136 3396 1263 3474 redire,
1285 3407 1322 3459 ut
1338 3398 1596 3478 poenitentium

362 3504 546 3567 devotioni
571 3522 614 3567 ac
638 3504 843 3567 necessitati
867 3504 1076 3582 satisfieret3
1104 3521 1171 3567 nec
1199 3504 1275 3566 sine
1300 3505 1546 3568 consolatione
1567 3506 1597 3568 is

365 3611 465 3673 labor
493 3611 771 3674 confessionibus
799 3612 1091 3691 impendebatur3
1118 3609 1256 3674 fructus
1278 3610 1372 3673 enim
1397 3612 1597 3675 animarum

366 3718 565 3782 uberrimus
580 3718 821 3799 proveniebat.
845 3718 941 3781 Inter
964 3718 1054 3781 alios
1079 3727 1197 3781 autern
1216 3718 1316 3781 multi
1337 3729 1534 3798 apostatae,
1558 3728 1596 3781 ut

362 3826 410 3887 ad
425 3842 526 3888 suam
541 3826 746 3904 religiosam
761 3825 986 3888 vocationem
1003 3824 1162 3887 redirent
1184 3822 1292 3903 adjuti
1313 3824 1474 3904 fuerunt;
1497 3826 1596 3889 multi

365 3933 484 4011 ctiam,
503 3932 613 4012 quiin
628 3932 799 4011 gravibus
814 3931 973 4011 peccatis
989 3930 1049 3994 diu
1067 3931 1342 4010 obdormierant,
1356 3931 1401 3994 ad
1416 3934 1512 3996 vitae
1524 3950 1597 3995 mu·

365 4040 546 4116 tationem,
564 4040 664 4102 multi
678 4039 786 4101 etiam
802 4038 1013 4119 imperfecti,
1032 4038 1078 4101 ad
1101 4038 1277 4101 viciniora
1297 4038 1405 4101 saluti
1423 4057 1466 4102 ac
1485 4038 1597 4119 perfe-

361 4146 475 4208 ctioni
496 4145 667 4227 sectanda
686 4146 839 4225 promoti
858 4144 1019 4224 fuerunt;
1044 4154 1078 4207 et
1102 4146 1284 4208 crescebat
1307 4145 1439 4210 indies
1461 4155 1597 4209 nostro·

369 4269 447 4313 rum
464 4252 690 4314 existimatio.

428 4358 496 4419 194.
540 4358 572 4421 Α
587 4357 833 4421 Gubernatore
852 4358 1082 4438 impetratum
1105 4368 1158 4421 est
1176 4369 1215 4422 ut
1236 4359 1350 4439 prima
1373 4376 1515 4443 quaque
1537 4360 1596 4423 do-

362 4465 492 4529 minica
509 4466 641 4527 mensis
655 4466 835 4544 processio
850 4464 950 4528 fieret
967 4482 1050 4529 cum
1065 4463 1188 4529 SSmo.
1201 4465 1446 4542 Sacramento,
1460 4476 1495 4530 et
1506 4466 1595 4548 ejus·

357 4572 441 4634 dem
456 4572 615 4635 divinum
630 4569 782 4633 officium
797 4570 975 4633 diceretur
990 4587 997 4648 ;
1018 4588 1064 4634 ex
1086 4588 1155 4650 quo
1177 4572 1376 4652 frequentia
1399 4573 1594 4637 communi-

356 4679 520 4742 cantium
535 4678 682 4757 singulis
698 4678 878 4740 mensibus
894 4694 1116 4757 magnopere
1131 4679 1256 4743 crevit.
