3717 5400
819 503 884 562 An.
906 503 978 564 1555
1461 501 1517 560 117

281 647 413 718 nostris
428 655 542 727 erant,
565 656 604 711 ut
623 648 733 712 etiam
754 648 945 729 aliquando
967 665 1039 726 eoS,
1056 646 1116 727 qui
1138 646 1183 710 ad
1198 647 1457 710 confessionem
1478 655 1514 710 et

281 755 566 818 communionem
586 757 857 835 conveniebant,
874 773 1006 836 magno
1027 755 1161 836 impetu
1182 762 1386 818 averterent
1409 752 1430 812 ¹.
1447 753 1517 816 lta-

282 878 351 942 que
365 862 479 925 nostri
494 862 540 925 ad
561 863 771 943 parochiam
792 862 983 942 quamdam
998 862 1167 940 vicinam,
1189 861 1300 942 priori
1314 860 1384 922 hac
1405 861 1516 923 eccle·

283 969 337 1031 sia
350 967 592 1032 confratribus
605 970 742 1048 relicta,
758 985 797 1032 se
812 971 1053 1049 contulerunt,
1070 969 1220 1032 sednon
1242 964 1389 1049 perinde
1412 965 1517 1029 facile

282 1075 349 1138 fuit
376 1075 520 1139 domum
547 1076 720 1150 invenire3
751 1093 833 1140 cum
867 1077 927 1140 illa
962 1085 1108 1158 propter
1142 1075 1253 1139 maris
1273 1074 1460 1155 strepitum
1482 1080 1516 1134 et

283 1191 423 1246 aestum
438 1182 686 1246 vehementem
701 1183 746 1247 ob
760 1181 883 1246 furnos
899 1183 1119 1264 suppositos,
1143 1182 1203 1248 ubi
1217 1181 1321 1263 panis
1345 1189 1520 1262 perpetuo

282 1289 512 1369 coquebatur,
526 1296 587 1351 aut
602 1298 699 1352 certe
713 1290 808 1368 ignis
822 1289 1030 1369 habebatur,
1052 1289 1115 1353 vix
1131 1287 1325 1352 tolerabilis
1343 1298 1433 1350 erat.
1455 1285 1521 1349 Mi·

281 1395 434 1459 nabatur
448 1403 637 1475 praeterea
659 1396 811 1476 ruinam3
837 1399 959 1476 itaque
981 1397 1075 1459 serio
1101 1395 1343 1476 significatum
1367 1403 1422 1458 est
1436 1409 1515 1474 pro·

283 1502 410 1566 tectori
431 1490 758 1583 Collegii,'domum
783 1503 941 1582 aliquam
963 1519 1041 1567 esse
1066 1502 1318 1582 quaerendam,
1343 1501 1403 1566 ubi
1423 1509 1457 1564 et
1472 1499 1520 1562 ad

282 1609 539 1673 habitationem
554 1621 760 1675 nostrorum
773 1619 809 1673 et
822 1611 931 1673 etiam
947 1609 992 1673 ad
1008 1611 1297 1674 commoditatem
1315 1607 1520 1671 scholarum

282 1726 318 1779 et
332 1717 505 1780 ecclesiae
520 1717 842 1781 considerationem
857 1716 943 1796 (sic)
962 1717 1181 1780 adhiberent.

343 1822 414 1886 324.
457 1823 595 1888 Civitas
609 1824 752 1903 quidem
774 1824 957 1904 hucusque
979 1823 1234 1901 monasterium
1259 1820 1319 1886 Sil
1341 1820 1521 1902 Syricum

285 1930 435 1993 ecclesia
447 1931 600 1994 obtineri
610 1931 646 1993 in
661 1947 764 1994 usum
775 1929 924 2010 Collegii
936 1940 1138 2008 curaverat,
1151 1929 1215 1993 sed
1227 1928 1427 1994 Cardinalis
1438 1927 1523 1990 Fer·

283 2037 454 2100 rariensis
468 2038 612 2101 omnino
626 2037 843 2117 significavit
856 2039 950 2100 nolle
965 2054 1004 2100 se
1019 2036 1148 2100 futuris
1167 2036 1355 2100 abbatibus
1378 2036 1446 2099 hoc
1469 2036 1520 2099 in·

283 2143 509 2206 commodum
525 2142 734 2224 relinquere,
750 2154 789 2206 ut
803 2143 939 2207 scilicet
955 2144 1099 2207 domum
1112 2143 1210 2207 illam
1231 2143 1268 2206 in
1292 2143 1400 2206 alium
1416 2158 1525 2205 usum

283 2267 497 2313 conversam
517 2250 718 2313 invenirent
739 2249 762 2309 ¹.
789 2249 834 2313 Et
857 2250 908 2314 ita
934 2251 1075 2329 partim,
1100 2251 1195 2330 quod
1217 2249 1356 2314 difficile
1380 2257 1458 2312 erat
1483 2249 1523 2312 in

283 2357 472 2420 commoda
486 2366 588 2438 parte
602 2357 759 2420 civitatis
780 2359 898 2421 locum
924 2359 1079 2438 aliquem
1093 2357 1265 2435 invenire,
1282 2356 1412 2438 partim
1437 2357 1524 2436 quia

285 2464 386 2527 bellis
400 2473 435 2527 et
444 2463 649 2527 imminente
663 2465 821 2544 periculo
836 2465 963 2528 classis
978 2474 1160 2528 turcarum
1172 2463 1386 2528 tenebantur
1400 2473 1433 2526 et
1450 2465 1521 2526 sol-

286 2570 373 2634 liciti
392 2581 494 2634 erant
514 2587 725 2650 genuenses,
748 2571 855 2634 aliam
874 2571 1019 2634 domum
1033 2571 1194 2634 invenire
1214 2587 1281 2634 nec
1299 2570 1405 2634 facile
1423 2578 1524 2650 pote-

286 2687 368 2742 rant
389 2693 456 2742 nec
471 2678 663 2743 admodum
687 2679 871 2743 curabant.
895 2677 940 2743 Et
968 2687 1087 2743 tamen
1102 2695 1183 2743 cum
1198 2696 1240 2743 eo
1254 2678 1355 2742 venit
1369 2695 1414 2743 ex
1436 2679 1525 2741 urbe

285 2785 324 2849 P.
346 2785 494 2865 Natalia,
511 2793 546 2849 et
560 2793 706 2867 propter
719 2787 916 2866 periculum
930 2787 1055 2850 ruinae
1066 2804 1137 2849 non
1152 2803 1230 2850 esse
1243 2786 1289 2849 ibi
1305 2785 1525 2849 manendum

286 2893 479 2957 ullomodo
503 2902 675 2972 censeret,
693 2889 754 2975 [in]
771 2892 1013 2957 difficultatem
1032 2911 1103 2957 non
1124 2893 1293 2972 exiguam
1312 2893 1426 2956 nostri
1441 2909 1523 2955 con·

284 2996 369 3078 jecti
384 2999 606 3079 videbantur,
622 3017 690 3065 nec
714 3000 945 3064 habitationis
969 3009 1118 3080 tantum,
1142 3000 1205 3064 sed
1220 3000 1327 3063 etiam
1341 3016 1461 3062 rerum
1476 2999 1526 3063 ad

287 3123 464 3186 expensas
479 3108 764 3171 necessariarum
779 3106 1022 3171 difficultatem
1035 3107 1234 3171 sentiebant
1248 3104 1271 3166 ³.

344 3213 416 3276 325.
460 3212 561 3277 Multi
585 3214 691 3293 enim,
719 3224 908 3293 praesente
932 3214 971 3277 Ρ.
997 3214 1131 3297 Jacobo
1157 3214 1321 3295 LayneZ,
1351 3213 1524 3276 auxilium

286 3329 424 3383 certum
446 3321 695 3400 promiserant,
716 3330 763 3400 et,
789 3339 832 3384 eo
859 3321 1060 3401 recedente,
1087 3321 1173 3384 illud
1198 3321 1464 3398 subtraxerant,
1486 3328 1522 3381 et

288 3426 335 3489 ad
351 3443 483 3507 paucos
498 3427 596 3491 cives
608 3444 666 3491 res
681 3439 759 3491 erat
773 3428 931 3506 redacta3
948 3438 982 3491 et
997 3444 1079 3492 cum
1094 3445 1164 3491 non
1178 3428 1350 3491 haberent
1365 3427 1402 3490 in
1417 3424 1527 3506 hujus.

288 3533 374 3596 anni
396 3549 592 3614 progressu
611 3535 730 3597 virum
754 3535 909 3613 aliquem
925 3535 1088 3598 doctrina
1113 3544 1186 3598 tam
1212 3536 1389 3613 insignem
1414 3549 1522 3614 quam

287 3639 356 3720 ipsi
371 3640 554 3721 optabant,
570 3640 784 3703 videbantur
799 3640 1004 3720 frigescere,
1021 3651 1056 3705 et
1071 3658 1161 3705 onus
1175 3641 1260 3705 illud
1282 3656 1525 3722 expensarum

288 3747 414 3829 paucis
429 3747 566 3824 amicis,
583 3746 645 3824 qui
658 3764 703 3809 ex
718 3746 859 3826 privato
874 3748 1089 3827 patrimonio
1106 3748 1309 3811 necessaria
1331 3748 1420 3810 haec
1440 3745 1519 3809 sub·

333 3954 342 3984 ·
370 3952 490 3996 Nondum
499 3951 576 4007 huius
586 3950 812 3994 confraternitatis
821 3952 977 3995 mentionem
992 3952 1091 3997 fecerat
1105 3952 1242 4003 Polancus,
1256 3964 1303 3995 nec
1318 3952 1416 3997 iactam
1429 3952 1528 4005 reperi-

290 4034 347 4067 mua
356 4024 383 4067 in
392 4025 490 4067 litteris
502 4022 589 4066 Patris
598 4020 713 4079 Laynez.
725 4020 859 4066 Orlandini
876 4034 965 4067 autern
980 4024 1044 4067 nihil
1054 4024 1085 4067 de
1101 4024 1229 4067 Genuensl
1247 4022 1363 4077 Collegae
1380 4024 1458 4067 habet
1475 4024 1525 4067 hoc

289 4106 357 4139 anno
368 4104 396 4139 nt
406 4104 434 4138 et
441 4097 567 4149 sequenti.

327 4169 340 4200 ¹
367 4166 434 4211 Vide
444 4178 533 4222 supra,
544 4178 563 4212 t.
573 4181 611 4223 rv,
622 4181 683 4224 pag.
692 4171 728 4223 ii,
742 4182 768 4213 n.
778 4170 815 4212 70.

327 4238 340 4268 ⁸
367 4238 515 4283 creverant
531 4242 597 4284 adeo
614 4242 663 4285 hae
680 4242 846 4286 difficultates
861 4240 950 4283 Patria
964 4238 1070 4295 Laynez
1087 4239 1207 4283 absentia
1221 4244 1250 4281 ut
1267 4239 1397 4293 cogitaret
1407 4236 1529 4292 lanarius

289 4312 320 4354 ‹le
330 4311 442 4364 collegio
457 4310 548 4354 Genua
565 4314 733 4355 removendo.
745 4311 833 4356 “Ntrn
852 4312 937 4355 Padrc
953 4312 984 4354 m'
995 4311 1029 4354 ha
1046 4310 1165 4354 ordinato
1181 4308 1267 4353 mundi
1278 4321 1294 4353 a
1312 4308 1342 4353 V.
1359 4308 1398 4365 lt„
1413 4311 1483 4353 oltra
1498 4312 1524 4355 di

290 4383 377 4436 quella
387 4382 436 4426 ebe
447 4382 481 4425 lui
491 4384 586 4437 acrlve,
597 4386 689 4427 alcuue
700 4386 794 4428 lettere
803 4384 829 4427 ‹ll
840 4382 931 4427 Genua
942 4383 973 4425 de
986 4382 1043 4425 Don
1059 4382 1179 4435 Baptista
1194 4380 1281 4433 Vlola,
1298 4393 1345 4435 per
1360 4382 1384 4427 le
1399 4382 1470 4437 quali
1481 4383 1525 4427 ha-

289 4453 375 4497 biamo
385 4454 568 4496 informatione
578 4453 645 4497 delle
655 4465 714 4498 eoae
723 4456 750 4498 dl
760 4456 794 4505 la;
804 4462 830 4497 et
840 4456 867 4497 iu
876 4454 966 4497 eiietto
976 4453 1050 4497 Ntro.
1061 4452 1145 4496 Padre
1156 4458 1256 4497 mostra
1266 4453 1352 4497 animo
1362 4453 1387 4497 di
1395 4454 1528 4497 rimonere

290 4525 349 4577 quel
360 4526 470 4578 collegio
480 4525 505 4568 dl
516 4524 616 4580 Genua,
624 4536 652 4568 se
663 4528 734 4570 altra
743 4527 892 4579 provisione
909 4537 959 4569 ιιοιι
971 4526 1048 4569 fanno
1063 4525 1140 4578 quelli
1156 4523 1260 4579 signori
1279 4526 1346 4569 delle
1361 4536 1421 4571 cose
1438 4536 1526 4569 necea·

290 4594 361 4637 aarie
371 4602 398 4637 et
407 4600 551 4649 opportune
560 4606 609 4650 per
618 4595 637 4639 ll
646 4594 696 4639 line
706 4596 754 4639 che
764 4596 786 4640 al
798 4597 920 4651 pretende
936 4596 997 4639 nelli
1012 4596 1116 4649 collegii
1131 4596 1236 4651 nostri„
1252 4596 1390 4651 Polancua,
1401 4608 1434 4639 aa
1450 4606 1527 4646 com..

291 4664 365 4709 Patri
380 4665 494 4721 Laynea,
510 4666 546 4711 1.·
558 4667 659 4721 Aprllla
677 4666 801 4711 liuh-Ut
816 4667 858 4711 hic
876 4668 958 4712 innuit
972 4654 1108 4721 Poluncus,
1127 4670 1230 4725 scripsit
1246 4671 1336 4713 eudem
1352 4669 1393 4713 die
1407 4668 1530 4723 lgnatluu

293 4736 367 4781 Patri
375 4736 587 4794 Layneagraren
596 4738 734 4783 admodum
744 4740 856 4791 litteras,
867 4750 932 4793 quaa
942 4739 1060 4783 dabimus
1071 4740 1096 4784 ln
1106 4738 1181 4785 Nova
1193 4742 1276 4785 Seria.
