3717 5400
374 418 430 482 728
830 418 959 481 Chaon.
979 416 1058 479 Soc.
1078 420 1148 493 Jas.

436 562 528 627 2047.
570 562 788 628 Declarabat
802 574 921 630 autem
935 566 1003 629 illis
1017 564 1172 647 Joannes
1186 564 1392 629 Fernandez
1407 567 1609 629 orationem

376 671 590 735 dominicam
604 690 686 735 cum
698 690 831 752 magna
844 674 1003 753 ipsorum
1017 672 1276 737 consolatione:
1300 682 1334 737 et
1349 681 1423 736 toto
1438 674 1505 737 hoc
1520 684 1604 737 tem-

376 794 463 859 pore
477 778 585 861 aliqui
600 779 783 844 christiani
797 780 944 859 fiebant,
961 780 1151 861 aliquando
1172 779 1391 860 quindecim,
1413 780 1607 861 aliquando

377 886 516 965 viginti;
533 886 645 966 pridie
658 885 877 950 Parasceves
892 887 929 951 in
948 888 1098 951 ecclesia
1120 898 1243 951 nostra
1260 886 1409 966 flagellis
1429 904 1467 951 se
1489 888 1606 952 caeci·

377 992 514 1071 derunt,
531 1002 566 1057 et
580 992 706 1057 deinde
720 994 902 1057 Passionis
921 994 1065 1058 Domini
1085 994 1383 1075 praedicationem
1403 995 1605 1059 audierunt.

348 1143 351 1148 -
377 1098 451 1162 Nec
460 1100 579 1163 solum
592 1108 751 1179 tempore
766 1099 1082 1180 Quadragesimae,
1099 1100 1161 1165 sed
1176 1118 1287 1181 usque
1302 1100 1347 1165 ad
1359 1101 1606 1181 Pentecosten,

377 1206 577 1285 petentibus
590 1207 734 1286 eisdem,
751 1207 906 1287 quotidie
921 1207 1208 1271 concionandum
1229 1217 1318 1271 erat.
1335 1208 1468 1272 Diebus
1487 1220 1606 1271 autem

379 1312 682 1393 Quadragesimae
701 1314 916 1395 septingenti
932 1314 1117 1378 christiani
1134 1314 1332 1395 faeneum,
1354 1316 1452 1396 prius
1466 1316 1501 1378 in
1516 1324 1608 1378 cate·

379 1419 515 1483 chismo
535 1420 709 1484 instructi.

438 1524 531 1590 2048.
573 1526 718 1604 Modus,
734 1545 805 1608 quo
829 1528 1016 1593 christiani
1038 1538 1184 1594 utuntur
1203 1530 1239 1591 in
1261 1528 1508 1593 defunctorum
1531 1545 1607 1592 cor·.

379 1635 524 1714 poribus
549 1635 770 1714 sepeliendis
797 1653 950 1716 magnae
973 1636 1229 1701 aedificationis
1245 1636 1497 1717 japonensibus
1517 1645 1608 1715 erat,

379 1750 414 1804 et
447 1742 576 1805 accidit
606 1743 674 1805 tria
707 1742 888 1807 hominum
919 1745 1030 1807 millia
1062 1745 1215 1825 aliquem
1238 1743 1466 1821 defunctum,
1503 1760 1607 1824 quem

379 1848 493 1928 primo
517 1850 629 1912 nostri
650 1850 879 1929 sepelierunt,
908 1853 1082 1915 comitari.
1108 1851 1178 1931 Ipsi
1203 1853 1352 1930 gentiles
1377 1852 1482 1915 valde
1507 1850 1608 1915 inhu-

378 1973 483 2019 mane
500 1954 509 1987 ¹
524 1973 563 2018 se
587 1972 713 2034 gerere
738 1958 852 2021 solent
877 1958 913 2023 iu
939 1958 1007 2021 hac
1026 1968 1143 2038 parte,
1164 1975 1230 2021 nec
1245 1959 1359 2021 solum
1378 1960 1454 2021 sine
1473 1957 1609 2020 honore

378 2062 563 2142 sepeliunt,
584 2064 647 2127 sed
672 2082 717 2127 ne
740 2082 804 2145 per
829 2075 971 2145 portam
997 2064 1137 2145 quidem
1159 2065 1365 2145 primariam
1387 2065 1513 2128 domus
1533 2080 1607 2127 cor·

377 2186 468 2249 pora
481 2169 567 2233 ferri
581 2172 716 2235 volunt.
732 2171 777 2235 Et
793 2172 861 2253 ipsi
875 2172 989 2251 bonci,
1006 2174 1147 2253 quando
1162 2173 1315 2252 aliquem
1329 2172 1435 2236 morti
1451 2173 1608 2236 vicinum

379 2275 499 2340 vident
513 2277 607 2340 domi
627 2295 731 2357 suae,
751 2296 796 2341 ne
815 2280 946 2343 ibidem
969 2280 1142 2343 moriatur
1163 2290 1352 2361 exportare
1374 2281 1443 2342 alio
1463 2295 1610 2343 consue·

382 2393 522 2467 petunt.

437 2490 527 2554 2049.
572 2490 616 2555 Et
632 2494 682 2556 ita
698 2492 856 2555 charitas
871 2492 1144 2557 christianorum
1161 2492 1197 2555 in
1212 2491 1413 2572 hujusmodi
1426 2491 1611 2555 funeribus

378 2598 545 2661 curandis
558 2614 783 2679 summopere
797 2600 959 2679 placebat
970 2610 1004 2663 et
1019 2599 1228 2690 religionem
1240 2598 1473 2663 christianam
1485 2597 1610 2678 magni

382 2707 566 2770 aestimari
577 2707 745 2774 faciebat.

438 2810 529 2876 2050.
573 2813 842 2878 Sacramentum
857 2815 1089 2878 consessionis
1108 2815 1293 2878 christiani
1312 2815 1525 2896 perlibenter
1541 2813 1608 2876 sre-

378 2921 610 2998 quentabant‚
633 2921 797 3002 quamvis
818 2922 943 2984 unicus
965 2921 1145 3001 sacerdos,
1168 2921 1326 3002 quierat
1349 2921 1465 3000 Bungi
1486 2918 1515 2998 ¹,
1537 2938 1609 2984 non

379 3026 542 3090 omnibus
556 3038 696 3106 poterat
713 3027 933 3091 satisfacere.
1087 3083 1090 3088 ,
1606 3085 1612 3096 ,

440 3132 531 3197 2051.
575 3132 633 3198 Sic
660 3145 782 3198 autem
807 3135 903 3199 vitae
928 3135 1104 3199 rationem
1130 3134 1367 3199 emendabant
1392 3143 1473 3214 post
1499 3134 1612 3214 bapti·

381 3257 497 3306 smum
525 3250 752 3321 susceptum,
782 3253 820 3304 ut
849 3258 931 3305 cum
957 3257 1089 3321 magna
1115 3239 1359 3306 aedificatione
1384 3249 1549 3321 parentes
1576 3249 1614 3303 et

380 3347 486 3411 amici
501 3347 537 3410 id
559 3348 832 3412 admirarentur.

387 3525 390 3529 .
439 3453 530 3517 2052.
575 3453 664 3518 Cum
680 3466 799 3518 autem
813 3473 856 3518 eo
871 3455 967 3535 quod
984 3455 1170 3519 christiani
1185 3466 1304 3518 essent
1314 3453 1446 3534 aliquid
1462 3451 1615 3533 iniuriae

380 3561 612 3641 accepissent,
629 3561 751 3625 felices
772 3578 810 3624 se
826 3563 1100 3626 arbitrabantur.
1118 3561 1217 3625 Unus
1232 3560 1297 3625 fuit
1316 3561 1408 3625 inter
1430 3560 1534 3639 alios,
1551 3561 1612 3642 qui

381 3667 560 3732 Christum
586 3667 817 3731 erubescebat
837 3686 880 3733 ac
902 3686 941 3732 se
967 3667 1218 3745 abscondebat;
1245 3669 1307 3732 sed
1328 3668 1379 3731 sic
1406 3669 1612 3747 paulopost

380 3773 466 3837 iacti
484 3791 566 3838 eum
591 3774 774 3854 poenituit,
802 3784 839 3838 ut
863 3793 934 3838 non
960 3777 1073 3838 solum
1093 3776 1212 3855 palam
1232 3773 1457 3838 confiteretur
1480 3771 1614 3837 Christi

381 3879 498 3960 fidem,
514 3879 576 3943 sed
591 3881 649 3944 diu
665 3891 844 3961 noctuque
859 3882 905 3945 ad
920 3881 1010 3945 alios
1024 3881 1253 3946 adducendos
1268 3881 1313 3944 ad
1328 3879 1432 3944 fidem
1447 3890 1481 3943 et
1500 3879 1544 3942 ab
1560 3896 1615 3944 er·

381 3987 523 4051 roribus
535 3985 785 4067 japonensium
800 3988 1027 4052 revocandos
1042 3989 1209 4052 studeret.

440 4093 532 4158 2053.
576 4092 662 4157 Dixi
677 4109 723 4157 ex
738 4095 825 4158 locis
841 4094 969 4158 vicinis
988 4096 1119 4158 multos
1138 4109 1368 4172 concurrere,
1390 4094 1473 4176 quia
1493 4093 1529 4156 in
1550 4110 1617 4157 va·

380 4201 443 4264 riis
462 4199 538 4280 ejus
563 4201 665 4280 regni
684 4201 772 4264 locis
783 4199 858 4279 jam
874 4201 1060 4265 christiani
1075 4211 1189 4279 erant,
1206 4211 1244 4264 ut
1265 4201 1302 4264 in
1322 4199 1496 4283 Jachataa
1516 4218 1616 4264 sexa·

381 4308 492 4387 ginta,
511 4309 547 4371 in
563 4307 706 4372 Sichido
721 4308 880 4387 totidem,
897 4307 933 4370 in
954 4306 1122 4372 Chutami
1141 4305 1152 4338 ³
1174 4308 1317 4372 ducenti
1336 4318 1370 4371 et
1391 4307 1561 4389 ampliuS,
1582 4319 1619 4371 et

423 4451 433 4483 ¹
461 4449 508 4495 Ms.
520 4449 673 4494 inhumani.

421 4519 434 4552 ¹
462 4521 492 4564 P.
503 4521 611 4565 Cosmu
622 4522 653 4565 de
664 4521 685 4565 T
687 4532 767 4565 orrea.

422 4592 434 4626 ⁸
463 4593 561 4636 Horum
573 4593 689 4638 locorum
702 4595 806 4638 nomina
818 4595 968 4640 scribuntur
980 4595 1006 4638 in
1016 4594 1129 4638 Diversi
1137 4595 1218 4647 misi,
1227 4594 1271 4640 iol.
1280 4595 1321 4656 258
1330 4608 1367 4644 v..
1381 4595 1427 4640 sic:
1437 4593 1564 4649 secatae,
1577 4593 1619 4638 st-

382 4665 603 4718 guidmculami.
