3717 5400
778 485 842 546 Au.
865 485 934 546 1555
1432 487 1472 551 33

231 633 388 709 dicaret,
409 647 490 694 cum
510 629 841 694 commendatione*
864 631 1090 712 Imperatoris
1110 632 1240 708 Caroli,
1263 631 1371 714 Regis
1393 632 1473 699 An-

231 738 335 818 giiae
360 737 522 818 Philippi,
550 737 658 818 Regis
683 737 923 802 Romanorum
951 737 1186 817 Ferdinandi,
1224 738 1332 820 Regis
1360 741 1470 804 etiam

235 843 391 927 Joannis
405 843 655 922 portugalliae,
672 843 731 924 qui
747 859 812 924 pro
826 860 890 906 sua
906 844 1083 907 charitate
1098 845 1191 909 serio
1208 862 1266 908 res
1279 843 1470 912 societatis

237 951 358 1015 eidem
385 949 546 1014 Pontifici
573 950 902 1028 commendaverat,
939 950 999 1014 aiii
1027 951 1135 1014 etiam
1164 950 1366 1033 Principes,
1396 963 1470 1019 tam

237 1057 477 1122 ecclesiastici
492 1074 600 1138 quam
613 1058 827 1136 saeculares,
844 1073 924 1120 eam
937 1055 1004 1120 sibi
1023 1066 1230 1137 pergratam
1251 1075 1329 1122 esse
1349 1060 1469 1124 multis

239 1165 359 1230 modis
373 1163 632 1245 significabant,
649 1175 684 1226 et
698 1161 810 1227 nostri
824 1163 975 1227 instituti
991 1164 1128 1245 aliquos
1140 1165 1234 1228 adse
1247 1165 1337 1229 mitti
1351 1176 1471 1247 postu·

236 1273 376 1336 labant.
392 1270 504 1335 Multa
521 1272 629 1334 etiam
646 1271 794 1351 ipsemet
809 1269 972 1333 Pontifex
986 1287 1050 1350 per
1065 1288 1104 1334 se
1118 1281 1279 1336 noverat.

303 1377 355 1442 58.
397 1377 443 1442 Et
457 1387 588 1458 tamen,
605 1386 643 1441 ut
657 1377 882 1440 occasionem
897 1377 964 1458 ipsi
979 1377 1152 1441 adimeret
1167 1378 1204 1443 P.
1226 1378 1385 1458 ignatius
1406 1380 1475 1445 im·

240 1485 405 1550 mutandi
433 1485 622 1566 quicquam
650 1483 744 1564 quod
773 1483 818 1548 ad
845 1491 1007 1546 nostrum
1035 1484 1235 1548 institutum
1264 1487 1470 1569 pertineret,

239 1602 371 1674 sponte
387 1608 453 1655 sua
467 1593 535 1654 hoc
549 1590 626 1672 ipso
641 1607 735 1654 anno
749 1589 943 1668 constituit,
961 1599 998 1652 ut
1011 1590 1255 1671 vespertinum
1266 1591 1419 1657 officium
1430 1593 1467 1657 in

239 1699 397 1763 ecclesia
411 1707 536 1762 nostra
550 1697 674 1761 diebus
688 1696 875 1760 dominicis
888 1705 923 1760 et
937 1695 1037 1759 festis
1062 1707 1278 1773 cantaretur;
1301 1699 1354 1763 sic
1373 1699 1469 1763 vide-

243 1809 350 1870 batur
375 1815 562 1869 contentus
585 1803 661 1868 fore
676 1802 852 1882 Pontifex,
869 1821 934 1866 nec
954 1802 1104 1866 chorum
1122 1803 1230 1868 alium
1249 1823 1271 1868 a
1289 1803 1467 1871 Societate

239 1914 476 1996 expetiturus
494 1911 583 1978 Cum
597 1921 728 1991 autern,
740 1927 780 1974 re
793 1919 949 1974 tractata
964 1927 1045 1973 cum
1058 1911 1268 1992 quibusdam
1283 1930 1328 1976 ex
1342 1914 1473 1994 primo·

242 2021 344 2086 ribus
358 2019 557 2097 SocietatiS‚
575 2019 635 2100 qui
649 2016 783 2082 Romae
797 2017 1048 2096 versabantur,
1062 2015 1258 2097 judicatum
1271 2019 1396 2084 fuisset
1411 2022 1474 2085 hu·

237 2127 399 2208 jusmodi
413 2137 557 2190 cantum
571 2124 807 2190 inducendum
821 2141 910 2202 esse,
927 2125 987 2205 qui
1008 2125 1140 2187 nostris
1161 2127 1471 2194 constitutionibus

243 2252 318 2299 non
329 2242 556 2316 repugnaret,
570 2233 745 2297 rationem
755 2240 882 2295 cantus
893 2231 1040 2312 ipsemet
1052 2229 1090 2294 P.
1104 2231 1263 2311 Ignatius
1277 2233 1344 2297 sibi
1358 2252 1457 2299 reser

240 2343 407 2417 ravit,et
416 2340 599 2404 constituit
610 2348 649 2402 ut
659 2339 695 2402 in
705 2337 1097 2417 cantufigurato(quem
1098 2337 1245 2416 salsum
1256 2341 1471 2406 bordonem¹

243 2448 392 2528 vocant)
407 2456 597 2511 caneretur
611 2445 656 2510 ad
670 2445 841 2526 majorem
853 2445 972 2526 popuii
987 2444 1279 2512 aedificationem.
1296 2447 1341 2512 Et
1352 2467 1473 2530 quarn·

244 2559 305 2622 vis
319 2558 408 2620 haec
423 2555 515 2618 ratio
530 2562 657 2617 cantus
671 2551 978 2615 constitutionibus
992 2551 1109 2616 minus
1123 2564 1304 2634 consonet,
1327 2555 1388 2636 qui
1409 2573 1471 2619 eas

240 2664 467 2742 condiderat,
497 2661 631 2726 Romae
655 2658 931 2741 dispensandum
955 2676 1034 2724 esse
1058 2661 1215 2741 censuit;
1241 2674 1276 2727 et
1299 2662 1474 2728 invitabat

244 2789 341 2850 eum,
358 2770 452 2851 quod
467 2777 585 2833 essent
598 2766 699 2830 multi
714 2774 789 2830 tum
807 2765 843 2829 irl
863 2766 1012 2847 collegio
1031 2778 1165 2847 nostro,
1187 2780 1263 2832 tum
1276 2769 1313 2833 in
1328 2770 1474 2835 Germa-

243 2881 329 2944 nico
343 2886 379 2942 et
397 2894 443 2940 ex
464 2872 797 2956 septentrionalibus
817 2872 1052 2953 scholasticis,
1073 2874 1133 2955 qui
1153 2886 1279 2940 cantus
1300 2878 1475 2942 rationem

242 2985 394 3066 egregie
408 2993 569 3047 tenerent
587 2979 610 3044 ¹.
1229 2994 1233 3001 ·

307 3092 358 3156 59.
402 3090 562 3154 Venerat
583 3085 620 3150 P.
647 3086 802 3169 Jacobus
826 3088 972 3167 Laynez
995 3086 1155 3167 Romam,
1183 3108 1286 3170 quern
1311 3090 1477 3156 Summus

246 3197 412 3263 Pontifex
426 3193 596 3277 peculiari
613 3192 742 3257 affectu
762 3192 942 3273 diligebat,
965 3205 999 3257 et
1015 3211 1095 3258 eum
1114 3196 1149 3258 in
1164 3198 1296 3276 palatio
1317 3198 1478 3263 habitare

242 3306 344 3388 apud
359 3322 397 3368 se
411 3304 585 3381 voluerat,
606 3312 640 3365 et
660 3300 914 3364 habitationem
934 3302 1002 3381 ipsi
1021 3314 1238 3383 paraverant
1253 3316 1358 3385 atque
1373 3322 1475 3369 orna·

243 3423 386 3476 verant.
404 3410 494 3474 Cum
508 3418 625 3471 autem
640 3407 726 3489 ipse,
742 3417 781 3469 ut
797 3407 966 3487 obediret,
983 3408 1020 3471 in
1034 3410 1204 3488 palatium
1219 3428 1257 3473 se
1269 3414 1476 3476 contulisset

243 3530 282 3583 et
294 3535 403 3582 unam
418 3516 465 3580 ibi
479 3524 621 3579 noctem
632 3514 809 3593 exegisset
820 3514 937 3592 (mane
947 3514 1091 3578 domum
1105 3516 1236 3595 rediit),
1252 3518 1476 3584 satisfactum

169 3652 176 3665 ·
243 3624 471 3689 obedientiae
493 3622 717 3700 existimanS,
738 3621 832 3701 quod
850 3624 959 3685 semel
978 3621 1107 3685 ibidem
1126 3634 1387 3705 pernoctasset;
1412 3644 1476 3691 nec

290 3864 300 3897 ¹
330 3862 381 3917 Sic;
393 3874 454 3907 cum
462 3866 572 3917 praeter
581 3862 857 3906 commendationem?

289 3934 302 3966 ¹
329 3932 468 3989 Hispanlce
473 3933 620 3989 sabordon,
628 3934 714 3979 italice
719 3932 880 3990 sabordone,
887 3934 981 3987 gallice
986 3934 1197 3990 saux-bourdon.
1205 3937 1254 3981 “Ce
1262 3946 1324 3993 root,
1333 3940 1395 3983 dont
1404 3941 1479 3997 l'ety·

243 4004 361 4060 mologie
372 4013 412 4051 eet
421 4009 476 4049 tres
486 4006 637 4059 incerteine,
645 4006 750 4061 desitne
760 4016 792 4049 en
803 4006 917 4060 musique
927 4018 976 4050 une
987 4011 1079 4062 espece
1094 4009 1125 4053 de
1140 4010 1303 4064 contrepolnt
1319 4014 1403 4065 vocal,
1418 4018 1478 4057 note

240 4082 339 4121 contre
349 4082 417 4131 eote,
428 4078 522 4121 realise
531 4078 726 4131 generalement
736 4087 781 4121 sur
790 4088 823 4121 un
833 4078 903 4131 pieio
914 4078 994 4122 ebant
1004 4079 1151 4136 syliabique
1161 4081 1184 4124 d'
1193 4084 1271 4136 apres
1280 4084 1318 4126 les
1328 4085 1414 4137 regies
1420 4085 1481 4128 har·

244 4149 381 4203 muniones
391 4159 421 4191 eo
432 4160 512 4203 usage
523 4150 539 4193 b
549 4150 663 4204 l’epoqne
678 4151 711 4193 ob
720 4150 738 4193 ll
748 4160 764 4193 e
774 4152 816 4194 ete
826 4152 954 4204 compose.
974 4148 1160 4205 L'spperltioo
1175 4152 1209 4196 du
1223 4152 1300 4197 faux·
1308 4156 1424 4199 bourdon
1440 4167 1479 4200 re·

242 4225 335 4264 monte
346 4220 362 4262 a
372 4220 485 4275 i’epoque
502 4220 548 4264 des
560 4220 701 4275 premieres
716 4220 923 4265 manifestatione
941 4221 973 4265 de
989 4222 1147 4268 l’herrnooie.
1164 4223 1214 4269 Les
1228 4226 1369 4271 cbeoteure
1389 4228 1466 4272 d'Avi

240 4301 317 4345 gnon
327 4290 540 4337 l'introduisirent
556 4304 588 4337 en
598 4292 673 4338 lteile
684 4293 769 4349 quand
780 4294 806 4336 le
815 4304 877 4337 cour
884 4292 1032 4348 pontificale
1042 4296 1127 4340 revint
1139 4296 1268 4352 aRome.„
1279 4298 1322 4345 ct.
1330 4298 1444 4356 Boedas,
1456 4304 1482 4347 ln

245 4360 289 4407 La
301 4360 411 4405 Grande
420 4362 626 4419 Euryclopeare,
635 4370 657 4407 t.
669 4374 732 4419 xvn,
743 4376 805 4420 peg.
819 4364 859 4409 71.

289 4432 302 4464 ¹
329 4432 423 4478 Paucis
439 4442 497 4490 post
512 4437 588 4480 annis
597 4438 759 4481 alumnorum
773 4438 800 4482 ln
816 4436 932 4493 Colleglo
949 4438 1104 4485 Germanico
1122 4440 1218 4485 chorus
1234 4443 1304 4487 inter
1319 4445 1479 4500 insigniores

246 4504 332 4549 Urbis
341 4504 487 4551 habebatur
498 4514 524 4551 et
536 4509 569 4552 sb
578 4507 762 4563 insignioribus
771 4509 883 4554 musicae
893 4510 1082 4565 professoribus
1092 4513 1244 4567 regebatur,
1255 4526 1300 4569 sc„
1309 4515 1442 4564 Ludorice
1451 4520 1482 4564 de

248 4576 373 4620 Victoris
382 4582 407 4620 et
418 4578 486 4622 eliis.
498 4578 565 4623 Vide
576 4578 744 4634 Srrrttnuoes,
761 4578 916 4626 Gesciticitte
926 4582 975 4625 des
983 4580 1128 4636 Collegium
1140 4584 1332 4631 Germanicum
1344 4588 1483 4645 Hungun-

242 4658 311 4691 cum
322 4648 352 4691 in
362 4647 448 4704 Rom„
456 4650 503 4695 lib.
516 4660 543 4706 rr,
554 4661 611 4707 cep.
623 4651 775 4697 vim-Vide
785 4653 866 4698 etiarn
877 4654 1004 4701 Pisonem.
1014 4652 1054 4697 La
1064 4656 1169 4700 musica
1178 4658 1306 4712 religiosa
1315 4672 1348 4704 en
1361 4661 1480 4718 Espaan,

244 4731 293 4764 en.
304 4720 331 4762 12
339 4726 366 4763 et
378 4720 411 4776 1⁸,
422 4733 481 4779 pag.
494 4722 534 4768 1Π
543 4730 569 4768 et
580 4734 635 4779 seq.

410 4810 448 4871 Τ.
464 4830 493 4869 v.
1326 4844 1341 4900 3
