3717 5400
372 492 431 555 ‘730
844 497 972 558 crinon.
992 496 1069 557 Soc.
1089 497 1159 572 Jus.

373 640 533 722 nomina,
552 643 614 705 sed
628 644 731 723 quasi
746 642 947 725 furibunda3
963 642 1026 708 sed
1039 650 1119 725 post
1134 645 1332 709 orationem
1347 644 1491 707 omnino
1506 643 1552 709 ud
1566 650 1606 707 se

373 748 480 812 rediit
494 758 529 812 et
544 766 673 813 nomen
686 748 771 832 Jesu
786 761 821 814 et
841 750 977 814 Mariae
997 768 1079 815 cum
1098 762 1233 831 magna
1247 750 1434 814 devotione
1449 749 1548 830 dixit,
1570 756 1605 815 et

372 855 527 920 adorare
542 874 581 920 se
595 856 735 921 dicebat
748 856 875 937 Deum,
893 874 1000 939 aquo
1016 866 1138 923 creata
1153 858 1285 922 iuerat:
1311 867 1345 921 et
1365 856 1454 922 dixit
1471 857 1605 922 Eduar-

371 962 422 1026 do
437 964 532 1044 quod
547 980 569 1025 a
584 965 734 1045 septimo
749 966 877 1029 aetatis
891 980 979 1029 suae
990 978 1085 1029 anno
1097 966 1194 1029 velut
1205 980 1319 1045 grave
1330 964 1509 1046 quoddam
1519 975 1604 1045 pott-

370 1068 441 1133 dus
455 1070 491 1133 in
506 1087 570 1133 suo
590 1071 697 1135 corde
711 1080 929 1152 gestaverat,
948 1090 969 1135 a
984 1088 1054 1153 quo
1065 1072 1140 1153 jam
1155 1070 1302 1136 liberam
1318 1088 1356 1135 se
1372 1072 1545 1136 sentiebat
1559 1072 1604 1137 Et

370 1176 423 1239 ita
439 1177 532 1241 laeta
549 1176 738 1241 admodum
753 1196 832 1242 cum
848 1178 977 1243 marito
997 1178 1139 1243 domum
1157 1177 1278 1257 rediit,
1299 1194 1381 1243 cum
1398 1178 1523 1243 eodem
1544 1178 1603 1243 b'a·

370 1282 503 1363 ptisma
520 1295 727 1366 acceptura,
744 1302 824 1349 cum
838 1284 996 1350 Firando
1010 1285 1049 1350 P.
1065 1286 1254 1349 Balthasar
1268 1285 1441 1349 rediisset.

434 1389 525 1455 2058.
568 1390 669 1455 Multi
684 1390 720 1455 in
735 1410 777 1455 ca
793 1393 940 1472 regione
962 1410 983 1457 a
1004 1392 1176 1456 daemone
1196 1392 1423 1455 vexabantur
1441 1391 1548 1456 etiam
1567 1394 1605 1457 ln

369 1498 594 1579 corporibus,
617 1500 675 1580 qui
697 1498 915 1564 orationibus
936 1507 971 1563 et
990 1492 1201 1563 exorcismis
1220 1500 1402 1563 Ecclesiae
1421 1500 1602 1564 consuetis

369 1606 603 1669 curabantur.

432 1711 523 1775 2059.
567 1712 791 1793 Amangucci
804 1731 886 1777 cum
900 1712 978 1778 Rex
994 1705 1088 1795 apud
1104 1722 1246 1778 nostros
1264 1705 1461 1793 Septembri
1480 1724 1602 1778 mense

370 1830 561 1883 coenasset
577 1830 612 1884 et
627 1836 758 1900 magna
773 1838 853 1885 cum
865 1822 1047 1901 voluptate
1058 1822 1102 1885 de
1113 1818 1191 1884 Deo
1203 1822 1416 1900 loqueretur,
1429 1818 1602 1901 quosdam

371 1922 508 1991 reditus
533 1928 719 2008 assignare
738 1929 850 1992 voluit
871 1928 917 1992 ad
937 1946 1062 1992 eorum
1080 1914 1467 2009 sustentationemoul
1486 1930 1601 2008 legem

372 2030 441 2097 Dei
459 2034 496 2097 in
518 2052 584 2098 sua
604 2035 736 2099 ditione
755 2036 935 2111 docerent;
958 2028 1020 2099 sed
1040 2036 1152 2099 nostri
1173 2044 1244 2098 non
1262 2052 1340 2099 esse
1361 2035 1429 2098 sibi
1448 2034 1484 2099 id
1497 2034 1602 2099 valde

369 2142 614 2206 necessarium
639 2142 870 2219 affirmarunt,
891 2142 954 2206 sed
973 2142 1105 2206 hortati
1126 2152 1208 2207 sunt
1228 2142 1315 2205 utin
1337 2142 1502 2221 hospitali
1517 2157 1602 2223 pau·

371 2264 497 2330 perum
512 2266 573 2313 eos
587 2250 721 2314 reditus
736 2259 973 2331 converteret,
990 2250 1085 2332 quod
1096 2258 1130 2313 et
1145 2248 1239 2313 fecit.
1287 2237 1292 2249 '

429 2351 523 2419 2060.
566 2356 717 2436 Quidam
742 2358 799 2420 vir
833 2356 1024 2438 primarius
1045 2355 1120 2437 ejus
1141 2355 1309 2429 civitatis,
1330 2354 1602 2419 Naintandonus

368 2464 513 2527 nomine
528 2461 548 2544 ¹,
565 2464 624 2544 qui
639 2466 748 2527 multa
760 2463 868 2528 millia
880 2472 1099 2528 armatorum
1110 2480 1175 2545 pro
1187 2480 1251 2526 suo
1264 2462 1437 2527 arbitratu
1451 2461 1603 2527 educere

370 2571 409 2633 in
427 2568 601 2651 praelium
623 2580 774 2651 poterat,
798 2580 916 2635 aetate
938 2571 1042 2635 valde
1056 2568 1239 2653 provecta,
1256 2569 1302 2633 ad
1322 2568 1501 2633 Christum
1520 2584 1601 2633 con·

369 2694 508 2756 versus,
525 2678 677 2758 genibus
690 2678 791 2742 flexis
802 2688 837 2742 et
847 2677 1011 2742 manibus
1026 2687 1132 2760 atque
1153 2677 1265 2742 oculis
1279 2676 1315 2740 in
1330 2678 1467 2740 coelum
1482 2685 1602 2741 exten·
1711 2733 1714 2738 .

368 2784 432 2865 εἰς,
455 2803 476 2848 a
498 2783 653 2849 Domino
678 2785 715 2848 in
740 2786 923 2849 meliorem
944 2785 1056 2848 vitam
1082 2784 1267 2848 transferri
1290 2784 1443 2862 petebam
1467 2783 1541 2862 sed,
1561 2791 1601 2847 ut

366 2891 585 2955 credendum
600 2901 664 2970 est,
683 2892 729 2955 ad
743 2890 856 2971 majus
871 2892 1022 2956 aliorum
1036 2892 1166 2955 bonum
1181 2889 1255 2970 eJ’us
1270 2891 1381 2955 vitam
1395 2890 1505 2954 fuisse
1519 2907 1600 2971 pro-

369 2999 563 3077 longatam.
588 2997 691 3062 Alius
711 2998 819 3063 etiam
841 3016 921 3062 cum
946 2998 1114 3062 trecentis
1135 2997 1355 3062 subditorum
1380 3013 1525 3061 suorum
1554 2997 1600 3062 ad

367 3098 552 3169 Christum
567 3104 673 3170 etiam
691 3105 855 3170 accessit.
870 3103 916 3169 Et
931 3105 1246 3170 circumferebatur
1260 3106 1451 3168 multorum
1469 3119 1601 3168 sermo·

367 3213 473 3277 nibus
487 3231 551 3294 per
565 3224 707 3277 nostros
722 3231 765 3277 ac
780 3230 844 3292 per
859 3213 997 3294 aliquos
1016 3231 1061 3277 ex
1081 3213 1269 3294 neophytis
1290 3209 1406 3275 Deum
1427 3211 1600 3275 miracula

368 3337 502 3400 magna
517 3321 668 3401 operari.

429 3427 521 3491 2061.
565 3426 620 3492 Ex
634 3428 771 3492 duobus
784 3428 921 3507 bonzis,
944 3427 1005 3508 qui
1022 3427 1147 3491 Meaco
1166 3436 1351 3506 venerant,
1369 3426 1458 3490 alter
1477 3425 1598 3488 subtili

367 3533 560 3617 admodum
588 3536 731 3614 ingenio
761 3544 852 3599 erat:
881 3547 962 3598 cum
991 3544 1070 3615 post
1098 3532 1374 3613 disputationem
1403 3547 1599 3596 conversus

365 3651 463 3706 esset
488 3641 534 3706 ad
560 3640 751 3721 Christum,
775 3658 856 3705 cum
881 3641 991 3706 multa
1013 3641 1056 3705 de
1081 3639 1120 3705 B.
1147 3639 1258 3704 Paulo
1283 3639 1424 3704 narrari
1446 3638 1599 3703 audivis-

365 3759 432 3829 set,
446 3748 540 3830 quod
557 3747 691 3812 scilicet
706 3749 803 3830 prius
820 3756 1028 3828 persecutus
1043 3757 1137 3812 esset
1153 3747 1352 3812 Ecclesiam
1363 3747 1441 3825 Del,
1458 3744 1596 3826 deinde,

364 3873 575 3936 conversus,
589 3873 655 3919 vas
666 3855 847 3919 electionis
859 3855 906 3919 ad
917 3853 1051 3919 Christi
1064 3871 1192 3919 nomen
1203 3853 1370 3934 gentibus
1382 3854 1597 3916 annuncian-

365 3963 454 4026 dum
474 3961 591 4028 factus
611 3963 747 4043 suisset,
771 3963 908 4043 optavit
926 3962 994 4026 sibl
1016 3971 1145 4026 nomen
1167 3958 1268 4025 Pauli
1283 3961 1319 4024 in
1339 3959 1515 4040 baptismo
1536 3959 1599 4022 im·

367 4070 464 4150 poni,
480 4079 520 4133 ut
534 4073 594 4152 qui
608 4071 723 4151 ipsum
738 4071 897 4134 imitatus
907 4068 1032 4133 suisset
1043 4069 1078 4132 in
1091 4068 1202 4150 priori
1213 4067 1299 4148 vita,
1316 4067 1478 4132 eumdem
1491 4066 1599 4129 etiarn

366 4175 406 4240 in
420 4178 609 4258 posteriori
623 4177 833 4242 imitaretur.
850 4175 1052 4257 castigavit
1064 4175 1121 4240 ille
1134 4190 1264 4256 corpus
1275 4173 1501 4238 severissime
1515 4177 1598 4253 post

365 4283 650 4365 conversionem,
667 4294 701 4348 et
716 4283 821 4348 valde
833 4283 985 4348 orationi
1001 4283 1147 4373 mentali
1163 4281 1301 4346 deditus
1316 4280 1393 4359 suit,
1416 4283 1450 4343 et
1465 4283 1598 4358 magna

366 4400 432 4471 pet
447 4406 527 4454 enm
538 4388 713 4455 Dominus
729 4399 898 4473 operatus
913 4401 978 4470 est;
995 4407 1079 4454 nam
1094 4387 1226 4453 Christi
1238 4385 1473 4466 Evangeliuln
1484 4385 1599 4449 variis

368 4490 406 4561 ln
429 4489 515 4561 locis
538 4498 789 4579 praedicando,
816 4499 947 4562 multos
969 4497 1014 4560 ad
1037 4495 1218 4576 Christum
1233 4494 1419 4574 convertit,
1437 4503 1472 4557 et
1496 4491 1599 4556 sitatis

410 4738 419 4772 ¹
449 4739 515 4784 Vide
526 4751 616 4796 supra,
627 4746 646 4785 t.
657 4752 684 4794 11,
694 4753 753 4795 pag.
763 4741 836 4784 tt5et
847 4740 896 4792 tta,
905 4751 947 4784 nn.
959 4739 1000 4784 50⁶
1009 4739 1090 4784 et507.
