3717 5400
813 504 877 564 Aa.
900 504 970 564 1555
1448 506 1505 566 375

276 650 449 715 audiebat
463 658 498 714 et
512 651 738 731 sequebatur,
754 651 861 716 etiam
877 652 907 714 si
922 661 1030 714 extra·
1039 651 1208 732 oppidum
1228 652 1279 714 eis
1298 653 1509 715 concionan-

274 757 366 822 dum
380 767 485 822 esset.

344 864 432 928 1012.
477 864 745 929 Concurrebant
760 875 947 946 praeterea
967 866 1175 929 adnostros
1196 883 1268 929 non
1289 883 1373 929 raro
1392 882 1509 930 sacer·

274 972 383 1036 dotes
398 973 612 1050 saeculares,
629 972 859 1051 magistratus
874 981 908 1036 et
928 972 1065 1054 plebeji,
1086 973 1268 1052 cupientes
1290 973 1422 1054 aliquid
1440 974 1508 1055 spi·

277 1079 420 1143 ritualis
435 1079 557 1142 auxilii
571 1079 637 1142 sibi
652 1097 673 1142 a
689 1079 821 1143 nostris
835 1080 1002 1159 impendi.
1019 1078 1109 1144 Cum
1122 1090 1241 1142 autem
1255 1079 1304 1142 ibi
1314 1077 1508 1159 jubilaeum

283 1187 545 1266 promulgatum
571 1194 635 1264 est,
656 1194 755 1248 tanta
778 1186 1032 1266 poenitentium
1054 1185 1157 1266 copia
1179 1187 1291 1249 nostri
1313 1187 1507 1250 obrueban-

281 1303 350 1371 tur,
366 1300 405 1356 ut
419 1293 482 1356 vix
493 1291 766 1372 conquiescendi
782 1295 882 1356 locus
897 1295 988 1356 ullus
999 1292 1155 1356 daretur.
1170 1292 1247 1356 Hoc
1260 1305 1417 1374 tempore
1435 1294 1506 1358 duo

273 1418 326 1463 cx
340 1400 522 1479 magistris
536 1417 789 1464 saracenorum
810 1399 911 1479 regni
931 1399 1131 1479 Valentiae,
1147 1399 1341 1479 (Alfuchzia
1363 1402 1506 1480 vocant)

281 1507 456 1588 perditam
471 1524 574 1570 suam
587 1507 699 1570 vitam
718 1507 753 1570 in
776 1507 902 1570 melius
924 1517 1073 1586 mutare,
1098 1518 1246 1588 peccata
1268 1507 1440 1586 confiteri,
1463 1526 1506 1571 ac

281 1632 408 1692 moreS,
436 1626 474 1678 ut
500 1615 715 1678 christianos
739 1614 901 1693 decebat,
928 1631 1144 1693 componere
1172 1615 1374 1678 decrevere.
1404 1614 1506 1678 Alter

273 1722 390 1786 etiam
404 1739 449 1785 ex
468 1723 520 1785 eis
543 1730 668 1802 postea
691 1721 746 1784 bis
765 1721 950 1784 consessus
968 1731 1038 1800 est;
1061 1739 1153 1802 quae
1172 1723 1287 1802 pictas
1309 1723 1346 1784 in
1366 1722 1426 1786 illo
1445 1722 1505 1786 ho·

281 1829 414 1894 minum
440 1845 570 1908 genere
597 1847 692 1892 nova
721 1829 825 1891 valde
853 1837 941 1891 erat.
970 1826 1040 1892 Sed
1067 1840 1102 1891 et
1129 1829 1220 1892 alius
1244 1829 1389 1909 quidam
1416 1826 1503 1908 ejus·

281 1935 360 2000 dem
376 1936 504 2014 gentis
528 1933 744 1998 incredibilis
766 1934 1012 1999 obstinationis
1025 1919 1070 1998 'in
1092 1952 1157 2008 sua
1176 1933 1335 2015 perfidia,
1351 1935 1411 2016 qui
1429 1952 1503 1999 sae·

277 2043 422 2122 pissime
435 2043 524 2106 viris
538 2042 714 2121 religiosis
729 2041 1015 2120 adhortantibuS,
1037 2042 1246 2122 rogantibus
1267 2053 1301 2106 et
1322 2044 1503 2106 consulen-

279 2149 383 2227 tibus,
399 2167 462 2228 per
478 2149 716 2229 quadraginta
731 2165 853 2228 annos,
871 2159 906 2211 ut
924 2151 1072 2227 ipsemet
1094 2149 1280 2228 referebat,
1297 2166 1436 2229 semper
1452 2167 1503 2212 re·

278 2256 427 2333 stiterat,
441 2255 584 2318 tandem
598 2257 747 2319 veritate
759 2256 972 2335 compulsuS,
986 2255 1128 2319 cuidam
1138 2273 1183 2318 ex
1198 2255 1329 2319 nostris
1340 2254 1504 2320 Patribus

274 2379 385 2426 aures
400 2363 573 2443 praebuit,
590 2374 624 2426 et
638 2363 752 2426 eidem
766 2361 951 2425 consessus
966 2373 1031 2425 est.
1047 2363 1092 2426 Et
1112 2363 1216 2442 plane
1236 2363 1271 2426 id
1291 2363 1502 2427 observaba-

268 2479 347 2548 tur,
363 2469 457 2550 quod
472 2471 501 2533 si
517 2470 608 2534 inter
623 2469 727 2549 hujus
741 2471 857 2549 gentis
869 2469 1031 2532 homines
1043 2469 1150 2549 aliqui
1162 2487 1206 2532 ex
1218 2472 1350 2534 nostris
1361 2471 1502 2534 assidue

276 2588 516 2654 versarentur,
530 2577 659 2641 ostium
672 2593 839 2656 magnum
850 2593 974 2640 eorum
984 2575 1181 2640 reductioni
1193 2577 1422 2657 aperiendum
1431 2594 1501 2640 me·

275 2684 345 2748 rito
367 2685 520 2765 sperari,
543 2695 577 2748 et
595 2685 775 2764 ingentem
800 2683 999 2749 animarum
1020 2685 1225 2749 thesaurum
1246 2704 1292 2749 ex
1306 2685 1374 2748 bac
1389 2683 1499 2761 India,

274 2792 311 2853 in
325 2793 441 2855 medio
456 2792 649 2872 Hispaniae
661 2792 741 2870 sita,
758 2801 877 2872 posset
897 2793 933 2855 in
953 2792 1132 2855 aerarium
1151 2791 1297 2855 Domini
1312 2793 1499 2872 reportari,

265 2899 357 2979 quia
372 2900 421 2964 illi
432 2900 593 2963 homines
606 2908 747 2963 nostros
758 2916 975 2979 magnopere
990 2900 1138 2979 diligere
1153 2908 1356 2979 coeperant,
1373 2908 1501 2963 etcum

271 3005 320 3069 ad
346 3024 406 3070 eos
426 3006 752 3087 proficiscebantur,
774 3006 878 3070 valde
897 3007 1023 3070 laetari
1043 3024 1086 3069 ac
1106 3007 1349 3085 congratulari
1367 3007 1500 3069 uostris

266 3114 520 3177 cernebantur.

336 3220 424 3283 1013.
468 3220 521 3283 Ex
542 3221 609 3283 hac
629 3220 702 3284 vita
723 3222 919 3301 migrantes
939 3223 1073 3303 aliquot
1095 3208 1324 3301 adjuverunt,
1348 3222 1499 3285 miseros

264 3328 444 3391 consolati
456 3338 547 3405 sunt,
562 3328 672 3391 iratos
682 3328 818 3408 aliquos
830 3330 1075 3408 placaverunt,
1089 3338 1123 3391 ct
1133 3329 1226 3391 inter
1237 3329 1367 3392 multas
1377 3344 1496 3408 paces

263 3450 361 3513 quas
377 3434 621 3514 conciliarunt,
634 3452 704 3497 una
718 3435 784 3498 fuit
797 3435 920 3514 magni
935 3452 1020 3515 prae
1036 3435 1188 3499 caeteris
1201 3435 1380 3498 momenti.
1398 3433 1498 3497 Occi·

270 3557 334 3604 sus
348 3541 463 3604 fuerat
478 3542 568 3606 civis
583 3541 727 3622 quidam
751 3558 823 3605 non
848 3543 991 3605 obscuri
1012 3542 1175 3620 uominiS,
1199 3552 1233 3604 et
1255 3559 1336 3617 cum
1352 3540 1498 3605 Praetor

275 3648 384 3726 urbiS,
407 3656 445 3711 ut
466 3666 538 3728 pax
562 3648 743 3712 conciliari
768 3658 898 3729 posset,
924 3657 1064 3729 patrem
1089 3648 1265 3712 interiecti
1289 3659 1323 3711 et
1348 3649 1409 3729 qui
1422 3648 1498 3728 ejus

266 3764 469 3819 sectatores
480 3764 592 3835 erant,
609 3765 755 3835 cogeret
769 3757 932 3821 inducias
946 3757 1064 3821 facere
1079 3774 1161 3821 cum
1172 3759 1284 3820 altera
1299 3756 1463 3834 factione,
1477 3775 1498 3817 a

268 3880 344 3942 qua
359 3862 576 3927 filiusiuerat
597 3863 814 3944 interfectuS,
840 3865 1019 3944 negabant
1035 3864 1087 3929 illi
1109 3865 1146 3928 id
1168 3863 1245 3928 fieri
1270 3873 1446 3945 oportere,
1463 3874 1498 3925 et

272 3969 500 4034 vehementer
516 3970 745 4034 obsistebant.
766 3971 857 4035 Tum
877 3971 1024 4035 Praetor
1045 3972 1114 4035 illis
1135 3972 1297 4035 omnibus
1316 3970 1498 4051 praecepit

270 4086 309 4139 ut
324 4075 464 4140 Gaudia
478 4076 711 4153 discederent,
728 4079 788 4158 qui
801 4079 951 4142 libenter
965 4080 1002 4142 in
1012 4098 1055 4142 eo
1070 4079 1103 4143 ei
1118 4078 1418 4158 obsequebantur;
1435 4077 1497 4140 sed

266 4183 302 4245 si
316 4181 352 4247 id
367 4182 484 4262 fiebat,
501 4185 537 4247 in
552 4200 721 4265 magnam
736 4186 856 4266 populi
871 4185 1009 4249 cladem
1022 4195 1057 4249 et
1073 4187 1175 4265 quasi
1195 4185 1359 4249 bellicum
1379 4186 1497 4247 incen-

261 4290 366 4353 dium
390 4308 449 4354 res
472 4308 682 4355 successura
702 4290 900 4356 videbatur.
926 4291 1076 4355 Praetor
1099 4309 1187 4372 ergo
1211 4292 1247 4355 id
1272 4291 1496 4372 praevidens

269 4396 393 4460 Patres
404 4406 545 4461 nostros
558 4400 735 4477 convenit,
749 4407 783 4462 et
795 4398 935 4463 cumeis
943 4399 1112 4463 facinoris
1123 4399 1498 4480 perpetratirationem

270 4504 431 4566 contulit.
447 4504 568 4568 Nostri
583 4514 713 4581 autem,
730 4523 812 4569 curn
826 4505 1001 4569 demortui
1013 4506 1102 4569 civis
1114 4505 1320 4587 parentibus
1335 4517 1496 4586 agenteS,

268 4606 347 4673 Deo
363 4610 566 4691 adjuvante,
582 4612 808 4676 obtinuerunt
823 4623 861 4675 ut
883 4622 957 4675 tota
973 4613 1191 4693 perturbatio
1211 4614 1383 4677 tumultus
1401 4614 1503 4677 seda·

269 4728 369 4780 retur
381 4734 462 4780 cum
477 4734 609 4799 magna
624 4719 807 4783 hominum
822 4720 1066 4783 admiratione.
