3717 5400
378 510 434 569 572
639 532 641 539 ⁴
837 511 967 571 Canon.
986 511 1064 572 Soc.
1084 512 1154 585 Jas.

443 656 531 720 1574.
575 657 688 737 Alius,
718 659 862 721 natione
889 660 1018 739 gallus,
1044 659 1103 739 qui
1132 658 1347 735 Burdigalae
1374 656 1434 719 diu
1463 654 1615 719 Lutheri

380 764 548 828 haereses
570 764 751 844 docuerat,
778 775 813 827 et
838 766 873 828 in
898 765 1020 846 regnis
1043 764 1238 846 Hispaniae
1263 772 1488 828 sacramenta
1512 762 1610 825 mini·

380 882 560 935 straverat
575 881 610 935 et
625 873 810 937 convictus
831 872 974 937 tandem
988 873 1115 951 iuerat,
1136 872 1301 954 quamvis
1315 882 1349 935 et
1364 873 1440 952 ipse
1455 870 1610 934 obstina-

382 989 438 1042 tus
455 979 672 1061 aliquamdiu
691 980 825 1059 suisset,
848 980 981 1061 placuit
999 978 1076 1043 Deo
1103 978 1179 1059 ejus
1200 979 1358 1043 animum
1379 978 1547 1055 emollire,
1574 988 1615 1040 et.

382 1096 421 1149 ut
436 1086 584 1150 decebat
604 1087 734 1151 bonum
756 1100 790 1151 et
813 1088 1027 1151 catholicum
1051 1086 1285 1150 christianum
1307 1096 1467 1149 mortuus
1486 1095 1554 1158 est;
1576 1096 1611 1147 et

381 1192 430 1255 ita
453 1192 514 1256 alii
533 1194 687 1275 quinque
706 1195 794 1257 bene
815 1194 978 1275 dispositi
997 1210 1121 1257 omnes
1143 1194 1317 1273 obierunt;
1338 1210 1430 1256 unus
1450 1208 1573 1255 eorum
1590 1210 1616 1255 a

383 1301 529 1380 proprio
545 1298 617 1364 filio
632 1311 821 1365 accusatus
839 1301 967 1379 iuerat,
989 1300 1049 1383 qui
1073 1301 1168 1364 domi
1188 1310 1331 1363 nostrae
1350 1300 1511 1363 confiteri
1525 1300 1612 1363 sole-

382 1406 454 1485 bat,
471 1424 536 1471 nec
551 1407 629 1488 ipso
645 1407 713 1487 die,
729 1426 799 1489 quo
814 1418 915 1489 pater
930 1408 1103 1489 supplicio
1119 1406 1266 1471 affectus
1276 1407 1351 1486 suit,
1366 1424 1467 1470 suam
1481 1406 1615 1470 bonam

383 1493 674 1578 consuetudinem
689 1516 840 1597 reliquit.
858 1514 913 1579 De
933 1514 1012 1578 aliis
1032 1515 1139 1579 etiam
1161 1514 1370 1596 quibusdam
1385 1514 1454 1577 hoc
1469 1515 1586 1593 ipsum
1605 1512 1616 1543 ¹

383 1620 605 1685 credebatur.

448 1726 536 1791 1575.
580 1727 614 1792 A
633 1729 788 1809 quodam
808 1730 887 1794 cive
908 1730 1083 1793 honorato
1105 1728 1223 1810 aliqua
1245 1744 1333 1791 vasa
1354 1737 1524 1807 argentea
1543 1744 1618 1789 non

384 1836 504 1915 exigui
533 1836 638 1916 pretii
661 1837 756 1899 furto
779 1839 918 1900 sublata
943 1836 1095 1915 fuerant,
1125 1836 1184 1917 qui
1213 1853 1294 1899 cum
1319 1836 1516 1899 orationem
1537 1832 1618 1896 fieri

385 1952 546 2006 curasset
568 1954 616 2021 ut,
634 1944 669 2006 si.
680 1944 725 2007 ad
740 1944 807 2007 Dei
826 1946 980 2023 gloriam
1000 1944 1157 2007 futurum
1172 1951 1278 2022 esset,
1294 1949 1522 2023 recuperaret
1540 1941 1614 2014 illa,

384 2058 464 2129 post
493 2050 636 2114 biduum
670 2052 768 2115 venit
796 2051 939 2115 domum
963 2062 1124 2115 nostram
1150 2049 1292 2131 juvenis
1320 2049 1475 2129 quidam,
1506 2066 1617 2129 penes

384 2172 489 2235 quern
504 2174 593 2219 vasa
608 2158 669 2220 illa
684 2167 797 2236 erant,
814 2176 917 2239 quae,
934 2159 1055 2222 nescio
1078 2176 1148 2239 qua
1164 2158 1313 2234 ratione,
1336 2158 1380 2220 ad
1396 2156 1472 2237 ejus
1487 2172 1621 2219 manus

386 2274 635 2343 pervenerant,
662 2274 697 2327 et
722 2264 863 2328 cuidam
888 2283 934 2328 ex
954 2266 1087 2328 nostris
1111 2265 1356 2328 sacerdotibus
1383 2282 1425 2326 ea
1450 2262 1556 2336 dedit,
1578 2244 1617 2324 ut

385 2370 530 2434 domino
556 2372 770 2451 restitueret;
797 2371 965 2435 valebant
992 2382 1111 2435 autem
1145 2383 1332 2435 sexcentos
1361 2370 1510 2434 ducatos
1537 2371 1622 2450 plus

386 2478 514 2541 minus,
1132 2536 1136 2542 .

449 2584 536 2647 1576.
581 2583 765 2665 Quaedam
786 2586 893 2649 etiam
913 2596 1077 2649 matrona
1095 2602 1141 2649 ex
1158 2586 1224 2663 his,
1248 2602 1340 2665 quae
1359 2584 1529 2664 templum
1550 2581 1615 2647 Si*

387 2688 500 2754 Rochi
524 2690 807 2774 frequentabant,
831 2711 911 2758 cum
937 2693 983 2757 ab
1008 2692 1078 2758 alia
1099 2691 1360 2770 sollicitaretur,
1382 2709 1452 2754 non
1477 2690 1618 2770 exiguis

387 2797 489 2861 donis
510 2798 648 2878 oblatis,
675 2809 714 2863 ut
733 2801 769 2862 in
793 2817 832 2863 re
851 2817 978 2881 parum
1001 2799 1149 2863 honesta
1176 2799 1317 2863 cuidam
1341 2797 1620 2878 gratificaretur,

349 2977 357 3002 ἰ
388 2921 539 2986 cumque
563 2907 673 2970 verba
694 2924 764 2970 non
785 2906 999 2986 sufficerent,
1022 2907 1148 2987 quibus
1169 2906 1266 2969 illam
1289 2906 1333 2969 ab
1355 2923 1393 2968 se
1413 2904 1621 2983 ablegabat,

387 3011 481 3074 dona
498 3012 556 3075 illa
571 3015 738 3093 pretiosa,
755 3032 846 3095 quae
861 3013 1042 3092 offerebat,
1060 3023 1185 3076 sancto
1202 3013 1355 3095 quodam
1370 3013 1447 3075 zelo
1466 3011 1621 3091 accepit,

388 3127 423 3180 et
438 3118 474 3180 in
488 3128 622 3183 terram
640 3119 789 3201 projecit
804 3130 839 3183 et
857 3120 1005 3201 pedibus
1026 3121 1261 3198 conculcavit,
1286 3129 1320 3183 et
1343 3119 1393 3182 ita
1414 3135 1436 3181 a
1458 3136 1497 3182 se
1512 3119 1617 3181 inter·

387 3226 547 3289 nuntiam
563 3228 755 3306 ablegavit.
773 3229 817 3292 Et
829 3227 942 3291 solida
957 3244 1106 3308 prorsus
1118 3227 1223 3307 signa
1233 3226 1377 3290 virtutis
1391 3227 1429 3289 in
1443 3224 1621 3306 plurimiS,

388 3351 431 3396 ac
444 3335 632 3415 praecipue
646 3335 832 3414 nobilibus,
846 3344 881 3398 et
896 3335 966 3398 alia
977 3335 1089 3398 facies
1101 3335 1137 3399 in
1148 3335 1226 3416 ipsa
1238 3333 1395 3413 civitate,
1409 3350 1516 3414 quam
1528 3349 1625 3410 quae

388 3441 579 3522 aliquando
595 3442 722 3521 iuerat,
740 3444 988 3507 cernebantur.

451 3548 538 3612 1577.
581 3549 717 3614 Horum
739 3549 884 3613 Patrum
909 3566 1019 3630 opera
1038 3549 1218 3630 quoddam
1241 3547 1494 3612 monasterium
1517 3547 1625 3610 nobi·

390 3655 475 3719 lium
490 3656 723 3720 foeminarum
735 3673 953 3738 magnopere
964 3657 1000 3720 in
1012 3656 1139 3736 spiritu
1154 3654 1315 3738 profecit,
1329 3663 1363 3717 et
1379 3670 1458 3717 cum
1476 3652 1622 3717 Ordinis

391 3763 445 3826 sui
465 3764 604 3827 ratione
620 3775 674 3826 ter
688 3765 724 3828 in
744 3782 838 3828 anno
860 3763 1020 3828 confiteri
1040 3773 1256 3841 tenerentur,
1278 3779 1320 3825 eo
1340 3760 1517 3825 adductae
1538 3771 1623 3824 sunt

392 3878 430 3934 ut
456 3869 491 3933 id
516 3871 667 3950 singulis
688 3870 918 3935 hebdomadis
947 3870 1123 3949 facerent3
1150 3879 1185 3934 et
1208 3870 1379 3950 optabant
1404 3885 1626 3948 magnopere

393 3977 524 4041 nostris
552 3977 712 4041 confiteri
738 3981 864 4041 saltem
899 3977 1049 4058 singulis
1078 3977 1271 4055 mensibus,
1303 3975 1467 4057 quamvis
1489 3992 1562 4038 non
1582 3973 1623 4038 id

398 4084 625 4148 obtinuerint.

454 4189 542 4254 1578.
586 4191 676 4256 Cum
697 4207 830 4270 magna
847 4208 969 4254 rerum
988 4192 1108 4271 inopia
1129 4191 1344 4271 Ulyssipona
1367 4190 1558 4268 laboraret,
1586 4197 1624 4250 et

390 4299 427 4362 in
441 4297 546 4362 domo
561 4297 622 4362 S.t¹
640 4297 754 4362 Rochi
771 4298 916 4378 triginta
936 4298 1006 4362 duo
1028 4307 1089 4362 aut
1110 4297 1258 4376 triginta
1274 4307 1346 4360 tres
1367 4315 1413 4360 ex
1426 4295 1559 4359 nostris
1576 4313 1624 4360 ex

431 4537 440 4570 ⁴
470 4537 535 4590 Quid
545 4538 587 4582 hic
598 4549 644 4593 per
653 4535 702 4582 hoc
712 4539 802 4592 ipsum
812 4537 1010 4592 significandum
1021 4538 1118 4591 veniat,
1129 4536 1199 4582 haud
1211 4537 1297 4590 facile,
1308 4543 1335 4581 ut
1347 4543 1476 4592 putamus,
1488 4537 1571 4581 lector
1584 4534 1628 4579 in·

391 4610 500 4664 telliget,
511 4621 559 4653 nee
572 4621 618 4654 nos
633 4609 762 4654 affirmare
773 4616 846 4654 certo
856 4611 982 4663 valemus,
997 4609 1148 4664 priusquam
1162 4616 1328 4653 monumenta
1344 4609 1493 4662 viderimus,
1505 4607 1626 4663 equibus

390 4681 456 4726 haec
466 4681 554 4725 hausit
566 4679 700 4726 Potaneus.
718 4681 816 4734 arrigit
829 4681 894 4724 hacc
906 4681 1015 4735 quidem,
1027 4681 1072 4723 sed
1088 4681 1168 4724 multo
1183 4680 1297 4733 brevius,
1308 4678 1484 4724 Gundlsalvus
1499 4677 1625 4735 Sylveira

391 4753 488 4798 titteris
498 4763 586 4808 snpra,
596 4761 683 4798 annot.
693 4751 734 4795 571)
741 4751 774 4795 ad
786 4763 810 4796 n.
822 4751 881 4808 1569,
892 4751 1050 4795 memoratis.
