3717 5400
402 474 458 533 550
851 474 981 537 Cuaou.
1004 474 1081 536 Soc.
1105 476 1176 549 Jus.

395 634 521 682 eorum
535 620 597 700 qui
611 621 728 684 studia
748 621 952 702 theologica
969 622 1199 700 audivissent,
1221 631 1256 686 et
1276 622 1393 685 studia
1412 622 1576 702 digerere
1590 633 1627 684 et

396 740 519 788 sacros
534 736 699 791 auctores
711 728 833 793 videre
845 726 920 807 jam
932 731 1062 793 vellent
1074 729 1261 809 (pasantes
1272 730 1381 808 vulgo
1393 728 1549 807 vocant),
1563 732 1624 810 qui

396 834 531 896 scilicet
546 832 737 915 Scripturis
751 834 872 900 Sacris
887 854 968 899 cum
987 838 1175 901 doctorum
1192 836 1475 917 expositionibus
1494 849 1625 901 vacant

395 949 430 1003 et
443 940 658 1006 scholastica
673 944 842 1025 referunt,
858 954 892 1008 et
906 943 975 1007 hoc
990 942 1232 1023 Collegiorum
1245 960 1359 1023 genus
1370 944 1494 1007 deesse
1506 942 1623 1008 Socie-

396 1039 461 1101 tati
476 1039 673 1105 videbatur.
689 1040 832 1121 Agebat
846 1052 964 1107 autem
979 1041 1181 1123 praedictus
1195 1042 1318 1106 Abbas
1332 1042 1375 1105 de
1387 1042 1622 1123 quadringen-

396 1146 441 1207 tis
456 1147 574 1210 aureis
593 1149 744 1227 collegio
763 1150 1002 1231 applicandis,
1022 1158 1163 1231 praeter
1185 1149 1327 1213 domum
1345 1150 1569 1213 commodam
1587 1160 1623 1214 et

396 1252 596 1316 ecclesiam.

460 1358 547 1423 1505.
590 1359 679 1425 Cum
696 1362 819 1427 eodem
834 1362 871 1427 P.
888 1362 1083 1429 Francisco
1098 1374 1217 1429 actum
1234 1374 1289 1428 est
1300 1363 1344 1427 de
1356 1363 1566 1445 quibusdam
1580 1364 1626 1427 de

396 1480 518 1530 nostra
534 1466 711 1533 Societate
726 1470 914 1549 Mexicum,
931 1472 1025 1551 quod
1039 1470 1164 1535 Novae
1177 1471 1371 1551 Hispaniae
1392 1470 1542 1535 inludia
1559 1470 1625 1535 Oc·

397 1574 565 1639 cidentali
579 1586 686 1658 caput
700 1587 754 1642 est
771 1575 988 1659 [mittendis];
1005 1587 1039 1642 et
1053 1578 1228 1657 agebatur
1237 1576 1282 1640 de
1293 1578 1445 1657 collegio
1455 1576 1624 1657 quodam,

398 1698 478 1745 cum
505 1682 675 1747 reditibus
689 1685 784 1749 mille
799 1686 1011 1749 ducatorum
1032 1696 1066 1747 et
1087 1685 1238 1765 amplius
1257 1683 1427 1749 Societati
1446 1684 1624 1764 applican-

398 1788 464 1863 dis,
481 1789 576 1869 quod
591 1792 708 1869 pueris
723 1789 941 1855 christianae
955 1790 1138 1855 doctrinae
1159 1801 1306 1855 eatenus
1328 1791 1535 1871 deputatum
1554 1788 1626 1853 fue·

396 1904 464 1973 rat,
480 1896 543 1960 sed
558 1896 641 1961 alibi
655 1898 797 1963 eosdem
814 1916 943 1979 pueros
958 1900 1053 1963 aiere
1067 1908 1102 1962 et
1117 1899 1300 1963 instituere
1314 1898 1480 1962 volebant
1497 1897 1520 1957 ¹.

459 2002 545 2066 1506.
590 2002 673 2069 Dux
688 2006 795 2071 etiam
811 2006 1029 2070 Macchueve
1043 2006 1070 2085 ⁸,
1087 2006 1149 2087 qui
1162 2007 1261 2085 prius
1282 2004 1467 2069 Navarrae
1489 2003 1517 2083 ⁸,
1541 2015 1626 2068 tunc

396 2111 497 2189 regni
513 2110 700 2177 Valentiae
715 2110 737 2191 ⁰,
754 2104 904 2177 Pro-rex
924 2122 1018 2193 erat,
1039 2114 1155 2178 denuo
1169 2112 1208 2175 P.
1228 2112 1461 2177 Franciscum
1476 2112 1626 2191 urgebat

397 2216 432 2279 in
448 2216 577 2297 oppido
592 2234 658 2283 suo
673 2219 716 2283 de
731 2218 927 2299 Turriglios
943 2219 965 2299 ¹,
979 2230 1013 2283 et
1028 2220 1172 2283 domum
1184 2220 1374 2301 quamdam
1385 2220 1562 2298 insignem
1576 2217 1623 2281 oi·

395 2322 543 2402 ferebat,
560 2341 650 2405 quae
666 2343 708 2390 eo
723 2337 881 2407 tempore
896 2344 962 2407 pro
977 2327 1200 2391 xenodochio
1215 2337 1304 2405 erat,
1320 2326 1382 2389 sed
1398 2343 1572 2407 pauperes
1589 2326 1627 2389 iu

397 2431 492 2495 aliud
518 2433 690 2514 hospitale
716 2434 820 2497 vaide
846 2434 1071 2499 commodum
1096 2434 1301 2513 transferre,
1322 2433 1419 2513 quod
1439 2434 1476 2496 in
1500 2432 1625 2497 eodem

395 2548 472 2603 erat
487 2540 630 2621 oppido,
646 2542 800 2621 volebat;
817 2541 860 2605 de
875 2542 1058 2606 dotatione
1073 2542 1181 2606 etiam
1195 2540 1335 2623 agebat.
1359 2539 1429 2605 Sed
1443 2539 1487 2603 de
1502 2540 1546 2603 iis
1565 2541 1627 2603 tri·

395 2646 462 2710 bus
490 2648 671 2728 collegiiS,
707 2665 773 2713 nec
800 2648 844 2712 de
872 2648 972 2726 aliis,
1002 2666 1093 2729 quae
1122 2648 1381 2727 offerebantur,
1419 2646 1505 2711 nihii
1537 2646 1627 2711 certi

397 2752 436 2818 P.
451 2752 666 2820 Franciscus
682 2757 879 2836 constituit;
896 2758 978 2837 quia
993 2757 1238 2838 operariorum
1251 2773 1384 2836 magna
1404 2753 1625 2819 multitudine

397 2878 485 2940 opus
500 2872 577 2927 erat
593 2864 639 2926 ad
653 2879 748 2926 nova
764 2861 965 2943 hujusmodi
979 2863 1128 2942 collegia
1143 2861 1354 2926 inchoanda.

460 2967 547 3034 1507.
591 2969 825 3044 Testimonia,
842 2987 934 3052 quae
953 2970 991 3034 P.
1012 2970 1172 3049 ignatius
1190 2987 1235 3032 ex
1254 2968 1428 3049 Hispania
1448 2978 1482 3032 et
1502 2967 1626 3032 Portu·

395 3075 504 3156 gallia
525 3075 657 3140 adferri
676 3079 802 3154 voluit,
820 3095 891 3140 non
911 3081 1025 3142 solum
1045 3076 1089 3141 ob
1110 3077 1290 3140 decretum
1312 3075 1522 3140 Parisiensis
1542 3076 1625 3140 Uni·

396 3183 590 3264 versitatis
608 3185 670 3248 sed
685 3183 792 3248 etiam
807 3193 845 3247 ut
860 3183 1005 3248 Summo
1021 3182 1181 3247 Pontifici
1195 3181 1306 3246 Paulo
1321 3182 1382 3259 IV,
1400 3183 1430 3244 si
1444 3183 1528 3262 quid
1544 3200 1627 3245 con·

398 3300 454 3354 tra
469 3289 684 3356 Societatem
703 3294 898 3368 moliretur,
921 3290 1059 3354 ostendi
1081 3299 1243 3370 possent,
1264 3288 1303 3353 P.
1323 3289 1538 3353 Franciscus
1551 3288 1626 3352 diii·

396 3407 521 3478 genter
536 3399 688 3477 curavit;
706 3399 802 3461 etita
820 3415 865 3460 ex
881 3398 950 3461 iilis
964 3396 1097 3476 regnis,
1114 3409 1188 3460 tum
1203 3397 1417 3477 Principum,
1433 3405 1508 3459 tum
1524 3396 1625 3460 Prae-

396 3505 561 3584 latorum,
578 3513 651 3568 tum
668 3505 830 3578 aliorum,
848 3505 907 3584 qui
927 3505 1138 3568 auctoritate
1158 3504 1317 3583 insignes
1337 3514 1456 3582 erant,
1482 3503 1626 3567 obtenta

397 3618 432 3674 et
445 3612 554 3676 missa
569 3610 711 3676 suerunt
725 3609 749 3671 ⁶.

457 3717 545 3780 1508.
589 3717 680 3798 Quia
713 3717 751 3783 P.
788 3719 949 3799 ignatius
980 3717 1023 3782 de
1057 3718 1270 3782 remittendo
1303 3717 1339 3782 in
1371 3716 1625 3796 Portugalliam

436 3999 444 4032 ¹
473 3997 512 4042 De
523 3998 563 4052 iis,
573 4009 639 4053 quse
650 3998 699 4042 hoc
709 4009 733 4040 ιι.
742 4004 769 4042 et
779 3997 946 4051 praecedenti
955 3997 1128 4050 continentur,
1138 3995 1281 4050 scripserat
1292 3995 1395 4050 Ignatio
1406 3996 1434 4041 P.
1445 3996 1636 4056 Bustsnmtei

394 4071 435 4114 cui
445 4070 592 4124 respondet,
603 4081 636 4112 ex
645 4081 721 4122 corn„
735 4069 999 4122 Poiancus13.⁸Jnuii
1010 4069 1086 4123 hujus
1096 4069 1157 4113 snut
1172 4069 1231 4112 1555:
1248 4067 1363 4112 ‘Cranto
1373 4070 1399 4112 si
1410 4067 1517 4123 Cotegio
1533 4069 1565 4114 de
1577 4067 1627 4114 Ps·

393 4147 481 4187 santes
492 4143 532 4186 dei
543 4143 620 4186 Absd
630 4142 662 4186 de
673 4141 807 4196 compluto
817 4155 834 4198 y
844 4144 868 4185 ei
883 4142 914 4185 de
928 4141 1027 4185 Mexico
1041 4153 1059 4197 y
1073 4148 1153 4195 otrus,
1168 4142 1193 4184 ei
1207 4140 1236 4184 P.
1251 4137 1392 4184 Francisco
1406 4141 1489 4194 podra
1502 4141 1625 4186 determi-

394 4226 470 4260 nsrse
486 4227 502 4270 y
516 4215 596 4258 hacet·
611 4217 635 4258 io
650 4226 698 4268 que
714 4215 773 4257 bien
789 4215 813 4258 le
824 4214 958 4268 pareciere
972 4215 1001 4256 in
1016 4211 1140 4263 Domino,
1150 4215 1167 4255 d
1177 4212 1253 4267 quien
1268 4213 1346 4267 piegs
1356 4215 1373 4255 d
1382 4212 1456 4255 todos
1466 4213 1515 4256 dar
1524 4225 1555 4257 su
1564 4223 1624 4268 trs·

395 4289 436 4332 eis
446 4299 513 4342 pars
522 4288 605 4332 sentir
615 4299 632 4344 y
642 4286 752 4338 cumpiir
762 4287 874 4340 siempre
885 4297 915 4330 su
925 4285 1061 4330 unttsims
1072 4285 1224 4338 volunta„

434 4359 445 4390 ⁸
473 4359 524 4414 διας
535 4367 575 4404 est
586 4365 673 4403 sutem
683 4357 834 4412 usqueuse,
845 4358 879 4401 de
889 4357 1116 4412 nauseamentis
1133 4357 1188 4411 jam
1203 4356 1308 4412 saepius
1322 4357 1418 4401 mentio
1432 4356 1523 4401 incidit
1537 4358 1564 4402 in
1577 4358 1627 4401 boc

397 4431 532 4476 Chronico.

434 4505 446 4538 ⁸
473 4505 540 4548 Vide
550 4515 638 4559 snpra,
649 4509 668 4547 t.
680 4514 705 4555 ιι,
716 4513 776 4558 pag.
785 4501 834 4556 806,
845 4513 869 4546 ιι.
877 4501 924 4545 202.

434 4577 446 4608 ⁴
473 4576 540 4619 Vide
549 4587 636 4630 supra,
647 4583 666 4618 t.
677 4587 714 4628 ιιι,
725 4586 785 4631 pag.
795 4575 843 4630 ³7³,
855 4587 878 4618 n.
887 4575 936 4618 Bw.

434 4647 446 4680 ⁸
473 4646 524 4700 Sic;
539 4647 665 4702 Torrr'jos.
676 4647 741 4691 Vide
752 4657 839 4702 supra,
851 4655 869 4691 t.
881 4657 907 4700 tt,
917 4658 978 4702 pag.
986 4646 1034 4698 w,
1044 4659 1068 4690 ιι.
1079 4647 1127 4690 281.

434 4717 447 4750 ⁶
474 4720 542 4764 Vide
553 4731 640 4774 snpra.
651 4731 710 4775 pag.
722 4721 756 4767 11.
768 4731 791 4763 n.
803 4719 834 4773 12;
846 4724 872 4762 et
882 4719 999 4774 pausat,
1011 4731 1035 4763 ιι.
1045 4719 1093 4763 870.
