3717 5400
825 490 889 547 ΑΝ.
911 489 982 548 tom
1467 486 1519 545 167

345 631 415 697 482.
460 631 590 697 Schola
605 635 773 716 frequens
786 652 857 698 non
871 648 960 699 erat:
978 636 1040 698 vix
1055 636 1100 698 ad
1116 633 1371 713 quinquaginta
1385 635 1444 694 vel
1465 649 1517 694 se-

279 740 432 819 xaginta
448 742 742 806 scholasticorum
756 760 925 806 numerus
940 742 1164 805 ascendebat.
1188 739 1258 804 Sed
1273 741 1322 803 illi
1336 740 1373 802 in
1387 739 1518 818 pietate
1559 723 1562 730 ’

279 863 329 908 ac
344 847 500 910 moribus
515 849 659 928 egregie
675 850 915 929 proficiebant,
932 859 968 913 et
983 859 1057 912 tam
1073 847 1277 911 obedientes
1291 854 1395 909 erant
1408 844 1517 925 majo·

285 970 344 1016 res
357 966 454 1028 natu,
471 965 510 1017 ut
525 956 672 1036 siquem
687 957 797 1019 verbo
813 965 874 1019 aut
887 955 984 1019 facto
1000 955 1240 1034 offendissent,
1258 954 1304 1016 ad
1315 953 1458 1016 veniam
1473 953 1517 1015 ab

278 1077 329 1123 eo
343 1061 543 1141 petendam,
560 1064 711 1143 genibus
725 1063 837 1143 flexiS,
850 1064 959 1127 etiam
971 1063 1017 1127 ad
1028 1063 1136 1143 pedes
1148 1061 1371 1140 osculandos,
1385 1061 1416 1123 si
1428 1076 1518 1142 opus

284 1178 389 1247 esset,
407 1170 524 1248 parati
538 1181 652 1233 erant.
669 1171 707 1234 In
728 1172 857 1234 litteris
878 1171 985 1234 etiam
1005 1171 1093 1233 bene
1115 1169 1357 1250 proficiebant;
1383 1179 1517 1231 etcum

277 1276 431 1339 aestatis
446 1286 604 1356 tempore
619 1279 655 1340 in
670 1294 768 1340 more
782 1278 937 1341 habeant
951 1277 1081 1341 Veneti
1103 1277 1149 1340 ad
1164 1277 1268 1340 villas
1290 1273 1515 1350 continentis,

279 1382 393 1445 animi
409 1400 529 1462 causa,
546 1386 679 1464 egredi,
696 1385 755 1448 ubi
769 1384 873 1448 facile
888 1395 965 1448 erat
980 1385 1141 1448 oblivisci
1154 1400 1244 1464 quae
1255 1382 1356 1462 prius
1368 1381 1403 1444 in
1415 1380 1516 1444 scho-

284 1487 327 1550 lis
342 1487 557 1569 didicissent,
574 1493 679 1571 pauci
694 1510 739 1555 ex
753 1493 866 1555 nostri
881 1491 1031 1570 Collegii
1043 1490 1265 1554 scholasticis
1280 1488 1326 1552 ad
1338 1486 1516 1568 hujusmo-

276 1593 319 1656 di
334 1596 438 1659 villas
452 1597 676 1676 recedebant;
693 1601 751 1661 vel
765 1608 902 1662 tantum
918 1616 988 1661 uno
1003 1607 1065 1661 aut
1079 1601 1192 1661 altero
1208 1597 1276 1671 die,
1293 1595 1365 1658 cito
1385 1594 1517 1658 reditu·

289 1702 332 1778 ri,
349 1703 385 1765 id
400 1703 467 1766 sibi
486 1704 573 1783 ipsis
595 1705 837 1784 indulgebant.
858 1705 940 1786 Ipso
965 1705 1021 1767 die
1040 1703 1099 1768 Sl*
1126 1704 1239 1766 Marci
1262 1713 1336 1766 tam
1361 1701 1450 1764 bene
1474 1719 1518 1764 ac

286 1809 445 1872 modeste
465 1811 555 1874 duas
579 1814 760 1875 orationes
782 1813 818 1875 in
843 1813 996 1874 ecclesia
1016 1821 1138 1874 nostra
1160 1809 1453 1890 pronunciarunt‚
1479 1818 1517 1871 ut

285 1918 553 1995 ‘spectatoribus
567 1927 686 1982 essent
701 1920 940 1982 admirationi.

349 2023 419 2086 483.
461 2024 610 2106 Juvenis
626 2025 780 2106 quidam,
798 2027 859 2107 qui
879 2043 1009 2105 graece
1028 2027 1149 2104 legere
1170 2041 1213 2086 ac
1235 2023 1331 2103 loqui
1352 2031 1514 2101 noverat,

290 2134 327 2195 in
341 2130 555 2196 Societatem
569 2134 746 2196 admissus
760 2143 824 2196 est.
842 2134 915 2196 Alii
929 2133 999 2196 duo
1014 2135 1072 2195 vel
1092 2142 1164 2195 tres
1186 2148 1318 2211 magno
1340 2131 1517 2194 desiderio

288 2238 510 2319 ingrediendi
537 2249 681 2303 nostros
709 2242 916 2321 pulsabant,
953 2240 1117 2320 quamvis
1146 2238 1180 2301 id
1210 2239 1261 2301 eis
1289 2254 1362 2301 non
1391 2253 1514 2300 conce·

286 2346 440 2409 deretur.

344 2451 415 2514 484.
458 2451 549 2516 Octo
564 2454 622 2516 vel
637 2471 766 2517 novem
781 2473 827 2517 ex
840 2455 973 2518 nostris
987 2463 1100 2533 erant,
1118 2463 1259 2531 praeter
1274 2451 1431 2530 hospites
1451 2449 1515 2512 Pa·

284 2557 439 2636 tavinos,
456 2557 499 2622 de
513 2561 642 2640 quibus
656 2562 819 2641 superius
832 2562 966 2624 mentio
981 2560 1076 2623 facta
1092 2570 1145 2623 est
1163 2560 1187 2638 Ι;
1204 2567 1372 2622 ettamen
1388 2558 1514 2621 domus

281 2666 439 2730 nondum
456 2667 613 2731 stabilita
628 2676 716 2745 erat,
737 2685 803 2731 nec
822 2669 900 2747 ipsa
918 2669 1081 2731 ecelesia.
1104 2666 1213 2731 Immo
1234 2667 1304 2729 duo
1324 2663 1514 2730 Societatis

284 2773 402 2851 amici,
430 2774 581 2853 scilicet,
602 2773 648 2839 D.
668 2774 877 2838 Dominicus
895 2774 1102 2839 Loredanus
1125 2792 1167 2837 ac
1190 2774 1235 2837 D.
1260 2772 1417 2836 Annibal
1435 2770 1513 2835 Gri-

285 2881 406 2943 sonius
431 2879 454 2959 ³,
480 2881 578 2944 Patri
598 2882 746 2945 Caesari
767 2882 1014 2963 significarunt
1035 2882 1129 2962 quod
1151 2882 1339 2960 diligenter
1365 2896 1512 2942 curave-

283 3000 365 3050 rant
379 2985 424 3050 D.
441 2986 601 3052 Priorem
623 2990 790 3053 inducere
813 2991 859 3053 ad
880 2990 1108 3053 donationem
1130 2988 1301 3051 ecclesiae
1323 3004 1366 3050 ac
1386 2986 1511 3050 domus

282 3094 317 3157 in
333 3112 436 3158 usum
451 3095 600 3175 Collegit
615 3095 827 3176 faciendam;
843 3116 909 3160 nec
924 3108 1043 3160 tamen
1058 3097 1094 3159 id
1107 3097 1297 3176 impetrare
1308 3102 1508 3174 potuerant.

276 3200 445 3265 Addebat
460 3213 494 3265 et
510 3202 712 3283 GrisoniuS,
730 3204 760 3266 si
782 3204 910 3284 aliquis
931 3223 976 3266 ex
998 3203 1177 3284 primariis
1197 3200 1385 3265 Societatis
1399 3200 1510 3263 Patri-

279 3308 356 3387 bus,
374 3308 570 3389 cujusmodi
585 3321 662 3373 erat
677 3310 715 3372 P.
732 3312 876 3391 Laynez
896 3321 958 3374 aut
977 3310 1014 3373 P.
1032 3309 1229 3387 Salmeron,
1246 3310 1304 3371 vel
1323 3308 1355 3370 ei
1377 3308 1510 3371 similes

281 3412 453 3478 Venetias
471 3417 668 3495 venissent,
689 3417 793 3480 facile
812 3417 889 3480 fore
908 3428 946 3480 ut
966 3416 1093 3497 aliquis
1119 3416 1210 3479 alius
1235 3424 1439 3478 moveretur
1465 3416 1527 3492 ad¹

272 3521 396 3583 ¹locum
416 3523 569 3602 aliquem
583 3524 749 3587 idoneum
763 3524 798 3587 in
814 3525 892 3604 ipsa
902 3523 1101 3604 frequentia
1118 3522 1266 3585 urbisin
1281 3539 1383 3586 usum
1399 3520 1509 3585 Colle-

277 3628 330 3706 gii
346 3628 560 3693 donandum:
577 3648 681 3711 quem
696 3632 788 3694 enirn
804 3631 916 3694 nostri
931 3632 1108 3709 tenebant,
1126 3631 1230 3693 valde
1241 3638 1416 3693 remotum
1431 3646 1510 3692 esse

280 3742 315 3796 et
328 3735 590 3800 incommodum
605 3738 650 3801 ad
665 3737 866 3819 hujusmodi
879 3738 1115 3817 frequentiam
1131 3736 1334 3799 censebant.

340 3840 411 3905 485.
454 3842 622 3908 Redierat
636 3844 809 3908 Venetias
823 3845 868 3908 D.
885 3845 1038 3908 Michael
1052 3844 1242 3922 SurianuS,
1259 3844 1320 3924 qui
1335 3842 1428 3923 apud
1443 3841 1508 3905 Re·
1543 3929 1544 3933 Ἰ

274 3964 360 4027 gem
375 3948 618 4013 Romanorum
632 3968 719 4015 suae
733 3951 961 4032 Reipublicae
975 3950 1133 4031 Legatus
1146 3950 1274 4025 fuerat,
1290 3958 1326 4012 et
1346 3966 1437 4011 cum·
1449 3948 1507 4011 ille
1538 3966 1540 3971 ·

277 4055 441 4120 Viennae
455 4058 589 4121 nostris
604 4058 842 4139 significasset
857 4076 894 4122 se
909 4058 1072 4122 Venetiis
1086 4058 1264 4121 facturum
1278 4057 1313 4119 in
1329 4056 1509 4120 executio-

273 4180 320 4226 ne
334 4165 543 4227 testamenti
557 4166 612 4227 sui
628 4183 671 4228 ac
685 4167 800 4228 nostri
814 4164 949 4243 fratris,
970 4164 1100 4244 Angeli
1122 4163 1276 4244 Susiani,
1298 4163 1393 4243 quod
1414 4162 1506 4226 ratio

273 4271 478 4350 postulabat
493 4269 516 4349 ⁵,
533 4272 655 4335 invisit
669 4289 749 4335 eum
766 4272 802 4336 P.
820 4273 965 4351 Caesar,
982 4282 1016 4334 et
1035 4272 1172 4351 redegit
1188 4272 1220 4333 ei
1235 4272 1272 4334 in
1297 4270 1505 4333 memoriam

313 4515 321 4546 ¹
350 4514 495 4559 Patavinae
504 4515 619 4569 hospites
628 4516 672 4558 hic
686 4520 765 4558 vocat
780 4516 909 4559 Polancus
923 4526 977 4564 eos,
993 4514 1037 4569 qui
1053 4515 1113 4558 dum
1130 4514 1234 4557 Patavii
1249 4514 1330 4568 pestis
1346 4513 1505 4567 saeviebat„

268 4587 379 4641 ideoque
389 4587 495 4631 scholae
505 4588 610 4631 clausae
621 4592 705 4639 erant,
717 4586 843 4630 venetius
853 4597 881 4629 se
891 4587 1064 4631 contulerunt.
1077 4586 1142 4629 Vide
1153 4596 1240 4639 supra,
1251 4596 1311 4639 pag.
1325 4584 1372 4636 toa,
1383 4596 1408 4628 ιι.
1418 4584 1466 4628 471.

313 4659 326 4689 ¹
352 4658 418 4703 Vide
429 4669 516 4713 supra,
527 4664 590 4713 t.1v,
598 4668 658 4713 pag.
670 4658 717 4711 126,
727 4670 750 4701 n.
759 4658 807 4702 250.

313 4731 325 4762 ὅ
351 4731 418 4775 Vide
428 4741 517 4785 supra,
528 4738 546 4774 t.
555 4740 593 4785 nr,
603 4741 663 4784 pag.
671 4730 719 4783 264,
730 4742 755 4773 ιι.
765 4730 812 4781 538,
824 4737 921 4784 ett.1v,
932 4742 992 4786 pag.
1003 4731 1050 4785 268,
1062 4736 1151 4777 annot,
1161 4730 1182 4773 2.
