3717 5400
774 507 839 566 Art·
861 507 932 566 laus
1413 505 1469 567 625

233 654 525 720 celebrabantur:
548 653 636 718 adeo
656 661 694 716 ut
713 653 750 716 in
766 651 920 733 quodam
942 651 1071 733 oppido
1086 651 1340 716 Lusitanorum
1361 648 1467 730 hujus

240 762 400 826 Ducatus
421 757 480 825 ΒΜ
500 759 691 836 Vincentii,
714 759 808 841 quod
833 759 985 823 aliorum
999 767 1107 840 caput
1128 767 1200 838 est,
1223 775 1347 823 coram
1372 757 1469 822 omni

238 869 371 950 populo
386 867 539 932 lusitano
558 884 650 932 unus
673 865 880 931 interfectus
894 867 957 945 sit;
978 883 1045 930 nec
1063 867 1178 930 solum
1192 866 1242 929 itti
1260 882 1333 930 non
1352 882 1469 946 repre·

242 974 455 1055 bendebant,
472 975 536 1038 sed
553 991 676 1038 omnes
691 973 765 1037 fere
785 971 831 1036 ad
846 974 915 1036 tale
936 975 1177 1054 spectaculum
1197 973 1468 1051 conveniebant,

243 1093 278 1146 et
296 1081 390 1164 quod
405 1083 596 1162 gerebatur
612 1081 827 1162 probabant;
845 1097 936 1161 quae
954 1097 1013 1144 res
1032 1081 1318 1160 catechumenos
1339 1081 1398 1160 qui
1417 1079 1471 1144 Pi·

243 1189 445 1268 ratiningae
466 1188 715 1267 versabantur,
735 1187 787 1251 sic
805 1187 978 1266 accendit,
996 1196 1035 1251 ut
1056 1197 1091 1251 et
1112 1187 1181 1268 ipsi
1199 1188 1236 1252 in
1250 1188 1380 1252 bellum
1393 1205 1465 1268 per·

238 1305 381 1376 gerent,
397 1297 535 1376 aliquos
550 1313 595 1360 ex
610 1295 768 1358 hostibus
783 1295 933 1374 capturi,
946 1294 1075 1375 quibus
1087 1295 1125 1358 in
1139 1295 1200 1358 via
1212 1291 1472 1378 [occurrerunt]

246 1401 390 1484 quidam
409 1402 636 1467 brasilienses
656 1401 846 1466 admodum
870 1401 939 1464 ieri
959 1400 1141 1482 (papavas
1163 1418 1226 1465 eos
1247 1411 1393 1480 vocant,
1413 1403 1474 1484 qui

246 1527 390 1591 semper
405 1509 443 1573 in
458 1509 571 1590 sylvis
586 1507 775 1588 habitant),
792 1525 837 1571 ex
852 1508 979 1588 quibus
993 1507 1083 1571 duos
1097 1517 1280 1590 ceperunt,
1297 1527 1363 1573 nec
1382 1510 1473 1573 ultra

245 1615 441 1698 progressi,
466 1615 622 1692 domurn,
648 1615 820 1680 occissuri
846 1631 955 1679 unum
980 1632 1026 1678 ex
1045 1615 1149 1696 ipsis,
1172 1617 1340 1680 continuo
1367 1617 1475 1680 redie-

251 1733 348 1788 runt.

315 1829 402 1894 1711.
445 1829 541 1894 Misit
572 1845 659 1910 ergo
688 1829 748 1910 qui
775 1840 940 1910 praeerat
968 1829 1120 1894 caeteris
1149 1829 1389 1910 Piratiningae
1414 1830 1479 1909 (de

250 1937 354 2019 cujus
369 1937 436 2000 fide
451 1937 565 2002 nostri
580 1937 709 2000 bonam
729 1953 828 2017 spem
847 1939 1098 2018 conceperant)
1119 1935 1128 1966 ¹
1144 1938 1288 2002 nuntios
1309 1947 1347 2001 ut
1364 1937 1479 2016 funes,

249 2063 385 2126 ensem,
402 2045 539 2125 lignum
554 2053 588 2108 et
603 2044 751 2124 reliqua,
768 2043 894 2124 quibus
909 2044 945 2108 in
961 2045 1022 2108 tali
1037 2046 1182 2125 negotio
1196 2045 1248 2109 uti
1263 2049 1390 2124 solent,
1407 2047 1482 2111 dili·

248 2161 380 2235 genter
398 2161 667 2234 praepararent,
695 2160 729 2214 et
749 2168 847 2214 more
862 2150 1042 2230 gentilico,
1059 2168 1181 2215 coram
1202 2153 1351 2232 nostris,
1373 2155 1481 2236 capti·

254 2277 341 2324 vum
355 2261 451 2324 illum
474 2259 651 2322 hominem
673 2257 871 2321 interficere
890 2258 1069 2321 volebant.
1090 2258 1345 2325 catechumeni
1364 2270 1481 2326 autem

252 2368 387 2432 caeteri
411 2376 446 2429 et
471 2366 532 2429 alii
555 2365 796 2443 brasilienses,
821 2364 880 2445 qui
904 2381 1053 2445 peregre
1078 2376 1267 2445 venerant,
1289 2369 1483 2432 laetissimo

251 2475 376 2538 animo
403 2475 472 2537 hoc
500 2474 677 2550 nuntium,
704 2472 798 2551 quod
826 2472 993 2551 antiquae
1021 2472 1267 2537 consuetudini
1295 2486 1330 2537 et
1360 2475 1484 2557 depra-

256 2593 341 2646 vato
358 2580 499 2645 affectui
514 2579 760 2658 conveniebat,
777 2589 1002 2658 acceperunt.
1020 2579 1069 2643 At
1084 2581 1197 2645 nostri
1211 2600 1273 2645 eos
1285 2594 1448 2648 avertere
1463 2603 1485 2648 a

259 2688 396 2753 nefario
425 2688 493 2751 hoc
518 2689 652 2751 scelere
681 2686 890 2765 studebant,
921 2704 1016 2751 nunc
1044 2689 1239 2753 mansuetis
1267 2691 1388 2755 verbis
1418 2690 1487 2757 Dei

260 2804 409 2875 utenteS,
426 2810 519 2858 nunc
534 2812 573 2857 se
587 2810 792 2859 recessuros
805 2792 1027 2874 Piratininga
1038 2795 1225 2875 minantes;
1241 2797 1304 2860 sed
1315 2798 1487 2879 deprava·

262 2904 476 2979 tosanimos
500 2900 641 2965 flectere
666 2918 736 2963 non
760 2910 935 2981 poterant.
963 2900 1062 2965 Tunc
1087 2920 1214 2967 manus
1234 2903 1431 2985 inJ'ecerunt
1452 2908 1490 2971 in

259 3011 410 3073 aductos
439 3019 473 3071 et
499 3018 642 3087 captum
661 3007 840 3071 hominem
859 3008 957 3071 illum
981 3020 1159 3088 negarunt
1188 3010 1215 3090 ¹,
1241 3021 1275 3073 et
1299 3030 1431 3093 magna
1453 3015 1490 3077 vi

259 3136 307 3181 ex
331 3116 520 3180 ferentium
545 3115 705 3177 manibus
731 3114 998 3193 absterserunt,
1022 3117 1187 3197 domique
1212 3119 1489 3201 absconderunt.

262 3224 416 3305 Lignum
442 3233 561 3286 autem
583 3233 617 3285 et
643 3238 763 3285 ensem
787 3222 869 3284 licet
893 3232 1104 3303 extorquere
1133 3241 1204 3288 non
1223 3229 1414 3306 potuerint,
1442 3240 1491 3293 ta·

263 3349 345 3395 men
366 3348 410 3399 ne
433 3330 478 3393 ad
493 3330 591 3392 illum
603 3327 830 3408 praesectum
849 3328 1065 3408 perferretur
1083 3330 1287 3409 effecerunt,
1309 3336 1404 3415 quod
1423 3336 1492 3415 i11e,

263 3454 373 3518 aegre
388 3438 518 3511 serens,
535 3436 662 3499 falcem
677 3435 817 3515 magnis
832 3435 1047 3499 clamoribus
1057 3439 1217 3517 petebat,
1233 3458 1304 3521 qua
1316 3441 1495 3506 hominem

266 3546 363 3609 illurn
377 3543 555 3607 occideret
570 3552 603 3605 et
618 3553 760 3605 nostros
775 3542 916 3621 magnis
930 3544 1104 3607 conviciis
1126 3546 1386 3625 perscindebat.
1410 3546 1497 3629 Ejus

267 3668 391 3714 socrus
406 3660 440 3713 et
455 3666 545 3713 uxor
561 3648 692 3711 nostris
707 3648 840 3711 auxilio
856 3658 970 3727 erant,
985 3658 1018 3712 et
1030 3666 1153 3716 earum
1170 3670 1279 3733 opera
1291 3664 1326 3716 et
1338 3656 1442 3720 minis
1454 3676 1499 3721 ac

269 3757 432 3838 precibus
448 3757 593 3819 domum
613 3754 814 3835 praefectus
828 3756 885 3819 ille
902 3756 1074 3821 deductus
1096 3760 1161 3822 fuit
1182 3770 1217 3823 et
1236 3762 1280 3823 ab
1300 3762 1412 3842 ipsius
1426 3782 1498 3828 ma·

269 3865 372 3927 nibus
388 3863 500 3927 hostis
518 3861 583 3926 fuit
603 3862 783 3941 liberatus,
804 3863 867 3925 sed
892 3864 928 3925 in
952 3865 1068 3928 locum
1090 3866 1215 3947 aliurn,
1240 3868 1376 3933 duobus
1390 3872 1501 3936 leucis

272 3970 491 4049 Piratininga
517 3969 722 4048 distantem,
750 3969 886 4033 deferre
911 3971 1093 4052 captivum
1118 3974 1175 4036 ille
1200 3977 1342 4040 volebat
1369 3988 1407 4043 ut
1432 3979 1500 4042 ritu

269 4078 439 4159 gentilico
456 4094 536 4140 eum
551 4076 739 4139 occideret.
760 4076 884 4157 Itaque
902 4076 1010 4142 facile
1029 4078 1110 4143 fidei
1129 4098 1216 4145 suae
1230 4086 1288 4147 vel
1309 4085 1501 4151 simulatio·

271 4203 351 4249 nem
366 4186 424 4247 vel
439 4164 535 4247 certe
551 4182 768 4247 debilitatem
783 4184 871 4246 satis
887 4185 1040 4249 ostendit
1055 4196 1090 4249 et
1106 4187 1182 4266 ipse
1201 4199 1236 4253 et
1256 4190 1317 4254 alii
1340 4192 1504 4257 catechu-

273 4292 367 4357 meni
384 4291 429 4355 ad
445 4290 615 4373 pristinos
630 4306 748 4353 mores
762 4289 932 4355 effrenate
946 4293 1138 4358 redeundo.

317 4533 325 4565 ¹
354 4530 452 4576 Nomen
461 4530 520 4573 huic
531 4536 588 4574 erat
600 4528 726 4575 Martinus
738 4532 861 4575 Attonsus
872 4532 902 4575 de
912 4532 998 4579 Mello.
1009 4534 1216 4588 Vascorcrntos.
1229 4542 1245 4583 1.
1256 4552 1287 4591 c..
1299 4554 1323 4585 n.
1335 4543 1384 4587 1⁹7.

317 4604 329 4635 ¹
357 4602 399 4647 Sic
411 4602 545 4657 perspicue
555 4602 692 4645 adrandum
705 4602 728 4645 in
741 4614 778 4645 rna
788 4616 793 4653 ;
805 4604 866 4647 iicet
877 4612 965 4649 antem
976 4618 1027 4649 vox
1038 4607 1084 4653 iila
1095 4610 1206 4653 aductus
1217 4614 1401 4661 emendeturet
1411 4616 1511 4662 scriba·

279 4686 321 4721 tur
332 4676 472 4723 adductos,
480 4686 583 4717 sensum
595 4682 679 4717 tamen
692 4686 740 4719 non
752 4678 876 4731 capimus.
896 4676 971 4721 Esset
983 4690 1045 4723 vero
1061 4691 1151 4725 sensns
1161 4682 1209 4733 his,
1219 4695 1284 4737 quac
1295 4687 1310 4728 1.
1321 4698 1343 4729 c.
1355 4696 1447 4735 narrat
1458 4689 1514 4735 Va·

278 4750 430 4796 sconcoitos,
444 4746 590 4793 conformis.
602 4746 624 4789 si
637 4756 687 4789 vox
699 4750 833 4799 negarunt
845 4748 990 4792 tolleretur.

436 4832 474 4897 T,
491 4850 523 4891 v.
1129 4837 1132 4845 '
1332 4866 1369 4917 40
