3717 5400
802 483 866 543 Art.
887 484 957 543 trau
1441 482 1503 543 713¹

265 632 382 697 minus
397 632 582 713 urgebant;
599 632 663 696 sed
677 649 759 696 cum
772 633 809 696 in
822 631 912 710 Deo,
935 649 1006 695 uon
1026 630 1062 695 in
1077 629 1279 711 hujusmodi
1292 645 1492 710 propugna-

267 739 415 818 toribus,
431 757 530 820 spem
544 740 785 804 constituisset
799 739 837 803 P.
854 738 1037 817 Melchior,
1054 738 1156 801 abeo
1178 737 1317 801 liberati
1336 745 1434 815 sunt;
1458 746 1493 799 et

266 863 348 909 cum
361 848 409 910 ad
422 864 552 911 navem
565 847 663 911 illam
676 863 845 927 magnam
862 846 1098 912 lusitanorum
1112 844 1341 923 accederent,
1369 860 1496 908 omnes

267 952 304 1017 hi
317 954 455 1033 piratae
473 964 707 1019 recesserunt.

331 1060 419 1125 1990.
463 1060 531 1141 Qui
545 1073 665 1126 autem
684 1063 733 1126 illi
752 1063 837 1126 navi
855 1072 1036 1143 praeerat,
1060 1062 1202 1125 nomine
1223 1058 1428 1123 Ludovicus
1449 1058 1495 1121 de

269 1168 443 1247 Almeida,
464 1170 586 1233 statim
604 1187 706 1233 suam
727 1170 824 1234 dedit
848 1170 1020 1250 scapham
1039 1184 1120 1231 cum
1139 1166 1337 1231 hominibus
1359 1174 1394 1228 et
1415 1165 1494 1229 aliis

267 1276 480 1340 necessariis
504 1276 550 1341 ad
574 1277 757 1356 navigium
782 1294 827 1341 ex
848 1278 917 1341 illis
938 1276 1036 1339 saxis
1059 1276 1263 1352 eruendum,
1294 1282 1327 1337 et
1351 1290 1494 1337 omnem

267 1399 369 1447 suam
390 1401 535 1463 operam
556 1394 591 1447 et
610 1386 731 1447 navim
751 1385 887 1447 obtulit.
914 1384 1004 1449 Cum
1027 1394 1144 1447 autem
1163 1382 1201 1446 P.
1223 1380 1392 1445 Melchlor
1412 1395 1493 1443 cum
1567 1365 1571 1375 ’

267 1490 374 1553 sociis
388 1491 434 1553 ad
448 1492 565 1555 lucum
580 1493 802 1573 accederent,
818 1494 879 1557 ubi
893 1509 1023 1556 navem
1045 1508 1146 1555 suam
1167 1490 1398 1570 reliquerant,
1419 1474 1499 1567 jam'

267 1606 369 1660 extra
385 1614 473 1661 saxa
491 1614 684 1679 egressam,
701 1600 779 1664 Deo
794 1598 997 1679 adjuvante,
1022 1609 1056 1661 et
1073 1598 1247 1677 navigare
1268 1596 1493 1675 incipientem

267 1702 491 1769 invenerunt.

330 1810 418 1874 1991.
465 1812 532 1874 14.ιι
545 1812 703 1893 ejusdem
717 1816 851 1879 mensis
864 1814 909 1877 ad
920 1815 1073 1879 insulam
1084 1813 1305 1878 Pulotioman
1318 1810 1327 1841 ¹
1340 1808 1494 1889 ingressi

267 1927 360 1995 sunt,
377 1929 412 1982 et
426 1922 580 1999 quinque
594 1938 640 1983 ex
655 1922 773 1985 nautis
791 1938 1014 2002 summopere
1032 1920 1244 1985 necessariis
1257 1918 1435 1997 fugerunt,
1458 1924 1493 1977 et

267 2042 392 2105 parum
407 2027 517 2089 abluit
528 2027 613 2106 quin
626 2028 822 2093 inciderent
836 2030 873 2092 in
884 2028 1031 2093 insidias
1043 2028 1276 2109 quorumdam
1288 2023 1492 2099 infidelium,

267 2140 302 2195 et
316 2132 426 2196 frater
440 2145 561 2197 noster
575 2134 820 2199 Ferdinandus
834 2136 982 2200 Mendez
1000 2136 1065 2199 luit
1085 2143 1221 2215 captus.
1244 2134 1288 2197 Et
1304 2130 1391 2219 [qui]
1411 2146 1492 2193 con·

268 2240 412 2303 stitutus
427 2241 542 2304 luerat
553 2242 689 2321 navigii
704 2242 915 2323 praefectus,
932 2244 1154 2323 despondens
1170 2242 1337 2317 animum,
1352 2238 1491 2302 nolebat

270 2348 416 2411 ulterius
440 2350 608 2429 progredi
628 2368 695 2413 nec
716 2350 831 2415 officio
849 2368 913 2415 suo
933 2351 1051 2430 lungi;
1075 2350 1137 2414 sed
1157 2349 1326 2429 patientia
1348 2364 1392 2409 ac
1413 2363 1492 2426 pru·

267 2454 385 2517 dentia
400 2454 438 2517 P.
455 2454 658 2521 Melchioris
673 2456 837 2521 effectum
851 2469 905 2522 est
919 2468 957 2523 ut
972 2459 1119 2521 ulterius
1133 2464 1309 2536 pergeret.

328 2559 417 2624 1992.
460 2561 633 2641 Quartum
647 2564 713 2627 fuit
727 2566 922 2653 periculum
937 2566 972 2628 in
988 2582 1099 2645 regno
1117 2564 1271 2627 Patenae
1286 2566 1308 2635 ¹,
1326 2578 1395 2643 quo
1415 2577 1492 2641 per·

266 2678 440 2733 venerunt
460 2679 560 2734 sexta
584 2670 679 2752 Maji,
706 2674 766 2737 ubi
790 2672 1037 2739 Ferdinandus
1058 2672 1205 2736 Mendez
1228 2671 1360 2735 donum
1384 2668 1493 2750 quod·

267 2775 349 2838 dam
363 2775 453 2856 Regi
468 2777 604 2855 obtulit,
620 2780 679 2844 cui
693 2790 797 2844 notus
812 2791 906 2861 erat;
923 2789 958 2844 et
973 2781 1055 2862 quia
1070 2781 1176 2861 paulo
1191 2790 1273 2842 ante
1288 2776 1359 2842 dux
1374 2777 1490 2854 navis,

267 2882 311 2945 de
329 2901 400 2963 qua
419 2887 524 2964 paulo
544 2895 626 2948 ante
645 2888 783 2965 egimus
800 2885 823 2966 ³,
845 2889 952 2951 aliam
973 2887 1077 2968 hujus
1092 2887 1194 2968 regni
1214 2894 1368 2966 ceperat,
1384 2885 1494 2946 immo

267 2989 377 3069 ipsius
391 2990 563 3070 praelecti
577 2991 743 3071 Patenae,
760 2995 889 3059 occisis
907 2997 977 3074 eis,
1000 3011 1090 3075 quos
1105 2995 1291 3058 invenerat
1306 2993 1341 3056 in
1356 3009 1397 3055 ea
1422 2993 1492 3066 (er-

266 3112 357 3160 rore¹
373 3108 493 3160 autem
518 3098 553 3162 id
578 3097 712 3163 fecerat
736 3100 941 3165 Ludovicus
973 3102 1016 3165 de
1046 3101 1222 3180 Almeida,
1255 3117 1336 3164 cum
1363 3099 1493 3162 ostium

265 3203 368 3284 regni
382 3202 479 3268 Siam
495 3205 581 3270 illud
595 3224 674 3270 esse
689 3209 872 3287 putasset),
892 3208 1072 3272 concitata
1093 3218 1170 3272 erat
1190 3207 1318 3270 civitas
1338 3215 1373 3268 et
1392 3222 1493 3268 arma

266 3320 421 3389 ceperat,
437 3321 472 3374 et
492 3329 748 3400 saracenorum
761 3315 885 3378 variae
905 3325 1044 3378 turmae
1063 3316 1121 3378 vel
1141 3313 1411 3377 circumdabant
1432 3329 1492 3374 no·

266 3425 372 3496 stros,
388 3419 447 3480 vel
461 3436 571 3500 prope
587 3437 649 3483 cos
663 3422 864 3500 currebant,
878 3430 912 3485 et
926 3423 997 3486 nisi
1010 3421 1084 3486 Rex
1095 3423 1183 3501 ipse,
1193 3421 1252 3501 qui
1264 3420 1320 3481 vir
1330 3419 1443 3480 bonus
1458 3427 1494 3480 et

265 3523 429 3588 lusitanis
454 3527 591 3591 amicus
619 3538 706 3607 erat,
732 3538 874 3594 nostros
901 3530 1133 3607 defendisset,
1164 3528 1207 3591 de
1233 3526 1389 3590 omnium
1416 3524 1494 3586 vita

266 3641 387 3694 actum
402 3643 490 3695 erat.

331 3737 419 3800 1993.
463 3737 504 3802 ln
525 3740 688 3804 omnibus
708 3741 762 3805 his
781 3743 959 3824 periculis,
980 3761 1051 3807 non
1073 3743 1188 3806 solum
1208 3743 1350 3820 nostris,
1373 3739 1435 3804 sed
1457 3749 1495 3803 et

266 3844 388 3924 pueris
401 3844 571 3925 orphanis
585 3848 714 3912 miram
728 3851 967 3914 constantiam
981 3849 1079 3914 Deus
1096 3851 1313 3930 praestabat;
1329 3865 1395 3913 nec
1410 3864 1491 3911 con-

266 3960 368 4014 sueta
384 3952 570 4016 charitatis
585 3969 695 4045 opera
716 3955 752 4018 in
766 3956 853 4020 navi
867 3967 1070 4020 nostrorum
1090 3957 1354 4034 omittebantur,
1370 3955 1494 4034 immo,

265 4075 347 4123 cum
358 4059 494 4138 egressi
505 4069 624 4122 essent
635 4077 655 4122 e
667 4061 745 4125 sinu
755 4061 935 4142 jamdicto
947 4062 1158 4144 Syngapore
1170 4075 1327 4144 tempore
1339 4059 1494 4126 Sanctae

264 4163 530 4246 Hebdomadae,
557 4165 683 4247 officia,
708 4169 778 4231 illis
798 4169 923 4235 diebus
948 4170 1025 4234 ficri
1046 4179 1228 4251 consueta,
1255 4187 1335 4236 cum
1361 4185 1494 4249 magna

303 4438 311 4473 Ι
340 4437 477 4494 Sic;ln1ra,
489 4451 513 4484 n.
526 4441 586 4496 taut,
595 4451 622 4487 et
632 4443 658 4487 ln
668 4443 782 4488 Diuersi
795 4447 877 4497 aurai,
886 4447 931 4491 iol.
941 4446 989 4498 165,
1002 4446 1182 4498 Pelolimaon,·
1196 4453 1236 4492 eat
1250 4454 1337 4492 autem
1354 4445 1493 4490 Paulo-Ta·-

262 4522 352 4561 moan,
360 4513 403 4556 vel
413 4511 604 4557 Porcio-Timon
614 4515 640 4558 ln
649 4516 717 4560 marl
727 4513 836 4572 Sinenal,
843 4518 878 4562 ad
887 4520 1042 4564 orientalem
1051 4521 1156 4575 plagam
1167 4520 1315 4575 peninsulae
1326 4519 1452 4564 Malacae.

302 4583 314 4614 Ι
342 4583 393 4637 Sic,
403 4584 480 4638 inira,
490 4584 624 4640 Paruum
632 4588 658 4630 tn
668 4587 778 4632 Diversi
786 4591 868 4641 aursi,
876 4591 894 4635 1.
904 4601 919 4634 c
932 4591 1063 4646 ,Puram
1070 4593 1137 4647 apud
1146 4593 1305 4636 recentiores
1315 4591 1497 4644 Pacuuianis

265 4660 292 4699 et
303 4658 491 4770 ξοτὲυῖἒὲἶκηί
502 4657 616 4712 ejusdem
626 4660 735 4704 nominis
745 4669 832 4718 caput,
842 4663 868 4707 in
879 4662 1000 4709 orientali
1010 4667 1089 4720 plaga
1099 4665 1247 4720 peninsulae
1256 4663 1381 4711 Malacae.
