<?xml version="1.0" encoding="UTF-8"?>
<!DOCTYPE html PUBLIC "-//W3C//DTD XHTML 1.0 Transitional//EN"
    "http://www.w3.org/TR/xhtml1/DTD/xhtml1-transitional.dtd">
<html xmlns="http://www.w3.org/1999/xhtml" xml:lang="en" lang="en">
 <head>
  <title>
</title>
<meta http-equiv="Content-Type" content="text/html;charset=utf-8" />
  <meta name='ocr-system' content='tesseract 3.04.00' />
  <meta name='ocr-capabilities' content='ocr_page ocr_carea ocr_par ocr_line ocrx_word'/>
</head>
<body>
  <div class='ocr_page' id='page_1' title='image "./vitaignatiiloio01polagoog_0082.png"; bbox 0 0 3717 5400; ppageno 0'>
   <div class='ocr_carea' id='block_1_1' title="bbox 386 475 1163 549">
    <p class='ocr_par' dir='ltr' id='par_1_1' title="bbox 386 475 1163 549">
     <span class='ocr_line' id='line_1_1' title="bbox 386 475 1163 549; baseline 0.001 -16"><span class='ocrx_word' id='word_1_1' title='bbox 386 475 423 534; x_wconf 77' lang='lat'>76</span> <span class='ocrx_word' id='word_1_2' title='bbox 847 475 975 536; x_wconf 79' lang='lat' dir='ltr'>Canon.</span> <span class='ocrx_word' id='word_1_3' title='bbox 996 477 1072 537; x_wconf 88' lang='lat' dir='ltr'><strong>Soc.</strong></span> <span class='ocrx_word' id='word_1_4' title='bbox 1093 477 1163 549; x_wconf 80' lang='lat' dir='ltr'>Jss.</span> 
     </span>
    </p>
   </div>
   <div class='ocr_carea' id='block_1_2' title="bbox 386 621 1627 4558">
    <p class='ocr_par' dir='ltr' id='par_1_2' title="bbox 386 621 1626 1240">
     <span class='ocr_line' id='line_1_2' title="bbox 452 621 1623 704; baseline 0.004 -21"><span class='ocrx_word' id='word_1_5' title='bbox 452 621 519 685; x_wconf 80' lang='lat'>176.</span> <span class='ocrx_word' id='word_1_6' title='bbox 566 622 795 687; x_wconf 86' lang='lat' dir='ltr'>Guardianus</span> <span class='ocrx_word' id='word_1_7' title='bbox 809 625 916 688; x_wconf 86' lang='lat' dir='ltr'>etiam</span> <span class='ocrx_word' id='word_1_8' title='bbox 933 626 1069 689; x_wconf 89' lang='lat' dir='ltr'>ordinis</span> <span class='ocrx_word' id='word_1_9' title='bbox 1080 624 1139 688; x_wconf 72' lang='lat' dir='ltr'>gu</span> <span class='ocrx_word' id='word_1_10' title='bbox 1151 624 1623 704; x_wconf 80' lang='lat' dir='ltr'>FrancisciMaceratensis,</span> 
     </span>
     <span class='ocr_line' id='line_1_3' title="bbox 394 731 1626 812; baseline 0.002 -21"><span class='ocrx_word' id='word_1_11' title='bbox 394 731 454 809; x_wconf 93' lang='lat' dir='ltr'>qui</span> <span class='ocrx_word' id='word_1_12' title='bbox 475 731 753 794; x_wconf 82' lang='lat' dir='ltr'>concionabatur</span> <span class='ocrx_word' id='word_1_13' title='bbox 772 732 808 794; x_wconf 95' lang='lat' dir='ltr'>in</span> <span class='ocrx_word' id='word_1_14' title='bbox 823 749 865 795; x_wconf 90' lang='lat' dir='ltr'>eo</span> <span class='ocrx_word' id='word_1_15' title='bbox 885 731 1016 812; x_wconf 89' lang='lat' dir='ltr'>oppido</span> <span class='ocrx_word' id='word_1_16' title='bbox 1034 733 1167 796; x_wconf 90' lang='lat' dir='ltr'>Montis</span> <span class='ocrx_word' id='word_1_17' title='bbox 1186 732 1290 809; x_wconf 89' lang='lat' dir='ltr'>Fani,</span> <span class='ocrx_word' id='word_1_18' title='bbox 1312 748 1394 794; x_wconf 90' lang='lat' dir='ltr'>cum</span> <span class='ocrx_word' id='word_1_19' title='bbox 1412 733 1459 796; x_wconf 91' lang='lat' dir='ltr'>ad</span> <span class='ocrx_word' id='word_1_20' title='bbox 1477 742 1626 795; x_wconf 83' lang='lat' dir='ltr'>nostros</span> 
     </span>
     <span class='ocr_line' id='line_1_4' title="bbox 391 836 1622 919; baseline 0.002 -21"><span class='ocrx_word' id='word_1_21' title='bbox 391 836 564 917; x_wconf 87' lang='lat' dir='ltr'>venisset,</span> <span class='ocrx_word' id='word_1_22' title='bbox 587 838 713 901; x_wconf 92' lang='lat' dir='ltr'>mirum</span> <span class='ocrx_word' id='word_1_23' title='bbox 734 838 770 901; x_wconf 92' lang='lat' dir='ltr'>in</span> <span class='ocrx_word' id='word_1_24' title='bbox 792 838 935 902; x_wconf 92' lang='lat' dir='ltr'>modum</span> <span class='ocrx_word' id='word_1_25' title='bbox 954 837 1109 903; x_wconf 85' lang='lat' dir='ltr'>fructum</span> <span class='ocrx_word' id='word_1_26' title='bbox 1129 841 1226 902; x_wconf 92' lang='lat' dir='ltr'>illum</span> <span class='ocrx_word' id='word_1_27' title='bbox 1248 839 1533 917; x_wconf 83' lang='lat' dir='ltr'>commendabat,</span> <span class='ocrx_word' id='word_1_28' title='bbox 1559 838 1622 919; x_wconf 89' lang='lat' dir='ltr'>qui</span> 
     </span>
     <span class='ocr_line' id='line_1_5' title="bbox 386 945 1617 1027; baseline 0.002 -21"><span class='ocrx_word' id='word_1_29' title='bbox 386 955 591 1007; x_wconf 89' lang='lat' dir='ltr'>nostrorum</span> <span class='ocrx_word' id='word_1_30' title='bbox 613 962 721 1025; x_wconf 90' lang='lat' dir='ltr'>opera</span> <span class='ocrx_word' id='word_1_31' title='bbox 745 947 804 1009; x_wconf 91' lang='lat' dir='ltr'>illo</span> <span class='ocrx_word' id='word_1_32' title='bbox 829 947 866 1009; x_wconf 92' lang='lat' dir='ltr'>in</span> <span class='ocrx_word' id='word_1_33' title='bbox 892 947 1023 1027; x_wconf 90' lang='lat' dir='ltr'>oppido</span> <span class='ocrx_word' id='word_1_34' title='bbox 1047 955 1274 1027; x_wconf 84' lang='lat' dir='ltr'>provenerat,</span> <span class='ocrx_word' id='word_1_35' title='bbox 1301 956 1336 1009; x_wconf 88' lang='lat' dir='ltr'>et</span> <span class='ocrx_word' id='word_1_36' title='bbox 1361 945 1513 1009; x_wconf 86' lang='lat' dir='ltr'>addebat</span> <span class='ocrx_word' id='word_1_37' title='bbox 1532 963 1617 1009; x_wconf 86' lang='lat' dir='ltr'>nun·</span> 
     </span>
     <span class='ocr_line' id='line_1_6' title="bbox 387 1052 1620 1134; baseline 0.002 -21"><span class='ocrx_word' id='word_1_38' title='bbox 387 1067 495 1130; x_wconf 90' lang='lat' dir='ltr'>quam</span> <span class='ocrx_word' id='word_1_39' title='bbox 511 1061 584 1115; x_wconf 90' lang='lat' dir='ltr'>tam</span> <span class='ocrx_word' id='word_1_40' title='bbox 600 1052 701 1116; x_wconf 88' lang='lat' dir='ltr'>brevi</span> <span class='ocrx_word' id='word_1_41' title='bbox 722 1063 880 1134; x_wconf 91' lang='lat' dir='ltr'>tempore</span> <span class='ocrx_word' id='word_1_42' title='bbox 902 1055 1009 1117; x_wconf 89' lang='lat' dir='ltr'>talem</span> <span class='ocrx_word' id='word_1_43' title='bbox 1031 1055 1229 1119; x_wconf 86' lang='lat' dir='ltr'>animorum</span> <span class='ocrx_word' id='word_1_44' title='bbox 1249 1053 1480 1118; x_wconf 84' lang='lat' dir='ltr'>mutationem</span> <span class='ocrx_word' id='word_1_45' title='bbox 1502 1053 1620 1116; x_wconf 89' lang='lat' dir='ltr'>visam</span> 
     </span>
     <span class='ocr_line' id='line_1_7' title="bbox 387 1156 1254 1240; baseline 0.006 -20"><span class='ocrx_word' id='word_1_46' title='bbox 387 1156 513 1236; x_wconf 84' lang='lat' dir='ltr'>fuisse,</span> <span class='ocrx_word' id='word_1_47' title='bbox 532 1161 672 1239; x_wconf 89' lang='lat' dir='ltr'>qualem</span> <span class='ocrx_word' id='word_1_48' title='bbox 686 1178 749 1240; x_wconf 91' lang='lat' dir='ltr'>per</span> <span class='ocrx_word' id='word_1_49' title='bbox 763 1171 904 1225; x_wconf 90' lang='lat' dir='ltr'>nostros</span> <span class='ocrx_word' id='word_1_50' title='bbox 918 1161 1093 1226; x_wconf 90' lang='lat' dir='ltr'>Dominus</span> <span class='ocrx_word' id='word_1_51' title='bbox 1110 1163 1254 1225; x_wconf 83' lang='lat' dir='ltr'>fecerat.</span> 
     </span>
    </p>

    <p class='ocr_par' dir='ltr' id='par_1_3' title="bbox 386 1265 1622 2525">
     <span class='ocr_line' id='line_1_8' title="bbox 450 1265 1617 1350; baseline 0.003 -23"><span class='ocrx_word' id='word_1_52' title='bbox 450 1265 517 1328; x_wconf 92' lang='lat'>177.</span> <span class='ocrx_word' id='word_1_53' title='bbox 562 1266 753 1347; x_wconf 90' lang='lat' dir='ltr'>Postquam</span> <span class='ocrx_word' id='word_1_54' title='bbox 769 1269 884 1332; x_wconf 89' lang='lat' dir='ltr'>nostri</span> <span class='ocrx_word' id='word_1_55' title='bbox 904 1269 1099 1349; x_wconf 85' lang='lat' dir='ltr'>redierunt,</span> <span class='ocrx_word' id='word_1_56' title='bbox 1122 1270 1260 1332; x_wconf 88' lang='lat' dir='ltr'>incolae</span> <span class='ocrx_word' id='word_1_57' title='bbox 1281 1269 1402 1350; x_wconf 87' lang='lat' dir='ltr'>oppidi</span> <span class='ocrx_word' id='word_1_58' title='bbox 1422 1268 1534 1349; x_wconf 93' lang='lat' dir='ltr'>(quod</span> <span class='ocrx_word' id='word_1_59' title='bbox 1553 1266 1617 1331; x_wconf 86' lang='lat' dir='ltr'>Ca·</span> 
     </span>
     <span class='ocr_line' id='line_1_9' title="bbox 392 1374 1619 1456; baseline 0.002 -22"><span class='ocrx_word' id='word_1_60' title='bbox 392 1374 533 1436; x_wconf 89' lang='lat' dir='ltr'>stellum</span> <span class='ocrx_word' id='word_1_61' title='bbox 543 1374 572 1436; x_wconf 88' lang='lat' dir='ltr'>F</span> <span class='ocrx_word' id='word_1_62' title='bbox 574 1374 734 1437; x_wconf 91' lang='lat' dir='ltr'>icardum</span> <span class='ocrx_word' id='word_1_63' title='bbox 746 1385 877 1438; x_wconf 89' lang='lat' dir='ltr'>vocant</span> <span class='ocrx_word' id='word_1_64' title='bbox 890 1374 923 1454; x_wconf 91' lang='lat'>¹),</span> <span class='ocrx_word' id='word_1_65' title='bbox 937 1376 1051 1439; x_wconf 91' lang='lat' dir='ltr'>tribus</span> <span class='ocrx_word' id='word_1_66' title='bbox 1060 1393 1229 1456; x_wconf 90' lang='lat' dir='ltr'>passuum</span> <span class='ocrx_word' id='word_1_67' title='bbox 1241 1377 1395 1440; x_wconf 89' lang='lat' dir='ltr'>millibus</span> <span class='ocrx_word' id='word_1_68' title='bbox 1406 1376 1560 1438; x_wconf 88' lang='lat' dir='ltr'>Laureto</span> <span class='ocrx_word' id='word_1_69' title='bbox 1571 1374 1619 1437; x_wconf 88' lang='lat' dir='ltr'>di-</span> 
     </span>
     <span class='ocr_line' id='line_1_10' title="bbox 389 1480 1618 1561; baseline 0.002 -19"><span class='ocrx_word' id='word_1_70' title='bbox 389 1489 501 1558; x_wconf 89' lang='lat' dir='ltr'>stans,</span> <span class='ocrx_word' id='word_1_71' title='bbox 519 1480 626 1544; x_wconf 89' lang='lat' dir='ltr'>misso</span> <span class='ocrx_word' id='word_1_72' title='bbox 642 1481 798 1561; x_wconf 89' lang='lat' dir='ltr'>parocho</span> <span class='ocrx_word' id='word_1_73' title='bbox 814 1501 834 1544; x_wconf 91' lang='lat' dir='ltr'>a</span> <span class='ocrx_word' id='word_1_74' title='bbox 852 1481 1111 1560; x_wconf 86' lang='lat' dir='ltr'>Gubernatore,</span> <span class='ocrx_word' id='word_1_75' title='bbox 1129 1484 1356 1546; x_wconf 89' lang='lat' dir='ltr'>obtinuerunt</span> <span class='ocrx_word' id='word_1_76' title='bbox 1369 1494 1406 1546; x_wconf 89' lang='lat' dir='ltr'>ut</span> <span class='ocrx_word' id='word_1_77' title='bbox 1417 1483 1487 1546; x_wconf 91' lang='lat' dir='ltr'>duo</span> <span class='ocrx_word' id='word_1_78' title='bbox 1499 1499 1545 1545; x_wconf 88' lang='lat' dir='ltr'>ex</span> <span class='ocrx_word' id='word_1_79' title='bbox 1559 1499 1618 1544; x_wconf 91' lang='lat' dir='ltr'>no·</span> 
     </span>
     <span class='ocr_line' id='line_1_11' title="bbox 389 1588 1622 1672; baseline 0.002 -22"><span class='ocrx_word' id='word_1_80' title='bbox 389 1588 474 1650; x_wconf 90' lang='lat' dir='ltr'>stris</span> <span class='ocrx_word' id='word_1_81' title='bbox 494 1606 536 1650; x_wconf 90' lang='lat' dir='ltr'>eo</span> <span class='ocrx_word' id='word_1_82' title='bbox 558 1589 793 1652; x_wconf 88' lang='lat' dir='ltr'>mitterentur.</span> <span class='ocrx_word' id='word_1_83' title='bbox 820 1589 952 1652; x_wconf 92' lang='lat' dir='ltr'>Missus</span> <span class='ocrx_word' id='word_1_84' title='bbox 969 1590 1034 1652; x_wconf 85' lang='lat' dir='ltr'>luit</span> <span class='ocrx_word' id='word_1_85' title='bbox 1059 1590 1151 1653; x_wconf 88' lang='lat' dir='ltr'>idem</span> <span class='ocrx_word' id='word_1_86' title='bbox 1172 1591 1210 1654; x_wconf 91' lang='lat' dir='ltr'>P.</span> <span class='ocrx_word' id='word_1_87' title='bbox 1231 1591 1387 1672; x_wconf 86' lang='lat' dir='ltr'>Joannes</span> <span class='ocrx_word' id='word_1_88' title='bbox 1406 1589 1622 1652; x_wconf 84' lang='lat' dir='ltr'>Laurentius</span> 
     </span>
     <span class='ocr_line' id='line_1_12' title="bbox 386 1694 1619 1776; baseline 0.001 -19"><span class='ocrx_word' id='word_1_89' title='bbox 386 1711 467 1758; x_wconf 93' lang='lat' dir='ltr'>cum</span> <span class='ocrx_word' id='word_1_90' title='bbox 492 1694 530 1757; x_wconf 88' lang='lat' dir='ltr'>P.</span> <span class='ocrx_word' id='word_1_91' title='bbox 552 1694 745 1776; x_wconf 72' lang='lat' dir='ltr'>Raphaele3</span> <span class='ocrx_word' id='word_1_92' title='bbox 772 1706 806 1760; x_wconf 92' lang='lat' dir='ltr'>et</span> <span class='ocrx_word' id='word_1_93' title='bbox 827 1715 907 1760; x_wconf 89' lang='lat' dir='ltr'>cum</span> <span class='ocrx_word' id='word_1_94' title='bbox 927 1700 1037 1760; x_wconf 90' lang='lat' dir='ltr'>semel</span> <span class='ocrx_word' id='word_1_95' title='bbox 1061 1710 1096 1761; x_wconf 92' lang='lat' dir='ltr'>et</span> <span class='ocrx_word' id='word_1_96' title='bbox 1123 1698 1251 1760; x_wconf 90' lang='lat' dir='ltr'>iterum</span> <span class='ocrx_word' id='word_1_97' title='bbox 1272 1698 1505 1760; x_wconf 87' lang='lat' dir='ltr'>concionatus</span> <span class='ocrx_word' id='word_1_98' title='bbox 1525 1707 1619 1759; x_wconf 87' lang='lat' dir='ltr'>esset</span> 
     </span>
     <span class='ocr_line' id='line_1_13' title="bbox 388 1800 1622 1885; baseline 0.001 -20"><span class='ocrx_word' id='word_1_99' title='bbox 388 1800 428 1864; x_wconf 86' lang='lat' dir='ltr'>P.</span> <span class='ocrx_word' id='word_1_100' title='bbox 454 1801 611 1884; x_wconf 88' lang='lat' dir='ltr'>Joannes</span> <span class='ocrx_word' id='word_1_101' title='bbox 630 1803 855 1882; x_wconf 66' lang='lat' dir='ltr'>Laurentius</span> <span class='ocrx_word' id='word_1_102' title='bbox 872 1815 993 1868; x_wconf 89' lang='lat' dir='ltr'>tantus</span> <span class='ocrx_word' id='word_1_103' title='bbox 1012 1808 1131 1885; x_wconf 91' lang='lat' dir='ltr'>populi</span> <span class='ocrx_word' id='word_1_104' title='bbox 1146 1821 1340 1867; x_wconf 85' lang='lat' dir='ltr'>concursus</span> <span class='ocrx_word' id='word_1_105' title='bbox 1364 1804 1409 1866; x_wconf 91' lang='lat' dir='ltr'>ad</span> <span class='ocrx_word' id='word_1_106' title='bbox 1429 1803 1622 1866; x_wconf 41' lang='lat' dir='ltr'>consessio*</span> 
     </span>
     <span class='ocr_line' id='line_1_14' title="bbox 389 1909 1618 1991; baseline -0.001 -19"><span class='ocrx_word' id='word_1_107' title='bbox 389 1927 471 1973; x_wconf 90' lang='lat' dir='ltr'>nem</span> <span class='ocrx_word' id='word_1_108' title='bbox 487 1911 649 1990; x_wconf 88' lang='lat' dir='ltr'>accessit,</span> <span class='ocrx_word' id='word_1_109' title='bbox 666 1921 704 1974; x_wconf 94' lang='lat' dir='ltr'>ut</span> <span class='ocrx_word' id='word_1_110' title='bbox 722 1922 847 1974; x_wconf 87' lang='lat' dir='ltr'>noctes</span> <span class='ocrx_word' id='word_1_111' title='bbox 862 1911 985 1975; x_wconf 92' lang='lat' dir='ltr'>diebus</span> <span class='ocrx_word' id='word_1_112' title='bbox 1007 1921 1221 1991; x_wconf 83' lang='lat' dir='ltr'>cogerentur</span> <span class='ocrx_word' id='word_1_113' title='bbox 1239 1909 1472 1990; x_wconf 83' lang='lat' dir='ltr'>conjungere;</span> <span class='ocrx_word' id='word_1_114' title='bbox 1489 1920 1525 1972; x_wconf 91' lang='lat' dir='ltr'>et</span> <span class='ocrx_word' id='word_1_115' title='bbox 1546 1911 1618 1990; x_wconf 88' lang='lat' dir='ltr'>pla·</span> 
     </span>
     <span class='ocr_line' id='line_1_15' title="bbox 390 2015 1622 2098; baseline -0.002 -18"><span class='ocrx_word' id='word_1_116' title='bbox 390 2017 462 2080; x_wconf 91' lang='lat' dir='ltr'>cuit</span> <span class='ocrx_word' id='word_1_117' title='bbox 486 2016 628 2080; x_wconf 89' lang='lat' dir='ltr'>divinae</span> <span class='ocrx_word' id='word_1_118' title='bbox 653 2017 809 2081; x_wconf 89' lang='lat' dir='ltr'>Bonitati</span> <span class='ocrx_word' id='word_1_119' title='bbox 832 2019 1048 2098; x_wconf 89' lang='lat' dir='ltr'>amplissima</span> <span class='ocrx_word' id='word_1_120' title='bbox 1067 2018 1219 2098; x_wconf 90' lang='lat' dir='ltr'>Spiritus</span> <span class='ocrx_word' id='word_1_121' title='bbox 1239 2015 1361 2080; x_wconf 87' lang='lat' dir='ltr'>Sancti</span> <span class='ocrx_word' id='word_1_122' title='bbox 1378 2033 1527 2080; x_wconf 88' lang='lat' dir='ltr'>munera</span> <span class='ocrx_word' id='word_1_123' title='bbox 1549 2017 1622 2080; x_wconf 85' lang='lat' dir='ltr'>illis</span> 
     </span>
     <span class='ocr_line' id='line_1_16' title="bbox 392 2123 1619 2204; baseline -0.002 -18"><span class='ocrx_word' id='word_1_124' title='bbox 392 2123 593 2187; x_wconf 88' lang='lat' dir='ltr'>hominibus</span> <span class='ocrx_word' id='word_1_125' title='bbox 608 2125 794 2204; x_wconf 88' lang='lat' dir='ltr'>impertiri;</span> <span class='ocrx_word' id='word_1_126' title='bbox 812 2143 895 2188; x_wconf 89' lang='lat' dir='ltr'>nam</span> <span class='ocrx_word' id='word_1_127' title='bbox 914 2126 1016 2188; x_wconf 91' lang='lat' dir='ltr'>multi</span> <span class='ocrx_word' id='word_1_128' title='bbox 1035 2125 1278 2188; x_wconf 89' lang='lat' dir='ltr'>concubinarii</span> <span class='ocrx_word' id='word_1_129' title='bbox 1298 2141 1382 2186; x_wconf 90' lang='lat' dir='ltr'>suas</span> <span class='ocrx_word' id='word_1_130' title='bbox 1401 2123 1619 2186; x_wconf 87' lang='lat' dir='ltr'>concubinas</span> 
     </span>
     <span class='ocr_line' id='line_1_17' title="bbox 391 2230 1618 2311; baseline -0.001 -19"><span class='ocrx_word' id='word_1_131' title='bbox 391 2230 625 2310; x_wconf 70' lang='lat' dir='ltr'>reliquerunt,</span> <span class='ocrx_word' id='word_1_132' title='bbox 641 2233 782 2311; x_wconf 90' lang='lat' dir='ltr'>plurimi</span> <span class='ocrx_word' id='word_1_133' title='bbox 806 2232 902 2295; x_wconf 87' lang='lat' dir='ltr'>vitae</span> <span class='ocrx_word' id='word_1_134' title='bbox 916 2231 1195 2295; x_wconf 86' lang='lat' dir='ltr'>emendationem</span> <span class='ocrx_word' id='word_1_135' title='bbox 1213 2242 1247 2293; x_wconf 89' lang='lat' dir='ltr'>et</span> <span class='ocrx_word' id='word_1_136' title='bbox 1261 2230 1509 2310; x_wconf 87' lang='lat' dir='ltr'>perfectiorem</span> <span class='ocrx_word' id='word_1_137' title='bbox 1523 2230 1618 2292; x_wconf 83' lang='lat' dir='ltr'>vitae</span> 
     </span>
     <span class='ocr_line' id='line_1_18' title="bbox 393 2337 1619 2418; baseline -0.002 -19"><span class='ocrx_word' id='word_1_138' title='bbox 393 2339 567 2401; x_wconf 91' lang='lat' dir='ltr'>rationem</span> <span class='ocrx_word' id='word_1_139' title='bbox 594 2339 762 2417; x_wconf 87' lang='lat' dir='ltr'>inierunt,</span> <span class='ocrx_word' id='word_1_140' title='bbox 789 2349 823 2401; x_wconf 92' lang='lat' dir='ltr'>et</span> <span class='ocrx_word' id='word_1_141' title='bbox 849 2356 1017 2418; x_wconf 82' lang='lat' dir='ltr'>magnam</span> <span class='ocrx_word' id='word_1_142' title='bbox 1036 2339 1181 2418; x_wconf 89' lang='lat' dir='ltr'>spiritus</span> <span class='ocrx_word' id='word_1_143' title='bbox 1201 2337 1556 2401; x_wconf 90' lang='lat' dir='ltr'>communicationem</span> <span class='ocrx_word' id='word_1_144' title='bbox 1580 2353 1619 2398; x_wconf 91' lang='lat' dir='ltr'>se</span> 
     </span>
     <span class='ocr_line' id='line_1_19' title="bbox 393 2445 998 2525; baseline -0.005 -17"><span class='ocrx_word' id='word_1_145' title='bbox 393 2446 575 2525; x_wconf 89' lang='lat' dir='ltr'>accepisse</span> <span class='ocrx_word' id='word_1_146' title='bbox 590 2462 713 2509; x_wconf 88' lang='lat' dir='ltr'>omnes</span> <span class='ocrx_word' id='word_1_147' title='bbox 727 2445 998 2510; x_wconf 86' lang='lat' dir='ltr'>confitebantur.</span> 
     </span>
    </p>

    <p class='ocr_par' dir='ltr' id='par_1_4' title="bbox 389 2550 1624 4023">
     <span class='ocr_line' id='line_1_20' title="bbox 456 2550 1619 2633; baseline -0.002 -19"><span class='ocrx_word' id='word_1_148' title='bbox 456 2550 523 2614; x_wconf 86' lang='grc'>178.</span> <span class='ocrx_word' id='word_1_149' title='bbox 567 2551 678 2615; x_wconf 89' lang='lat' dir='ltr'>Paces</span> <span class='ocrx_word' id='word_1_150' title='bbox 693 2552 800 2616; x_wconf 90' lang='lat' dir='ltr'>etiam</span> <span class='ocrx_word' id='word_1_151' title='bbox 816 2554 971 2633; x_wconf 88' lang='lat' dir='ltr'>quinque</span> <span class='ocrx_word' id='word_1_152' title='bbox 986 2552 1169 2616; x_wconf 82' lang='lat' dir='ltr'>confectae</span> <span class='ocrx_word' id='word_1_153' title='bbox 1184 2562 1266 2615; x_wconf 90' lang='lat' dir='ltr'>sunt</span> <span class='ocrx_word' id='word_1_154' title='bbox 1280 2570 1361 2616; x_wconf 91' lang='lat' dir='ltr'>cum</span> <span class='ocrx_word' id='word_1_155' title='bbox 1372 2569 1510 2615; x_wconf 88' lang='lat' dir='ltr'>summa</span> <span class='ocrx_word' id='word_1_156' title='bbox 1525 2550 1619 2614; x_wconf 89' lang='lat' dir='ltr'>illius</span> 
     </span>
     <span class='ocr_line' id='line_1_21' title="bbox 391 2657 1618 2741; baseline -0.002 -18"><span class='ocrx_word' id='word_1_157' title='bbox 391 2659 512 2740; x_wconf 93' lang='lat' dir='ltr'>populi</span> <span class='ocrx_word' id='word_1_158' title='bbox 526 2659 778 2739; x_wconf 88' lang='lat' dir='ltr'>consolatione,</span> <span class='ocrx_word' id='word_1_159' title='bbox 796 2677 946 2741; x_wconf 90' lang='lat' dir='ltr'>quarum</span> <span class='ocrx_word' id='word_1_160' title='bbox 967 2677 1038 2723; x_wconf 89' lang='lat' dir='ltr'>una</span> <span class='ocrx_word' id='word_1_161' title='bbox 1056 2660 1122 2725; x_wconf 84' lang='lat' dir='ltr'>luit</span> <span class='ocrx_word' id='word_1_162' title='bbox 1142 2661 1233 2724; x_wconf 89' lang='lat' dir='ltr'>inter</span> <span class='ocrx_word' id='word_1_163' title='bbox 1253 2660 1342 2723; x_wconf 91' lang='lat' dir='ltr'>duos</span> <span class='ocrx_word' id='word_1_164' title='bbox 1361 2659 1550 2740; x_wconf 91' lang='lat' dir='ltr'>primarios</span> <span class='ocrx_word' id='word_1_165' title='bbox 1566 2657 1618 2739; x_wconf 89' lang='lat' dir='ltr'>ju·</span> 
     </span>
     <span class='ocr_line' id='line_1_22' title="bbox 393 2766 1620 2847; baseline 0 -18"><span class='ocrx_word' id='word_1_166' title='bbox 393 2784 515 2845; x_wconf 85' lang='lat' dir='ltr'>venes,</span> <span class='ocrx_word' id='word_1_167' title='bbox 532 2767 591 2847; x_wconf 89' lang='lat' dir='ltr'>qui</span> <span class='ocrx_word' id='word_1_168' title='bbox 607 2767 728 2830; x_wconf 91' lang='lat' dir='ltr'>decem</span> <span class='ocrx_word' id='word_1_169' title='bbox 743 2784 917 2831; x_wconf 92' lang='lat' dir='ltr'>annorum</span> <span class='ocrx_word' id='word_1_170' title='bbox 937 2779 1109 2847; x_wconf 89' lang='lat' dir='ltr'>perpetua</span> <span class='ocrx_word' id='word_1_171' title='bbox 1130 2768 1315 2831; x_wconf 85' lang='lat' dir='ltr'>inimicitia</span> <span class='ocrx_word' id='word_1_172' title='bbox 1335 2768 1503 2845; x_wconf 92' lang='lat' dir='ltr'>populum</span> <span class='ocrx_word' id='word_1_173' title='bbox 1522 2766 1620 2829; x_wconf 92' lang='lat' dir='ltr'>illum</span> 
     </span>
     <span class='ocr_line' id='line_1_23' title="bbox 394 2873 1620 2947; baseline -0.001 -12"><span class='ocrx_word' id='word_1_174' title='bbox 394 2874 430 2936; x_wconf 92' lang='lat' dir='ltr'>in</span> <span class='ocrx_word' id='word_1_175' title='bbox 445 2875 535 2936; x_wconf 92' lang='lat' dir='ltr'>duas</span> <span class='ocrx_word' id='word_1_176' title='bbox 550 2873 722 2937; x_wconf 84' lang='lat' dir='ltr'>factiones</span> <span class='ocrx_word' id='word_1_177' title='bbox 738 2876 891 2938; x_wconf 91' lang='lat' dir='ltr'>divisum</span> <span class='ocrx_word' id='word_1_178' title='bbox 907 2876 1089 2947; x_wconf 78' lang='lat' dir='ltr'>tenebant3</span> <span class='ocrx_word' id='word_1_179' title='bbox 1115 2885 1149 2937; x_wconf 92' lang='lat' dir='ltr'>et</span> <span class='ocrx_word' id='word_1_180' title='bbox 1169 2875 1269 2937; x_wconf 92' lang='lat' dir='ltr'>multi</span> <span class='ocrx_word' id='word_1_181' title='bbox 1292 2876 1564 2937; x_wconf 89' lang='lat' dir='ltr'>concionatores</span> <span class='ocrx_word' id='word_1_182' title='bbox 1584 2884 1620 2935; x_wconf 89' lang='lat' dir='ltr'>et</span> 
     </span>
     <span class='ocr_line' id='line_1_24' title="bbox 395 2982 1618 3060; baseline -0.002 -16"><span class='ocrx_word' id='word_1_183' title='bbox 395 2998 547 3060; x_wconf 85' lang='lat' dir='ltr'>magnae</span> <span class='ocrx_word' id='word_1_184' title='bbox 564 2982 786 3045; x_wconf 90' lang='lat' dir='ltr'>auctoritatis</span> <span class='ocrx_word' id='word_1_185' title='bbox 801 2984 869 3045; x_wconf 91' lang='lat' dir='ltr'>viri</span> <span class='ocrx_word' id='word_1_186' title='bbox 889 2982 1021 3045; x_wconf 84' lang='lat' dir='ltr'>frustra</span> <span class='ocrx_word' id='word_1_187' title='bbox 1042 2993 1267 3045; x_wconf 89' lang='lat' dir='ltr'>tentaverant</span> <span class='ocrx_word' id='word_1_188' title='bbox 1288 3000 1349 3044; x_wconf 90' lang='lat' dir='ltr'>eos</span> <span class='ocrx_word' id='word_1_189' title='bbox 1369 2984 1460 3045; x_wconf 90' lang='lat' dir='ltr'>inter</span> <span class='ocrx_word' id='word_1_190' title='bbox 1482 2998 1520 3043; x_wconf 88' lang='lat' dir='ltr'>se</span> <span class='ocrx_word' id='word_1_191' title='bbox 1538 2996 1618 3042; x_wconf 91' lang='lat' dir='ltr'>con·</span> 
     </span>
     <span class='ocr_line' id='line_1_25' title="bbox 393 3087 1620 3168; baseline -0.002 -17"><span class='ocrx_word' id='word_1_192' title='bbox 393 3089 526 3151; x_wconf 89' lang='lat' dir='ltr'>ciliare.</span> <span class='ocrx_word' id='word_1_193' title='bbox 543 3087 685 3151; x_wconf 89' lang='lat' dir='ltr'>Auditis</span> <span class='ocrx_word' id='word_1_194' title='bbox 705 3105 791 3167; x_wconf 84' lang='lat' dir='ltr'>ergo</span> <span class='ocrx_word' id='word_1_195' title='bbox 811 3106 937 3151; x_wconf 91' lang='lat' dir='ltr'>eorum</span> <span class='ocrx_word' id='word_1_196' title='bbox 957 3089 1237 3151; x_wconf 81' lang='lat' dir='ltr'>confessionibus</span> <span class='ocrx_word' id='word_1_197' title='bbox 1257 3088 1461 3168; x_wconf 89' lang='lat' dir='ltr'>(postquam</span> <span class='ocrx_word' id='word_1_198' title='bbox 1481 3088 1517 3149; x_wconf 96' lang='lat' dir='ltr'>in</span> <span class='ocrx_word' id='word_1_199' title='bbox 1539 3104 1620 3149; x_wconf 91' lang='lat' dir='ltr'>con-</span> 
     </span>
     <span class='ocr_line' id='line_1_26' title="bbox 392 3194 1624 3274; baseline -0.002 -17"><span class='ocrx_word' id='word_1_200' title='bbox 392 3194 553 3257; x_wconf 91' lang='lat' dir='ltr'>cionibus</span> <span class='ocrx_word' id='word_1_201' title='bbox 565 3195 723 3274; x_wconf 90' lang='lat' dir='ltr'>ipsorum</span> <span class='ocrx_word' id='word_1_202' title='bbox 734 3194 843 3257; x_wconf 90' lang='lat' dir='ltr'>animi</span> <span class='ocrx_word' id='word_1_203' title='bbox 855 3194 1180 3274; x_wconf 82' lang='lat' dir='ltr'>excitatifuissent),</span> <span class='ocrx_word' id='word_1_204' title='bbox 1193 3195 1307 3258; x_wconf 88' lang='lat' dir='ltr'>nostri</span> <span class='ocrx_word' id='word_1_205' title='bbox 1317 3196 1499 3273; x_wconf 89' lang='lat' dir='ltr'>utriusque</span> <span class='ocrx_word' id='word_1_206' title='bbox 1509 3194 1624 3273; x_wconf 90' lang='lat' dir='ltr'>partis</span> 
     </span>
     <span class='ocr_line' id='line_1_27' title="bbox 392 3300 1622 3383; baseline -0.002 -20"><span class='ocrx_word' id='word_1_207' title='bbox 392 3316 604 3363; x_wconf 86' lang='lat' dir='ltr'>consensum</span> <span class='ocrx_word' id='word_1_208' title='bbox 619 3300 722 3363; x_wconf 87' lang='lat' dir='ltr'>facile</span> <span class='ocrx_word' id='word_1_209' title='bbox 738 3302 985 3381; x_wconf 87' lang='lat' dir='ltr'>impetrarunt,</span> <span class='ocrx_word' id='word_1_210' title='bbox 1001 3302 1226 3383; x_wconf 90' lang='lat' dir='ltr'>postmodum</span> <span class='ocrx_word' id='word_1_211' title='bbox 1245 3302 1474 3381; x_wconf 84' lang='lat' dir='ltr'>congregatis</span> <span class='ocrx_word' id='word_1_212' title='bbox 1493 3301 1622 3379; x_wconf 92' lang='lat' dir='ltr'>primo·</span> 
     </span>
     <span class='ocr_line' id='line_1_28' title="bbox 391 3408 1621 3487; baseline -0.002 -16"><span class='ocrx_word' id='word_1_213' title='bbox 391 3408 499 3487; x_wconf 87' lang='lat' dir='ltr'>ribus,</span> <span class='ocrx_word' id='word_1_214' title='bbox 516 3408 664 3487; x_wconf 88' lang='lat' dir='ltr'>praevia</span> <span class='ocrx_word' id='word_1_215' title='bbox 680 3410 851 3486; x_wconf 91' lang='lat' dir='ltr'>oratione,</span> <span class='ocrx_word' id='word_1_216' title='bbox 873 3418 1035 3471; x_wconf 91' lang='lat' dir='ltr'>curatum</span> <span class='ocrx_word' id='word_1_217' title='bbox 1057 3420 1111 3471; x_wconf 88' lang='lat' dir='ltr'>est</span> <span class='ocrx_word' id='word_1_218' title='bbox 1125 3419 1163 3471; x_wconf 90' lang='lat' dir='ltr'>ut</span> <span class='ocrx_word' id='word_1_219' title='bbox 1177 3426 1215 3470; x_wconf 91' lang='lat' dir='ltr'>se</span> <span class='ocrx_word' id='word_1_220' title='bbox 1230 3418 1352 3471; x_wconf 91' lang='lat' dir='ltr'>mutuo</span> <span class='ocrx_word' id='word_1_221' title='bbox 1369 3409 1621 3486; x_wconf 89' lang='lat' dir='ltr'>amplecteren-</span> 
     </span>
     <span class='ocr_line' id='line_1_29' title="bbox 392 3515 1621 3596; baseline -0.002 -20"><span class='ocrx_word' id='word_1_222' title='bbox 392 3524 448 3577; x_wconf 93' lang='lat' dir='ltr'>tur</span> <span class='ocrx_word' id='word_1_223' title='bbox 464 3515 602 3593; x_wconf 91' lang='lat' dir='ltr'>publice</span> <span class='ocrx_word' id='word_1_224' title='bbox 618 3524 663 3590; x_wconf 92' lang='lat' dir='ltr'>et,</span> <span class='ocrx_word' id='word_1_225' title='bbox 684 3516 835 3594; x_wconf 84' lang='lat' dir='ltr'>genibus</span> <span class='ocrx_word' id='word_1_226' title='bbox 850 3516 962 3596; x_wconf 69' lang='lat' dir='ltr'>flexis</span> <span class='ocrx_word' id='word_1_227' title='bbox 980 3518 1069 3580; x_wconf 89' lang='lat' dir='ltr'>alter</span> <span class='ocrx_word' id='word_1_228' title='bbox 1084 3518 1129 3578; x_wconf 93' lang='lat' dir='ltr'>ab</span> <span class='ocrx_word' id='word_1_229' title='bbox 1143 3518 1255 3579; x_wconf 89' lang='lat' dir='ltr'>altero</span> <span class='ocrx_word' id='word_1_230' title='bbox 1270 3516 1411 3577; x_wconf 88' lang='lat' dir='ltr'>veniam</span> <span class='ocrx_word' id='word_1_231' title='bbox 1425 3522 1573 3594; x_wconf 88' lang='lat' dir='ltr'>peteret;</span> <span class='ocrx_word' id='word_1_232' title='bbox 1587 3521 1621 3574; x_wconf 88' lang='lat' dir='ltr'>et</span> 
     </span>
     <span class='ocr_line' id='line_1_30' title="bbox 389 3620 1622 3702; baseline -0.001 -20"><span class='ocrx_word' id='word_1_233' title='bbox 389 3628 490 3683; x_wconf 88' lang='lat' dir='ltr'>tanta</span> <span class='ocrx_word' id='word_1_234' title='bbox 513 3620 711 3684; x_wconf 90' lang='lat' dir='ltr'>animorum</span> <span class='ocrx_word' id='word_1_235' title='bbox 733 3624 968 3686; x_wconf 90' lang='lat' dir='ltr'>commotione</span> <span class='ocrx_word' id='word_1_236' title='bbox 987 3622 1022 3685; x_wconf 93' lang='lat' dir='ltr'>id</span> <span class='ocrx_word' id='word_1_237' title='bbox 1042 3633 1226 3702; x_wconf 90' lang='lat' dir='ltr'>peractum</span> <span class='ocrx_word' id='word_1_238' title='bbox 1246 3633 1310 3696; x_wconf 91' lang='lat' dir='ltr'>est,</span> <span class='ocrx_word' id='word_1_239' title='bbox 1334 3631 1372 3683; x_wconf 92' lang='lat' dir='ltr'>ut</span> <span class='ocrx_word' id='word_1_240' title='bbox 1394 3623 1509 3683; x_wconf 91' lang='lat' dir='ltr'>nullus</span> <span class='ocrx_word' id='word_1_241' title='bbox 1529 3628 1622 3682; x_wconf 89' lang='lat' dir='ltr'>esset</span> 
     </span>
     <span class='ocr_line' id='line_1_31' title="bbox 390 3726 1623 3809; baseline 0 -21"><span class='ocrx_word' id='word_1_242' title='bbox 390 3727 449 3806; x_wconf 91' lang='lat' dir='ltr'>qui</span> <span class='ocrx_word' id='word_1_243' title='bbox 464 3727 590 3791; x_wconf 91' lang='lat' dir='ltr'>uberes</span> <span class='ocrx_word' id='word_1_244' title='bbox 605 3730 784 3809; x_wconf 88' lang='lat' dir='ltr'>lacrymas</span> <span class='ocrx_word' id='word_1_245' title='bbox 795 3748 865 3792; x_wconf 91' lang='lat' dir='ltr'>non</span> <span class='ocrx_word' id='word_1_246' title='bbox 877 3729 1081 3793; x_wconf 85' lang='lat' dir='ltr'>effunderet.</span> <span class='ocrx_word' id='word_1_247' title='bbox 1094 3729 1222 3793; x_wconf 86' lang='lat' dir='ltr'>Postea</span> <span class='ocrx_word' id='word_1_248' title='bbox 1234 3730 1337 3791; x_wconf 92' lang='lat' dir='ltr'>simul</span> <span class='ocrx_word' id='word_1_249' title='bbox 1351 3729 1467 3790; x_wconf 89' lang='lat' dir='ltr'>cibum</span> <span class='ocrx_word' id='word_1_250' title='bbox 1482 3726 1623 3807; x_wconf 83' lang='lat' dir='ltr'>capien-</span> 
     </span>
     <span class='ocr_line' id='line_1_32' title="bbox 389 3835 1621 3917; baseline 0 -21"><span class='ocrx_word' id='word_1_251' title='bbox 389 3843 453 3909; x_wconf 87' lang='lat' dir='ltr'>tes,</span> <span class='ocrx_word' id='word_1_252' title='bbox 472 3835 523 3897; x_wconf 90' lang='lat' dir='ltr'>sic</span> <span class='ocrx_word' id='word_1_253' title='bbox 539 3851 577 3897; x_wconf 87' lang='lat' dir='ltr'>se</span> <span class='ocrx_word' id='word_1_254' title='bbox 592 3836 642 3898; x_wconf 92' lang='lat' dir='ltr'>illi</span> <span class='ocrx_word' id='word_1_255' title='bbox 656 3835 802 3915; x_wconf 84' lang='lat' dir='ltr'>diligere</span> <span class='ocrx_word' id='word_1_256' title='bbox 824 3848 1028 3917; x_wconf 88' lang='lat' dir='ltr'>coeperunt,</span> <span class='ocrx_word' id='word_1_257' title='bbox 1048 3846 1087 3901; x_wconf 94' lang='lat' dir='ltr'>ut</span> <span class='ocrx_word' id='word_1_258' title='bbox 1108 3838 1170 3899; x_wconf 87' lang='lat' dir='ltr'>vix</span> <span class='ocrx_word' id='word_1_259' title='bbox 1190 3839 1279 3899; x_wconf 88' lang='lat' dir='ltr'>alter</span> <span class='ocrx_word' id='word_1_260' title='bbox 1300 3836 1345 3897; x_wconf 90' lang='lat' dir='ltr'>ab</span> <span class='ocrx_word' id='word_1_261' title='bbox 1367 3838 1479 3898; x_wconf 90' lang='lat' dir='ltr'>altero</span> <span class='ocrx_word' id='word_1_262' title='bbox 1502 3845 1621 3915; x_wconf 87' lang='lat' dir='ltr'>posset</span> 
     </span>
     <span class='ocr_line' id='line_1_33' title="bbox 390 3942 1434 4023; baseline 0.003 -20"><span class='ocrx_word' id='word_1_263' title='bbox 390 3943 562 4021; x_wconf 88' lang='lat' dir='ltr'>separari;</span> <span class='ocrx_word' id='word_1_264' title='bbox 580 3953 614 4003; x_wconf 91' lang='lat' dir='ltr'>et</span> <span class='ocrx_word' id='word_1_265' title='bbox 629 3942 753 4005; x_wconf 86' lang='lat' dir='ltr'>crebro</span> <span class='ocrx_word' id='word_1_266' title='bbox 769 3952 916 4023; x_wconf 90' lang='lat' dir='ltr'>uterque</span> <span class='ocrx_word' id='word_1_267' title='bbox 932 3942 977 4006; x_wconf 91' lang='lat' dir='ltr'>ad</span> <span class='ocrx_word' id='word_1_268' title='bbox 992 3956 1215 4006; x_wconf 88' lang='lat' dir='ltr'>sacramenta</span> <span class='ocrx_word' id='word_1_269' title='bbox 1231 3942 1434 4007; x_wconf 88' lang='lat' dir='ltr'>accedebat.</span> 
     </span>
    </p>

    <p class='ocr_par' dir='ltr' id='par_1_5' title="bbox 390 4048 1627 4558">
     <span class='ocr_line' id='line_1_34' title="bbox 454 4048 1624 4130; baseline -0.002 -19"><span class='ocrx_word' id='word_1_270' title='bbox 454 4049 522 4111; x_wconf 87' lang='lat'>179.</span> <span class='ocrx_word' id='word_1_271' title='bbox 564 4048 699 4113; x_wconf 87' lang='lat' dir='ltr'>Factae</span> <span class='ocrx_word' id='word_1_272' title='bbox 714 4058 794 4113; x_wconf 88' lang='lat' dir='ltr'>sunt</span> <span class='ocrx_word' id='word_1_273' title='bbox 809 4050 844 4112; x_wconf 94' lang='lat' dir='ltr'>in</span> <span class='ocrx_word' id='word_1_274' title='bbox 860 4050 984 4113; x_wconf 89' lang='lat' dir='ltr'>eodem</span> <span class='ocrx_word' id='word_1_275' title='bbox 1007 4051 1136 4130; x_wconf 91' lang='lat' dir='ltr'>oppido</span> <span class='ocrx_word' id='word_1_276' title='bbox 1151 4052 1281 4114; x_wconf 90' lang='lat' dir='ltr'>multae</span> <span class='ocrx_word' id='word_1_277' title='bbox 1297 4048 1550 4126; x_wconf 67' lang='lat' dir='ltr'>restitutiones</span> <span class='ocrx_word' id='word_1_278' title='bbox 1569 4065 1624 4111; x_wconf 82' lang='lat' dir='ltr'>re-</span> 
     </span>
     <span class='ocr_line' id='line_1_35' title="bbox 390 4155 1624 4237; baseline 0 -20"><span class='ocrx_word' id='word_1_279' title='bbox 390 4165 554 4235; x_wconf 89' lang='lat' dir='ltr'>paratum</span> <span class='ocrx_word' id='word_1_280' title='bbox 570 4164 623 4218; x_wconf 86' lang='lat' dir='ltr'>est</span> <span class='ocrx_word' id='word_1_281' title='bbox 638 4158 817 4237; x_wconf 84' lang='lat' dir='ltr'>templum,</span> <span class='ocrx_word' id='word_1_282' title='bbox 834 4157 929 4237; x_wconf 90' lang='lat' dir='ltr'>quod</span> <span class='ocrx_word' id='word_1_283' title='bbox 944 4157 1082 4220; x_wconf 91' lang='lat' dir='ltr'>ruinam</span> <span class='ocrx_word' id='word_1_284' title='bbox 1098 4158 1311 4236; x_wconf 89' lang='lat' dir='ltr'>minabatur,</span> <span class='ocrx_word' id='word_1_285' title='bbox 1328 4166 1364 4219; x_wconf 90' lang='lat' dir='ltr'>et</span> <span class='ocrx_word' id='word_1_286' title='bbox 1379 4155 1624 4237; x_wconf 88' lang='lat' dir='ltr'>corporalibus</span> 
     </span>
     <span class='ocr_line' id='line_1_36' title="bbox 392 4245 1625 4345; baseline 0.003 -22"><span class='ocrx_word' id='word_1_287' title='bbox 392 4245 497 4341; x_wconf 81' lang='lat' dir='ltr'>atque</span> <span class='ocrx_word' id='word_1_288' title='bbox 521 4264 600 4325; x_wconf 90' lang='lat' dir='ltr'>aliis</span> <span class='ocrx_word' id='word_1_289' title='bbox 627 4264 861 4342; x_wconf 78' lang='lat' dir='ltr'>ornamentiS,</span> <span class='ocrx_word' id='word_1_290' title='bbox 885 4265 1012 4345; x_wconf 91' lang='lat' dir='ltr'>quibus</span> <span class='ocrx_word' id='word_1_291' title='bbox 1033 4264 1238 4328; x_wconf 88' lang='lat' dir='ltr'>destitutum</span> <span class='ocrx_word' id='word_1_292' title='bbox 1257 4272 1345 4341; x_wconf 90' lang='lat' dir='ltr'>erat,</span> <span class='ocrx_word' id='word_1_293' title='bbox 1373 4264 1625 4327; x_wconf 88' lang='lat' dir='ltr'>concinnatum</span> 
     </span>
     <span class='ocr_line' id='line_1_37' title="bbox 390 4370 1627 4450; baseline -0.001 -19"><span class='ocrx_word' id='word_1_294' title='bbox 390 4379 459 4449; x_wconf 85' lang='lat' dir='ltr'>est;</span> <span class='ocrx_word' id='word_1_295' title='bbox 473 4378 507 4431; x_wconf 91' lang='lat' dir='ltr'>et</span> <span class='ocrx_word' id='word_1_296' title='bbox 522 4370 614 4449; x_wconf 92' lang='lat' dir='ltr'>quod</span> <span class='ocrx_word' id='word_1_297' title='bbox 631 4387 790 4434; x_wconf 89' lang='lat' dir='ltr'>summae</span> <span class='ocrx_word' id='word_1_298' title='bbox 801 4372 1054 4434; x_wconf 89' lang='lat' dir='ltr'>consolationis</span> <span class='ocrx_word' id='word_1_299' title='bbox 1065 4372 1144 4433; x_wconf 91' lang='lat' dir='ltr'>loco</span> <span class='ocrx_word' id='word_1_300' title='bbox 1155 4371 1286 4435; x_wconf 88' lang='lat' dir='ltr'>nostris</span> <span class='ocrx_word' id='word_1_301' title='bbox 1297 4370 1374 4450; x_wconf 87' lang='lat' dir='ltr'>luit,</span> <span class='ocrx_word' id='word_1_302' title='bbox 1390 4380 1487 4434; x_wconf 90' lang='lat' dir='ltr'>totus</span> <span class='ocrx_word' id='word_1_303' title='bbox 1497 4370 1555 4433; x_wconf 91' lang='lat' dir='ltr'>ille</span> <span class='ocrx_word' id='word_1_304' title='bbox 1564 4386 1627 4449; x_wconf 72' lang='lat' dir='ltr'>po-</span> 
     </span>
     <span class='ocr_line' id='line_1_38' title="bbox 391 4475 1342 4558; baseline 0.003 -20"><span class='ocrx_word' id='word_1_305' title='bbox 391 4475 493 4555; x_wconf 90' lang='lat' dir='ltr'>pulus</span> <span class='ocrx_word' id='word_1_306' title='bbox 510 4478 545 4538; x_wconf 89' lang='lat' dir='ltr'>iu</span> <span class='ocrx_word' id='word_1_307' title='bbox 561 4476 628 4539; x_wconf 85' lang='lat' dir='ltr'>Dei</span> <span class='ocrx_word' id='word_1_308' title='bbox 644 4478 811 4558; x_wconf 89' lang='lat' dir='ltr'>obsequio</span> <span class='ocrx_word' id='word_1_309' title='bbox 827 4476 1109 4541; x_wconf 80' lang='lat' dir='ltr'>ferventissimus</span> <span class='ocrx_word' id='word_1_310' title='bbox 1120 4478 1263 4541; x_wconf 86' lang='lat' dir='ltr'>relictus</span> <span class='ocrx_word' id='word_1_311' title='bbox 1277 4486 1342 4541; x_wconf 90' lang='lat' dir='ltr'>est.</span> 
     </span>
    </p>
   </div>
   <div class='ocr_carea' id='block_1_3' title="bbox 398 4636 605 4648">
    <p class='ocr_par' dir='ltr' id='par_1_6' title="bbox 398 4636 605 4648">
     <span class='ocr_line' id='line_1_39' title="bbox 398 4636 605 4648; baseline 0 -1"><span class='ocrx_word' id='word_1_312' title='bbox 398 4636 605 4648; x_wconf 69' lang='lat' dir='ltr'><strong>u———-</strong></span> 
     </span>
    </p>
   </div>
   <div class='ocr_carea' id='block_1_4' title="bbox 434 4720 672 4773">
    <p class='ocr_par' dir='ltr' id='par_1_7' title="bbox 434 4720 672 4773">
     <span class='ocr_line' id='line_1_40' title="bbox 434 4720 672 4773; baseline 0.008 -12"><span class='ocrx_word' id='word_1_313' title='bbox 434 4720 440 4751; x_wconf 79' lang='lat'><strong>¹</strong></span> <span class='ocrx_word' id='word_1_314' title='bbox 472 4720 672 4773; x_wconf 72' lang='lat' dir='ltr'>castetfictardo.</span> 
     </span>
    </p>
   </div>
   <div class='ocr_carea' id='block_1_5' title="bbox 0 0 1873 5400">
    <p class='ocr_par' dir='ltr' id='par_1_8' title="bbox 0 0 1873 5400">
     <span class='ocr_line' id='line_1_41' title="bbox 0 0 1873 5400; baseline 0 0"><span class='ocrx_word' id='word_1_315' title='bbox 0 0 1873 5400; x_wconf 95' lang='lat' dir='ltr'> </span> 
     </span>
    </p>
   </div>
  </div>
 </body>
</html>
