3717 5400
359 475 415 536 223
818 474 945 534 canoa.
967 475 1046 534 Soc.
1068 476 1138 548 Jas.

362 621 460 684 vium
471 619 713 683 satisfactione
725 621 844 699 pueris
857 623 1062 700 praelegere
1074 620 1201 699 coepit,
1219 629 1252 682 et
1264 621 1299 681 in
1311 621 1388 682 sola
1401 619 1459 681 illa
1471 619 1594 683 schola

362 729 456 790 ultra
471 735 612 790 centum
627 727 832 790 scholastici
844 736 946 790 erant
961 733 982 786 ¹.

423 833 494 896 641.
537 833 574 897 ln
589 834 872 898 confessionibus
886 835 994 898 etiam
1007 846 1042 898 et
1056 834 1286 898 concionibus
1297 833 1434 897 fructus
1445 833 1598 897 eximius

362 961 383 1004 a
399 941 575 1022 frequenti
589 941 779 1028 admodum
795 941 1017 1004 multitudine
1034 941 1251 1022 capiebatur.

876 1191 1087 1204 ...ι-...ι-

422 1371 493 1434 642.
537 1371 693 1436 Bibonae
705 1371 903 1435 aedificium
917 1371 1068 1450 Collegii
1080 1387 1210 1450 magna
1226 1389 1306 1434 curn
1321 1371 1506 1451 diligentia
1521 1387 1598 1434 sur·

362 1479 469 1558 gebat
481 1488 516 1542 et
526 1479 569 1542 D.
585 1479 732 1543 isabella
744 1479 909 1557 Ducissa,
925 1488 1115 1558 antequam
1126 1477 1210 1542 illud
1225 1480 1481 1557 absolveretur,
1495 1495 1597 1558 urge·

360 1587 421 1650 bat
436 1585 577 1650 Patrem
593 1587 854 1650 Provincialem
868 1595 905 1648 ut
922 1587 1060 1666 aliquos
1075 1586 1118 1649 de
1134 1584 1312 1649 Societate
1328 1585 1374 1649 ad
1397 1586 1595 1649 inhabitan-

360 1695 444 1756 dum
459 1709 591 1757 novum
608 1693 804 1772 Collegium
820 1694 986 1756 mitteret.
1007 1691 1116 1755 Venit
1137 1703 1255 1755 autem
1276 1693 1424 1772 ipsemet
1447 1691 1595 1757 Provin-

359 1801 461 1863 cialis
476 1801 647 1863 Bibonam
663 1801 726 1864 sub
742 1799 846 1862 finem
861 1799 1008 1878 Aprilis.
1025 1810 1060 1862 et
1072 1799 1146 1879 jam
1160 1800 1292 1862 scholis
1312 1809 1442 1862 tectum
1460 1801 1593 1880 imponi

360 1907 481 1970 etsere
496 1908 542 1970 ad
561 1907 754 1970 secundum
774 1909 1007 1970 coenaculum
1027 1907 1283 1969 habitationem
1304 1906 1453 1985 Collegii
1474 1925 1596 1970 ascen·

359 2013 452 2077 disse
468 2015 710 2094 deprehendit,
728 2024 761 2076 et
778 2013 1006 2092 magnificum
1022 2013 1220 2076 aedificium
1236 2003 1306 2092 ipsi
1319 2014 1518 2077 videbatur.

419 2121 489 2183 643.
536 2121 762 2185 Gubernator
782 2131 899 2183 autem
926 2119 1001 2198 ejus
1028 2121 1124 2183 urbis
1139 2138 1265 2200 agrum
1280 2121 1479 2200 quemdam,
1492 2123 1597 2184 horto

359 2225 588 2307 ejusCollegii
598 2229 816 2308 contiguum,
827 2227 987 2306 Collegio
1002 2245 1211 2308 comparare
1223 2228 1411 2306 nitebatur,
1422 2229 1480 2290 ubi
1491 2228 1597 2292 vinea

359 2335 469 2413 fieret,
486 2353 577 2415 quae
592 2335 656 2398 toti
671 2335 829 2414 Collegio
851 2335 974 2398 vinum
992 2335 1188 2414 praeberet.
1211 2335 1394 2397 Habitatio
1410 2336 1597 2398 commoda

362 2443 535 2521 imprimis
548 2443 664 2506 futura
678 2459 754 2505 esse
770 2442 971 2514 videbatur;
994 2459 1074 2504 cum
1089 2453 1230 2521 praeter
1244 2441 1387 2505 hortum
1408 2443 1597 2522 quemdam

358 2550 585 2628 quadratum,
602 2550 704 2612 malis
721 2551 839 2612 aureis
866 2550 1044 2612 consitum
1060 2560 1120 2611 aut
1141 2549 1258 2626 citris,
1281 2551 1387 2612 alium
1402 2550 1509 2612 etiam
1525 2567 1596 2612 am·

359 2657 454 2735 plum
468 2655 705 2721 etfructiferis
719 2657 905 2721 arboribus
918 2659 1074 2737 plenum,
1089 2674 1131 2719 ac
1143 2657 1284 2721 vineam
1294 2667 1478 2737 praeterea
1490 2657 1597 2721 aliam

359 2765 516 2844 haberet,
534 2774 568 2827 et
582 2764 717 2827 fontem
731 2766 767 2827 in
783 2765 859 2844 ipso
875 2767 1043 2842 claustro,
1071 2766 1131 2845 qui
1151 2765 1197 2827 ad
1219 2765 1446 2828 refectorium
1462 2776 1497 2828 et
1511 2767 1594 2829 culi·
1611 2830 1616 2839 ,

358 2890 441 2935 nam
459 2882 492 2934 et
507 2872 552 2935 ad
564 2872 706 2935 hortum
722 2873 955 2935 domesticum
971 2873 1194 2951 irrigandum
1209 2873 1416 2935 deserviret.

419 2978 490 3042 644.
535 2978 665 3043 Nullibi
678 2996 763 3057 ergo
780 2980 1003 3042 commodius
1018 2980 1211 3043 habitaturi
1232 2979 1445 3043 videbantur
1464 2981 1499 3043 in
1520 2989 1594 3043 tota

357 3086 489 3164 Sicilia;
506 3094 541 3149 et
555 3087 637 3166 quia
655 3086 745 3148 allici
761 3087 865 3148 valde
883 3089 1037 3166 populus
1050 3084 1220 3150 Societati
1236 3087 1438 3164 videbatur,
1460 3087 1596 3149 fructus

355 3193 551 3272 spiritualis
576 3210 647 3257 non
670 3194 903 3272 poenitendus
924 3196 1153 3272 sperabatur,
1176 3203 1211 3255 et
1236 3194 1469 3257 scholasticos
1488 3195 1596 3257 etiam

362 3310 534 3363 externos
556 3310 728 3363 venturos
750 3317 827 3363 esse
848 3301 1070 3363 credebatur.
1088 3300 1125 3362 ln
1149 3311 1284 3363 aestate
1308 3309 1427 3363 autem
1442 3299 1595 3363 Ducissa

362 3408 521 3470 Bibonae
541 3407 822 3470 Calatabelotatn
845 3408 896 3469 ire
919 3409 1167 3485 constituerat,
1194 3418 1231 3470 ut
1257 3408 1408 3470 vicinior
1434 3396 1528 3471 e'sset
1550 3408 1594 3471 ad

356 3531 447 3593 opus
476 3515 561 3578 illud
589 3514 786 3591 urgendum
816 3524 848 3576 et
870 3515 1058 3593 pecuniam
1084 3513 1433 3577 subministrandam.
1461 3513 1594 3578 Retulit

356 3631 475 3685 autem
502 3624 534 3684 ei
559 3620 596 3683 P.
620 3621 854 3683 Provincialis
875 3622 1047 3701 scriptum
1070 3622 1137 3684 sibi
1162 3638 1240 3683 esse
1261 3639 1282 3682 a
1304 3621 1415 3684 fratre
1440 3623 1593 3701 quodam
1632 3626 1645 3641 ’

356 3738 479 3791 nostro
495 3728 636 3791 nomine
652 3726 809 3806 Sanctio,
834 3729 892 3807 qui
908 3729 1006 3807 operi
1026 3739 1205 3807 praeerat,
1223 3729 1317 3808 quod
1333 3730 1426 3791 intra
1442 3739 1594 3808 quatuor

355 3853 496 3899 menses
511 3834 710 3898 aedificium
731 3836 899 3913 compleri
921 3845 1076 3914 poterat,
1095 3836 1123 3897 si
1143 3836 1293 3914 singulis
1313 3836 1494 3898 mensibus
1514 3852 1593 3898 cen·

355 3952 430 4005 tum
452 3952 485 4004 et
506 3944 765 4021 quinquaginta
783 3943 881 4005 aurei
903 3943 1206 4020 emitterentur,
1232 3959 1338 4022 quam
1358 3959 1533 4005 summam
1555 3959 1593 4005 se

355 4050 546 4113 missuram
562 4050 791 4113 libentissime
806 4050 940 4130 recepit
956 4049 1121 4127 Ducissa,
1138 4068 1229 4130 quae
1250 4061 1322 4112 tam
1338 4050 1496 4112 animata
1517 4057 1593 4112 erat

355 4156 401 4218 ad
417 4174 506 4237 opus
521 4158 820 4237 prosequendum,
839 4168 877 4220 ut
898 4158 927 4219 si
944 4158 989 4219 ab
1005 4159 1064 4219 illo
1080 4168 1153 4220 tota
1177 4158 1289 4237 ipsius
1309 4158 1394 4220 ditio
1410 4157 1591 4237 penderet.

355 4252 451 4326 Intra
473 4281 580 4326 unum
600 4280 733 4326 annum
754 4264 796 4325 de
821 4266 895 4325 suis
916 4264 1074 4343 pecuniis
1096 4266 1190 4328 ultra
1211 4266 1304 4327 mille
1327 4275 1361 4328 et
1381 4266 1593 4343 quingentos

353 4386 482 4431 aureos
495 4370 567 4448 jam
583 4370 740 4448 dederat,
755 4382 896 4450 praeter
911 4371 948 4433 id
965 4371 1058 4451 quod
1074 4372 1202 4433 civitas
1224 4374 1440 4448 contulerat,
1456 4382 1490 4434 et
1505 4370 1593 4433 nihil

359 4504 571 4511 ——-

395 4574 403 4605 ¹
434 4572 508 4617 Haud
523 4576 588 4619 satis
599 4576 663 4620 haec
680 4576 820 4621 cohaerent
834 4577 942 4621 cumbis
959 4588 1025 4631 quae
1040 4577 1120 4621 habet
1131 4578 1277 4630 Acerram.
1288 4579 1305 4621 l.
1314 4589 1344 4630 c..
1355 4589 1378 4621 n.
1390 4588 1479 4632 xxvrn,
1497 4577 1540 4621 ubi
1551 4575 1578 4620 al

352 4644 462 4696 initium,
474 4644 593 4691 Octobris
604 4646 699 4701 Idibus,
711 4650 821 4702 positum
833 4659 888 4693 esse
900 4648 1017 4701 docendi,
1028 4650 1118 4703 “plena
1127 4649 1182 4703 jam
1191 4655 1270 4704 atque
1286 4650 1416 4693 instructa
1427 4648 1509 4693 Domo
1521 4646 1590 4702 apud

353 4716 476 4760 Sanctum
489 4716 628 4771 josephum
640 4728 664 4763 et
677 4722 759 4763 tribus
770 4721 867 4763 scholis
880 4720 912 4764 ad
924 4722 949 4764 id
960 4723 1142 4776 comparatis„
