3717 5400
806 481 872 539 Au.
899 481 969 541 1555
1452 485 1507 542 llo

267 631 361 693 inter
386 644 487 709 quos,
515 627 634 706 aliqui,
661 645 734 690 non
759 627 836 690 sine
860 627 992 705 labore,
1010 625 1055 689 ad
1079 628 1336 691 confessionem
1358 630 1501 693 adducti

269 745 362 800 sunt.
380 735 534 815 Quidam
550 734 657 798 etiam
672 734 763 797 alius
777 734 814 796 in
828 750 977 796 uxorem
997 734 1109 808 duxit,
1126 750 1232 814 quam
1248 753 1377 799 novem
1398 739 1503 800 annis

269 843 305 906 in
320 842 557 906 concubinam
571 840 763 918 habuerat,
779 849 815 903 et
829 841 879 902 ita
893 839 1034 902 demum
1057 851 1203 921 uterque
1223 841 1284 905 uni
1305 859 1350 906 ex
1369 844 1502 906 nostris

269 948 453 1012 confessus
467 957 533 1010 est.

330 1054 401 1118 410.
445 1054 526 1118 Non
540 1053 666 1117 tacebo
681 1071 772 1134 opus
792 1071 946 1133 magnae
969 1054 1168 1134 charitatiS,
1191 1055 1283 1135 quod
1304 1073 1368 1136 per
1390 1075 1497 1122 unum

268 1181 314 1226 ex
328 1163 384 1226 his
397 1161 562 1225 Patribus
577 1161 676 1224 Deus
691 1171 859 1241 operatus
873 1171 937 1224 est.
955 1161 1082 1224 Mulier
1096 1161 1271 1242 quaedam
1285 1163 1323 1225 in
1342 1165 1498 1244 quodam

267 1270 390 1334 ltaliae
414 1270 546 1349 populo
567 1268 790 1347 quibusdam,
813 1269 1039 1332 matrimonio
1065 1266 1274 1348 conjunctis
1305 1272 1495 1350 serviebat;

266 1394 358 1457 quae
373 1377 498 1456 spiritu
511 1375 665 1456 pessimo
677 1383 770 1453 acta,
784 1376 887 1438 uxori
897 1375 987 1438 dixit
999 1386 1137 1439 secreto
1149 1376 1243 1456 quod
1255 1379 1405 1441 maritus
1416 1397 1495 1442 eam

267 1499 408 1546 veneno
423 1494 553 1545 necare
568 1482 795 1560 decreverat,
812 1493 942 1545 etcum
957 1482 1017 1545 illa
1034 1482 1080 1545 ad
1094 1483 1208 1562 patris
1223 1485 1277 1546 sui
1292 1485 1434 1548 domum
1446 1486 1496 1549 fu·

267 1590 392 1669 gisset,
409 1589 534 1652 eadem
549 1588 639 1652 dixit
653 1587 781 1652 marito
796 1588 891 1669 quod
906 1589 1017 1668 ipsius
1031 1606 1123 1652 uxor
1137 1589 1347 1653 veneficium
1362 1593 1393 1654 ei
1416 1611 1493 1672 pro·

266 1697 391 1776 pinare
406 1695 637 1759 constituerat
650 1711 657 1772 ;
674 1705 709 1757 et
724 1694 877 1757 confecit
890 1711 937 1757 ex
950 1711 1066 1775 gypso
1081 1707 1116 1757 et
1131 1697 1250 1759 cinere
1263 1699 1383 1778 nescio
1396 1701 1492 1780 quid,

266 1801 360 1883 quod
376 1811 415 1865 ut
429 1819 606 1864 venenum
621 1801 680 1863 seli
696 1800 913 1864 domesticae
929 1818 1051 1864 coram
1066 1802 1195 1864 marito
1211 1803 1319 1883 dedit;
1336 1815 1371 1868 et
1387 1816 1424 1869 ut
1438 1809 1486 1870 vi-

266 1911 408 1973 deretur
422 1909 503 1972 selis
517 1919 658 1972 mortua
678 1926 723 1971 ex
742 1925 882 1970 veneno
903 1909 975 1986 illo,
997 1925 1075 1972 eam
1094 1911 1327 1988 praefocavit.
1350 1912 1387 1976 In
1404 1912 1479 1992 judi

266 2016 360 2080 cium
376 2015 530 2079 adducta
545 2023 581 2077 et
594 2015 649 2077 bis
664 2023 770 2092 torta,
787 2031 928 2094 semper
942 2015 1094 2094 perstitit
1110 2016 1145 2078 in
1161 2017 1227 2079 hac
1251 2021 1493 2084 commentitia

272 2123 515 2187 innocentium
531 2123 770 2200 accusatione,
788 2131 822 2184 et
836 2139 928 2184 uxor
944 2139 965 2184 a
986 2122 1113 2186 marito
1134 2134 1300 2203 separata
1321 2126 1447 2206 fuerat,
1471 2147 1492 2190 a

266 2247 336 2311 quo
362 2230 516 2309 gravida
541 2238 628 2292 erat.
656 2228 840 2292 Recedens
863 2230 923 2291 illa
943 2229 1097 2293 foemina
1116 2231 1366 2296 calumniatrix
1385 2235 1429 2298 ab
1448 2253 1493 2299 eo

265 2339 409 2418 populo,
427 2345 462 2400 et
476 2337 650 2400 Mutinam
664 2337 823 2411 veniens
849 2335 967 2399 omnia
989 2353 1069 2399 cum
1092 2335 1130 2400 P.
1150 2335 1310 2420 Philippo
1330 2343 1489 2422 contulit,

264 2461 356 2526 quae
372 2446 544 2507 scelerate
558 2441 789 2520 confinxerat,
808 2439 866 2524 [01]
879 2441 1072 2507 remedium
1085 2445 1223 2508 animae
1237 2463 1323 2510 suae
1337 2449 1492 2528 postula·

265 2552 333 2630 vit,
350 2568 431 2614 cum
448 2552 554 2614 etiam
570 2552 702 2614 multos
722 2567 847 2626 annos,
870 2550 1047 2629 sacrilega
1067 2553 1264 2616 temeritate
1285 2555 1321 2616 in
1340 2567 1492 2634 peccato

263 2657 465 2740 hujusmodi
489 2674 736 2739 perseverans
754 2657 797 2721 ad
823 2667 1048 2721 sacramenta
1068 2660 1288 2725 accessisset.
1309 2660 1494 2728 Persuasit

264 2782 352 2846 ergo
375 2768 407 2829 ei
428 2776 465 2829 ut
487 2766 632 2843 famam,
657 2764 905 2845 quoquomodo
925 2776 1056 2844 posset,
1077 2768 1290 2848 restitueret;
1312 2781 1346 2832 et
1368 2788 1490 2835 coram

266 2871 414 2937 Vicario
430 2891 473 2935 ac
488 2872 628 2934 notario
644 2872 810 2951 Episcopi
825 2889 868 2935 ac
883 2872 1031 2935 testibus
1045 2874 1232 2937 veritatem
1253 2876 1303 2938 rei
1325 2878 1434 2941 totius
1456 2892 1490 2943 et

264 2996 366 3043 suam
382 2979 596 3043 calumniam
613 2987 811 3041 contestata
827 2988 892 3041 est.
908 2978 1057 3042 Curavit
1072 2989 1189 3043 autem
1203 2980 1241 3044 P.
1259 2981 1441 3065 Philippus
1452 2994 1490 3050 ut

265 3086 312 3149 ad
327 3086 562 3165 magistratus
576 3086 670 3148 illius
684 3086 815 3165 populi,
833 3086 892 3165 qui
908 3086 1012 3149 valde
1034 3097 1191 3150 remotus
1210 3088 1290 3152 inde
1310 3099 1397 3169 erat,
1422 3093 1491 3157 hoc

267 3192 508 3256 testimonium
523 3191 750 3271 perferretur,
775 3202 903 3254 utnon
923 3195 1036 3255 solum
1057 3192 1164 3273 sama,
1187 3194 1248 3258 sed
1270 3206 1305 3260 01
1326 3200 1425 3279 quies
1446 3218 1491 3265 ac

262 3298 510 3363 benevolentia
537 3298 783 3361 innocentibus
807 3299 875 3361 illis
899 3298 1115 3379 conjugatis
1142 3318 1223 3365 cum
1246 3303 1490 3371 aedificatione

262 3406 519 3488 proximorum,
536 3405 794 3469 restitueretur:
811 3406 1116 3470 calumniatricem
1131 3418 1249 3473 autem
1270 3420 1308 3475 ut
1326 3430 1390 3492 per
1410 3431 1491 3493 poe·

262 3512 449 3576 nitentiam
463 3512 530 3577 sibi
545 3514 745 3575 consuleret
760 3512 921 3575 hortatus
937 3522 1000 3591 est,
1014 3515 1131 3594 inqua
1144 3515 1215 3594 illa,
1229 3527 1374 3597 peracta
1385 3537 1491 3600 gene·

263 3622 332 3683 rali
347 3620 581 3697 consessione,
598 3619 785 3698 diligenter
799 3621 1055 3699 perseveravit.

322 3725 393 3789 411.
437 3726 474 3789 Ρ.
491 3724 693 3806 Stephanus
709 3723 717 3755 ¹
734 3726 922 3789 dominicis
941 3736 976 3788 et
996 3726 1097 3791 festis
1117 3730 1240 3796 diebus
1260 3735 1492 3799 concionaba-

262 3840 331 3911 tur,
347 3842 382 3895 et
399 3834 576 3896 aleatores
589 3832 792 3911 aliquando,
806 3850 877 3895 non
888 3834 1004 3896 solum
1015 3835 1147 3914 verbis,
1163 3838 1343 3904 sedetiam
1356 3842 1492 3907 chartis

260 3938 444 4016 laceratis,
463 3956 483 4001 a
498 3942 577 4001 lusu
593 3938 797 4015 revocavit,
814 3940 978 4019 quamvis
999 3941 1117 4021 aliqua
1138 3944 1169 4006 ei
1185 3947 1324 4010 ocassio
1339 3945 1350 3977 ¹
1365 3966 1387 4011 a
1408 3967 1491 4030 quo·

259 4044 342 4109 dam
358 4062 481 4108 eorum
492 4044 576 4107 data
588 4054 653 4124 est,
665 4062 749 4107 nam
762 4062 852 4108 unus
863 4064 907 4108 ex
920 4047 1099 4110 lusoribus
1111 4050 1355 4131 reprehensus
1370 4072 1490 4135 quam·

260 4150 343 4213 dam
369 4169 413 4214 ex
436 4151 571 4215 chartis
591 4151 642 4213 illi
662 4151 862 4229 ostendens
886 4152 996 4229 “vide,
1022 4154 1145 4233 inquit,
1169 4166 1330 4221 sanctum
1352 4161 1490 4243 istum,;

264 4274 371 4338 quam
397 4258 454 4321 ille
479 4258 659 4338 accipiens
683 4268 717 4321 et
746 4258 963 4339 discerpens
993 4260 1129 4323 hortari
1155 4263 1271 4343 coepit
1291 4275 1328 4328 ut
1349 4276 1383 4330 et
1402 4269 1493 4333 alias

261 4366 411 4445 ipsemet
426 4364 653 4444 discerperet,
672 4364 765 4445 quod
780 4376 814 4428 et
828 4364 923 4428 fecit.

297 4638 308 4673 ¹
336 4638 364 4683 P.
376 4639 524 4695 Stephanus
532 4640 677 4685 Baroellna.

299 4712 311 4744 ¹
338 4712 372 4757 Ut
382 4712 491 4756 chartas
501 4713 639 4757 laceraret.

413 4798 453 4859 Τ.
468 4817 499 4857 v.
