3717 5400
361 469 417 528 2t8
818 470 947 530 Canos.
967 469 1045 529 Scc.
1066 471 1136 542 jas.

363 613 517 692 Pragam
531 633 659 678 versus
672 615 813 679 Vienna
828 617 1012 696 proiectus
1025 627 1090 694 est,
1103 627 1141 679 ut
1156 628 1390 698 praepararet
1404 635 1495 698 quae
1510 637 1593 682 ven·

362 731 441 784 turo
457 722 615 800 Collegio
629 733 731 785 erant
746 733 958 804 opportuna.

422 828 491 891 703.
534 827 602 892 Sed
627 840 818 909 antequam
838 831 1019 893 recederet
1044 830 1201 906 Vienna,
1228 831 1365 894 litteras
1390 833 1530 912 accepit
1545 833 1592 895 ab

360 933 536 1016 Episcopo
553 936 765 1012 Varmiensi‚
783 935 962 1000 Stanislao
981 937 1078 1016 Osio,
1104 940 1230 1018 quibus
1256 939 1378 1001 decem
1392 957 1438 1001 ex
1458 940 1592 1002 nostris

359 1051 398 1104 ut
412 1055 553 1106 curaret
568 1042 662 1107 adse
677 1046 868 1108 transmitti
884 1047 915 1108 ei
931 1047 1167 1122 commendat,
1183 1046 1310 1126 quibus
1322 1059 1357 1108 et
1369 1047 1540 1108 viaticum
1551 1064 1590 1110 se

359 1151 550 1212 missurum
565 1149 776 1214 Cracoviam
793 1170 903 1232 usque
923 1153 1075 1231 diceb-aq
1092 1164 1126 1216 et
1140 1154 1271 1217 ibidem
1291 1171 1402 1233 usque
1421 1154 1590 1233 Btuspet·

358 1271 455 1334 gam;
467 1257 524 1318 ubi
536 1275 622 1319 veto
634 1257 679 1320 ad
694 1275 732 1320 se
744 1261 1003 1338 pervenissent,
1018 1259 1157 1341 nequid
1174 1278 1294 1323 retum
1306 1261 1590 1323 necessariarum

359 1363 412 1423 eis
424 1362 560 1426 deesset
572 1381 610 1426 se
622 1363 840 1428 effecturum.
851 1366 1035 1445 Quaedam
1047 1369 1153 1430 etiarn
1167 1368 1239 1429 alia
1250 1385 1330 1429 cum
1342 1368 1466 1430 eodem
1478 1366 1516 1428 P.
1526 1366 1591 1429 Ca·

358 1469 450 1532 nisio
466 1469 669 1534 conserebat
684 1472 729 1535 ad
745 1489 933 1536 commune
957 1474 1089 1536 bonum
1106 1475 1318 1554 pertinentia
1348 1477 1368 1536 ¹.
1387 1475 1591 1537 Laborabat

359 1723 416 1756 rum
425 1711 574 1766 (Euchelia,
584 1713 740 1758 Geschichte
750 1714 798 1758 der
807 1715 958 1770 Reglernng
970 1715 1119 1760 Ferdlnand
1130 1717 1176 1760 des
1186 1715 1291 1766 Ersten,
1302 1727 1348 1769 νη,
1358 1716 1417 1765 illo).
1428 1715 1502 1760 Hanc
1510 1717 1592 1761 admi·
1648 1715 1651 1720 ’

360 1784 539 1828 nistratlonent
549 1796 616 1829 anno
627 1787 680 1828 l'oil
688 1793 841 1841 susceperat
851 1787 907 1831 eius
917 1787 999 1831 irater
1009 1787 1188 1832 Ferdinandus
1198 1787 1537 1842 Arehldnxt1529·15<h'›;.qni
1546 1800 1591 1843 po·

358 1861 418 1898 alea
429 1856 567 1899 comitatus
578 1856 709 1900 tirolensis
720 1866 746 1900 et
756 1858 880 1902 Austriae
892 1859 1033 1903 anterioris
1042 1858 1196 1910 (Vorlande)
1205 1860 1327 1913 princeps
1336 1859 1422 1902 iactus
1435 1860 1471 1902 lbl
1481 1859 1590 1904 catholi-

358 1937 418 1970 cam
429 1927 582 1980 religionem
591 1933 617 1971 et
633 1927 791 1972 Societatem
805 1928 866 1981 Jesu
877 1931 983 1984 egregie
998 1933 1113 1985 protexit
1123 1940 1151 1974 et
1165 1931 1292 1983 adiuvit..
1306 1929 1520 1984 Bsauttsssactta,
1531 1931 1548 1973 l.
1558 1943 1589 1980 c.

358 2009 419 2053 pag.
429 1999 478 2043 5⁴7.
489 2007 576 2043 annot.
587 1999 608 2042 2.

399 2071 407 2102 ¹
437 2069 491 2114 Has
502 2072 614 2124 litteras.
625 2075 685 2128 qula
695 2077 764 2118 lectu
774 2074 942 2128 dignissimae
953 2081 1021 2126 sunt,
1032 2086 1079 2118 nec
1090 2083 1176 2118 tamen
1187 2073 1322 2116 stanislai
1330 2074 1410 2117 Hosii
1417 2073 1557 2128 epistolae,
1563 2080 1589 2114 et

360 2141 551 2186 Pusiaralbiatt
556 2143 610 2199 siit
618 2145 663 2188 tite
673 2145 785 2189 Didcesa
794 2145 937 2195 ErmIand,
946 2152 973 2188 et
984 2133 1088 2188 canisii
1097 2146 1233 2200 epistulae
1242 2147 1269 2189 ei
1280 2146 1354 2196 Acta,
1363 2145 1389 2188 in
1400 2145 1493 2198 quibus
1501 2144 1589 2187 editae

357 2219 426 2266 sunt,
436 2215 469 2258 ad
480 2215 591 2259 omnium
602 2228 692 2259 manus
703 2217 776 2260 facile
792 2217 953 2270 pervenient,
962 2218 996 2260 ad
1006 2229 1070 2272 quos
1079 2218 1127 2260 ltoc
1138 2217 1251 2259 Potasti
1267 2217 1421 2264 chronicon,
1431 2216 1472 2258 hic
1487 2216 1589 2268 integre

360 2285 486 2340 subiicere
497 2298 546 2329 non
555 2288 660 2341 pigebit:
671 2288 711 2330 “S.
722 2288 751 2331 P.
762 2288 826 2332 Cum
836 2300 870 2332 ex
884 2289 933 2342 bis,
944 2300 1010 2342 quae
1025 2299 1126 2332 mecum
1140 2299 1228 2332 coram
1238 2290 1292 2342 egit
1307 2288 1435 2331 blartinus
1451 2286 1590 2330 Cromerus

358 2358 442 2401 veteri
454 2359 515 2402 mlhl
525 2361 712 2403 necessitudine
724 2361 883 2412 coniunctus,
898 2361 941 2414 qul
954 2361 1015 2403 mihi
1027 2361 1130 2404 litteras
1139 2362 1220 2403 etlam
1230 2369 1290 2402 tuas
1299 2361 1333 2403 ad
1343 2371 1370 2402 se
1380 2360 1493 2412 scriptas
1502 2365 1588 2401 osten·

358 2427 404 2478 dit,
415 2435 470 2471 tum
480 2439 512 2470 ex
527 2429 577 2476 his,
593 2440 658 2482 quae
668 2430 773 2484 scripsit
785 2430 817 2472 ad
833 2441 872 2472 me
888 2429 1045 2473 Fredericus
1060 2431 1204 2485 Staphllus.
1222 2439 1247 2473 et
1261 2429 1303 2484 qui
1319 2432 1360 2472 vir
1373 2441 1445 2472 esses
1455 2438 1481 2471 et
1492 2437 1590 2482 quanta

359 2505 420 2541 tuae
429 2499 573 2543 voluntatis
584 2501 608 2543 ln
619 2511 658 2544 nte
669 2503 843 2556 propendetes
853 2503 1028 2554 inclinatione,
1042 2503 1158 2556 cognovi.
1170 2501 1225 2556 Ego
1240 2512 1312 2553 vero,
1324 2502 1372 2544 etsi
1384 2501 1450 2544 tede
1461 2501 1528 2544 facie
1539 2512 1589 2542 non

359 2570 427 2622 novi,
443 2582 492 2616 non
507 2583 609 2626 possum
620 2583 708 2616 tamen
719 2575 798 2617 talem
812 2576 896 2617 ritum
907 2584 957 2617 non
967 2575 1071 2626 plurimi
1080 2575 1174 2623 iacere.
1186 2576 1289 2629 qualern
1299 2575 1333 2617 ab
1343 2574 1391 2624 his.
1402 2584 1510 2628 qnorum
1520 2571 1589 2625 apud

359 2652 399 2684 nte
410 2643 585 2688 testimonium
600 2646 696 2689 babere
707 2645 800 2689 merito
811 2647 909 2701 pondus
924 2647 1010 2695 debet.
1020 2646 1167 2700 praedicari
1176 2646 1261 2688 audio.
1273 2647 1358 2700 Atque
1369 2647 1469 2688 utinam
1479 2644 1550 2687 attius
1561 2651 1589 2685 tu

357 2715 492 2759 societatis
502 2728 537 2769 es.
548 2729 579 2761 ex
590 2731 621 2762 ea
631 2730 731 2773 possem
742 2721 842 2773 aliquos
853 2719 1030 2761 nanciscimur
1041 2718 1151 2761 similent
1162 2718 1307 2772 quempiam
1322 2729 1430 2771 sperare
1439 2729 1489 2761 non
1499 2716 1591 2764 audeo.

359 2787 405 2830 sed
414 2794 589 2833 contentuseo
600 2796 686 2834 tamen
697 2790 787 2834 iorem.
798 2792 840 2845 qui
856 2802 933 2845 quarn
949 2793 1064 2846 proxime
1076 2792 1109 2833 ad
1120 2800 1145 2832 te
1155 2792 1300 2833 accederet.
1311 2790 1378 2833 Nam
1388 2789 1453 2832 haec
1463 2789 1588 2832 dioecesis

359 2870 426 2909 mea.
438 2860 459 2903 sl
469 2871 534 2914 quae
545 2862 607 2913 alia,
619 2863 710 2906 talium
726 2864 842 2905 virorum
855 2863 1024 2906 vehementer
1040 2862 1155 2915 indixere
1168 2862 1279 2905 videtur.
1290 2861 1450 2904 curaveram
1464 2860 1588 2903 Cromero

360 2936 448 2975 nostro
462 2933 601 2985 sexaginta
616 2944 708 2978 aureos
725 2934 890 2987 Hungaticos
905 2935 1036 2977 numerari
1053 2934 1206 2983 cracoviae.
1216 2945 1279 2987 quos
1289 2933 1315 2975 in
1325 2934 1414 2975 urbem
1428 2931 1589 2975 transmitte·

359 3008 409 3052 ret.
420 3002 465 3045 sed
475 3004 574 3049 lecerat
584 3006 606 3048 is
616 3015 656 3048 me
671 3006 724 3048 suls
736 3007 819 3049 literis
835 3008 982 3049 certiorem.
995 3007 1066 3059 prius
1080 3006 1113 3047 ad
1124 3004 1274 3048 Pontificem
1290 3016 1321 3047 ea
1336 3004 1366 3046 de
1381 3015 1411 3046 re
1425 3004 1588 3046 scribendum

360 3084 425 3119 esse.
436 3086 512 3127 quam
522 3087 553 3118 eo
563 3078 672 3129 pecunia
684 3078 915 3121 transmitteretur.
927 3076 999 3128 Quod
1009 3080 1026 3119 a
1036 3088 1076 3118 me
1088 3080 1125 3119 ita
1135 3076 1234 3119 iactum
1244 3085 1293 3129 est;
1302 3076 1396 3128 scripsi
1405 3083 1431 3117 et
1441 3074 1475 3117 ad
1486 3073 1590 3117 Pontifi-

360 3154 415 3189 cem
426 3152 452 3189 et
463 3148 495 3189 ad
506 3146 672 3192 cardinalem
687 3148 796 3191 Puteum
806 3158 832 3191 et
843 3148 876 3191 ad
888 3149 953 3193 alios
969 3150 1112 3198 nonnullos,
1129 3158 1279 3200 responsum
1295 3148 1421 3189 hactenus
1435 3147 1533 3189 nullum
1548 3156 1589 3187 ac·

360 3219 424 3271 cepl.
435 3217 536 3270 Quaeso
546 3229 581 3270 te.
592 3219 657 3263 velis
669 3232 708 3263 me
718 3221 843 3271 adiutum.
855 3228 882 3263 ut
894 3221 994 3273 aliquos
1004 3220 1035 3262 de
1046 3221 1172 3262 societate
1181 3228 1271 3261 vestra
1279 3219 1375 3262 habere
1384 3229 1485 3272 qneam;
1493 3228 1589 3271 magno

359 3300 399 3331 me
414 3292 461 3333 abs
472 3298 496 3333 te
507 3291 630 3334 beneficio
640 3292 760 3335 affectum
777 3293 978 3345 interpretabor.
994 3290 1061 3334 Nam
1075 3292 1148 3333 cuius
1163 3290 1204 3333 hic
1219 3301 1299 3343 opera
1313 3297 1384 3333 recte
1401 3290 1439 3333 uti
1455 3290 1552 3344 possim
1562 3291 1589 3333 in

360 3362 514 3405 revocandis
524 3364 556 3405 ad
568 3365 693 3406 unitatem
703 3365 827 3406 ecclesiae
839 3364 887 3411 his.
903 3364 944 3417 qui
961 3373 1057 3405 temere
1068 3368 1275 3414 segregaverunt
1291 3362 1452 3414 semetipsos.
1462 3362 1588 3404 neminem

363 3432 458 3475 habete
469 3434 568 3477 videor.
579 3433 640 3477 Mihi
650 3436 751 3487 quidem
764 3437 886 3477 voluntas
897 3443 1018 3489 prompta
1030 3445 1081 3477 non
1096 3434 1168 3476 deest
1180 3434 1212 3476 ad
1228 3444 1259 3475 ea
1270 3441 1405 3487 quaesunt
1416 3433 1529 3475 muneris
1539 3433 1589 3475 mei

360 3504 527 3557 praestanda,
538 3505 582 3547 sed
592 3498 705 3559 peccatis
716 3508 780 3549 meis
790 3506 888 3550 iactum
898 3512 946 3555 est.
956 3512 986 3549 ut
996 3506 1122 3550 hactenus
1136 3510 1245 3547 conatus
1255 3504 1304 3547 mel
1314 3504 1377 3547 mihi
1387 3515 1479 3557 parum
1489 3514 1590 3547 succes-

360 3574 451 3617 serint.
463 3574 621 3630 Ubicumque
631 3578 681 3620 loci
693 3578 739 3621 tibi
750 3579 835 3621 visum
845 3578 923 3621 luerit
938 3579 1075 3633 pecuniam
1090 3578 1245 3630 insumptam
1256 3576 1305 3625 his.
1316 3586 1380 3629 quos
1388 3576 1455 3618 mitti
1467 3575 1530 3619 milti
1544 3587 1588 3617 ve-

361 3648 405 3689 llrn
416 3646 505 3691 decern
519 3660 634 3700 numero,
645 3651 667 3693 ai
678 3649 732 3692 lieri
743 3651 833 3703 possit.
848 3651 1033 3693 numerandam
1048 3651 1155 3692 curabo.
1165 3648 1339 3701 Posteaquam
1354 3657 1417 3690 vero
1433 3646 1588 3692 Cracoviam

362 3718 415 3761 Deo
427 3718 489 3762 bene
501 3720 607 3763 iuvante
618 3723 744 3773 venerint,
754 3722 882 3776 accipient
892 3722 926 3765 ibi
938 3733 1037 3776 quoque
1046 3720 1182 3775 pecuniam
1190 3726 1299 3770 tantam.
1310 3725 1408 3773 quauta
1417 3719 1451 3763 ad
1461 3720 1588 3772 reliquum

363 3792 463 3835 itineris
477 3792 661 3837 conficiendum
675 3794 732 3839 visa
750 3794 828 3839 fuerit
839 3795 996 3837 necessaria.
1010 3792 1073 3836 Cum
1082 3800 1171 3836 autem
1184 3791 1361 3845 praesentiunt
1371 3791 1472 3843 illorum
1483 3792 1587 3835 dabitur

359 3870 485 3915 potestas.
496 3866 674 3918 providebitur
685 3878 701 3909 a
712 3878 751 3909 me
763 3867 911 3920 diligenter,
922 3877 952 3908 ne
963 3866 1023 3919 quid
1033 3865 1072 3907 eis
1082 3864 1148 3907 desit
1158 3874 1243 3906 rerum
1254 3864 1365 3906 omnium
1373 3869 1400 3906 et
1412 3863 1446 3906 ad
1456 3864 1554 3905 victum
1562 3870 1589 3905 et

357 3935 391 3978 ud
402 3938 524 3980 amictum
533 3938 725 3992 pertinentium.

400 4006 517 4052 Ostendit
527 4009 590 4053 mlhl
601 4016 739 4063 praeterea
750 4008 888 4052 Cromerns
898 4018 995 4061 noster,
1005 4019 1071 4063 quae
1081 4008 1209 4062 scripsisti
1220 4009 1251 4050 de
1262 4006 1283 4050 F
1285 4006 1357 4059 ticio,
1368 4006 1457 4059 dequo
1467 4012 1538 4049 recte
1552 4006 1590 4049 iu·

358 4080 458 4123 dicasse
468 4082 571 4125 videris.
580 4082 677 4125 Contra
689 4094 765 4137 quem
773 4088 860 4125 autem
869 4081 962 4125 librum
970 4082 1107 4135 apologiae
1117 4081 1184 4124 istae
1192 4080 1356 4133 conscriptae
1364 4081 1425 4128 sint.
1432 4084 1495 4131 puto
1505 4083 1531 4121 te
1539 4089 1588 4121 non

358 4152 488 4205 ignorate.
499 4152 571 4196 Nunc
582 4156 628 4197 abs
639 4161 665 4197 te
674 4154 731 4198 dati
743 4154 804 4197 mihi
814 4154 949 4197 consilium
960 4163 1030 4208 peto,
1040 4164 1100 4196 num
1110 4153 1238 4206 apologiis
1252 4151 1307 4195 eius
1322 4150 1527 4204 respondendum
1542 4150 1589 4192 ali·

358 4224 417 4277 quid
429 4236 485 4267 esse
496 4236 611 4271 censeas.
620 4236 666 4269 nec
677 4238 717 4269 ne.
734 4226 827 4277 Quodsi
838 4226 1044 4279 respondendum
1054 4225 1194 4276 censueris,
1204 4235 1264 4267 num
1275 4224 1413 4276 adomnia,
1424 4230 1470 4267 aut
1480 4222 1513 4266 atl
1523 4234 1588 4276 quae

357 4298 527 4349 potissimum.
537 4296 593 4340 Duo
604 4300 742 4350 praecipue
753 4304 837 4351 urget:
848 4308 925 4341 unum
936 4304 964 4341 ut
975 4299 1049 4340 laicis
1059 4298 1090 4339 de
1101 4308 1181 4339 causa
1191 4296 1249 4339 fidei
1260 4295 1376 4339 iudicare
1384 4296 1427 4349 sit,
1436 4295 1461 4338 in
1469 4306 1519 4349 quo
1528 4295 1589 4338 milti

359 4370 515 4422 permultum
524 4380 581 4412 esse
590 4370 700 4422 positum
711 4371 822 4423 t·idctur;
835 4372 948 4413 alterum
958 4370 1042 4412 letius
1053 4368 1136 4411 videri
1152 4373 1240 4421 posset
1250 4378 1281 4411 ac
1291 4368 1358 4410 forte
1373 4368 1478 4411 silentio
1487 4376 1590 4421 praete-

358 4440 412 4493 ritl¹
425 4440 473 4484 nisi
484 4442 541 4495 plns
552 4442 660 4484 liaberet
670 4440 696 4483 in
707 4452 811 4485 recessu
828 4452 904 4496 quam
920 4449 1045 4495 quantum
1060 4440 1199 4483 exhibetur
1208 4439 1293 4494 prima
1307 4438 1400 4482 itonte.
1412 4438 1480 4483 Nam
1494 4439 1590 4482 homini

358 4514 470 4567 seipsum
482 4512 558 4555 nimio
573 4515 630 4567 plus
641 4514 738 4555 amanti
750 4513 785 4555 nil
797 4513 890 4567 placet,
902 4513 968 4566 quod
980 4512 1013 4555 ad
1024 4512 1190 4561 catholicam,
1199 4506 1265 4559 niitil
1274 4514 1367 4553 contra
1381 4521 1432 4553 non
1441 4510 1591 4564 cumprimis

359 4592 463 4639 gratum
474 4593 522 4637 est.
532 4588 598 4638 quod
610 4586 642 4629 ad
654 4586 767 4629 schisma
777 4586 906 4638 pertinere
920 4584 1031 4636 videtur,
1043 4582 1281 4632 cuiusdeiendendi.
1290 4584 1392 4636 quoties
1401 4594 1429 4625 se
1440 4582 1524 4632 oliert.
1535 4583 1588 4625 nul·

360 4660 410 4701 lam
421 4658 583 4701 occasionem
599 4658 796 4711 praetermittit.
807 4657 877 4700 Nihil
888 4658 956 4699 enim
971 4657 1027 4709 agit
1038 4656 1063 4699 in
1074 4662 1129 4698 toto
1139 4665 1169 4697 eo
1180 4655 1253 4706 libro,
1262 4660 1338 4709 quent
1349 4654 1455 4708 scripsit
1465 4654 1497 4697 de
1507 4656 1589 4697 eccle-

359 4731 405 4785 sia,
417 4741 493 4785 quam
508 4732 572 4784 quod
586 4736 691 4783 recepta
706 4731 832 4774 ecclesiae
848 4730 972 4782 dogmata
982 4730 1002 4771 si
1014 4728 1097 4771 minus
1112 4728 1268 4781 convellere,
1278 4735 1350 4771 certe
1361 4728 1386 4771 ln
1399 4727 1504 4771 dubium
1513 4738 1590 4771 revo-
