3717 5400
696 549 703 559 -
773 524 930 585 An15t>5
988 512 990 515 ⁵
1411 516 1468 581 721·
1517 577 1520 586 ,

234 675 362 753 insula,
382 681 421 737 ut
441 672 612 737 ecclesiae
631 688 754 736 curam
774 671 957 749 haberent,
981 658 1240 752 pernoctabant
1254 686 1363 751 prope
1377 677 1464 733 tem·

236 780 333 863 plum
349 778 370 843 ¹.

298 886 389 950 2021.
432 884 470 949 P.
485 893 603 950 autem
614 885 757 965 Gaspar
767 883 927 964 Vilella¹,
941 885 1049 949 etiam
1063 902 1144 948 cum
1157 884 1337 949 recederet
1351 881 1467 947 Chan-

236 994 357 1059 tonem
375 992 413 1057 P.
430 993 612 1072 Melchior,
637 993 693 1057 his
712 993 854 1074 pietatis
875 992 1042 1073 operibus
1062 992 1148 1056 dare
1175 1006 1321 1073 operam
1340 990 1464 1071 potuit.

238 1099 317 1165 Hoc
331 1108 450 1163 autem
464 1099 623 1180 tempore
642 1100 740 1163 venit
760 1116 805 1162 ex
819 1098 956 1181 Japone
977 1099 1012 1163 in
1028 1099 1190 1163 eumdem
1210 1107 1352 1179 portum
1364 1097 1467 1161 Lam-

237 1208 402 1289 pachaon
417 1207 522 1270 navis
537 1206 713 1287 quaedam
722 1206 828 1270 valde
840 1190 941 1270 dives
952 1204 1109 1270 Eduardi
1120 1206 1164 1269 de
1176 1205 1291 1270 Gama
1302 1202 1324 1285 ⁵3
1338 1213 1372 1267 et
1385 1220 1466 1267 cum

239 1322 363 1395 ageret
378 1314 415 1378 P.
433 1313 604 1377 Melchior
619 1313 662 1376 de
677 1312 794 1377 reditu
809 1330 936 1377 versus
951 1313 1127 1377 Malacam
1148 1321 1183 1376 et
1197 1310 1344 1387 Indiam,
1362 1328 1468 1391 aqua

237 1420 313 1485 lere
328 1422 417 1485 duos
429 1437 542 1484 annos
557 1419 731 1499 abluerat,
747 1436 986 1501 necunquam
1002 1419 1230 1500 perveniendi
1245 1419 1281 1482 in
1295 1417 1468 1500 Japonem

236 1529 324 1592 data
338 1529 370 1591 ci
385 1527 536 1591 facultas
551 1526 677 1600 fuerat3
694 1536 817 1591 ettam
831 1528 943 1591 multa
958 1535 1101 1608 tamque
1116 1543 1289 1607 prospera
1305 1526 1348 1589 de
1363 1524 1470 1589 rebus

235 1634 485 1716 J'aponensium
509 1635 653 1698 lusitani
678 1644 912 1715 acceperunt,
942 1644 980 1697 ut
1007 1633 1140 1698 Christi
1168 1632 1272 1697 iidem
1301 1633 1396 1696 serio
1421 1631 1470 1695 ibi

239 1758 404 1807 crescere
423 1740 671 1821 intelligerent,
694 1738 822 1819 utiam
840 1742 1041 1821 complures
1066 1741 1212 1804 navium
1236 1738 1408 1821 praelecti
1427 1754 1470 1801 eo

240 1848 417 1928 navigare
431 1849 563 1910 vellent
585 1858 620 1910 et
639 1846 677 1910 P.
693 1844 923 1909 Melchiorem
937 1847 1130 1910 invitarent
1143 1846 1305 1909 certatim
1317 1846 1362 1908 ad
1377 1846 1470 1909 hanc

241 1955 524 2035 navigationem,
549 1970 656 2035 quam
678 1953 780 2034 prius
798 1972 844 2017 ne
867 1954 1008 2034 magnis
1033 1953 1174 2035 quidem
1199 1953 1273 2017 suis
1302 1952 1471 2032 impensis

241 2062 466 2127 commodam
482 2061 643 2125 invenire
661 2068 814 2141 poterat.

304 2167 396 2231 2022.
438 2167 616 2250 Judicavit
631 2184 718 2246 ergo
729 2167 908 2247 expedire,
925 2176 1116 2249 antequam
1126 2168 1162 2230 in
1177 2166 1313 2231 Indiam
1327 2164 1470 2244 rediret,

244 2285 283 2340 ut
298 2273 512 2356 japoncnses
528 2274 636 2337 etiam
657 2274 837 2365 inviseret,
859 2283 894 2337 et
913 2274 1094 2337 biennium
1114 2272 1209 2353 illud,
1234 2272 1327 2353 quod
1348 2272 1383 2337 in
1402 2272 1471 2335 hoc

244 2383 371 2447 itinere
383 2389 663 2461 consumpserat,
680 2381 845 2461 quamvis
859 2381 951 2444 male
967 2382 1082 2460 ipsum
1097 2381 1255 2459 haberet,
1272 2380 1334 2443 sed
1353 2388 1473 2443 tamen

244 2489 497 2553 consolabatur
517 2476 680 2569 exemplo
705 2486 743 2551 B.
766 2486 959 2567 Pauli,'qui
984 2488 1124 2550 biennio
1149 2488 1284 2551 Romae
1310 2487 1473 2549 detentus

245 2596 312 2659 fuit
331 2605 365 2660 et
384 2595 568 2675 hyemavit
591 2596 627 2657 in
648 2595 764 2657 insula
779 2594 921 2657 Melitae
943 2603 1022 2674 post
1045 2592 1288 2673 naufragium
1310 2593 1474 2675 quamvis

249 2721 293 2768 ne
309 2705 345 2766 in
359 2704 427 2766 hoc
439 2703 579 2783 quidem
591 2702 733 2765 biennio
748 2710 954 2766 cessaverat
969 2701 1141 2780 Malacae,
1158 2717 1193 2765 et
1210 2702 1247 2764 in
1258 2701 1421 2778 navibus,
1438 2709 1472 2762 et

246 2811 283 2873 in
297 2821 404 2890 portu
415 2808 635 2888 Lampachai
646 2826 667 2871 a
679 2808 944 2888 praedicatione
958 2819 993 2871 et
1007 2807 1203 2872 christiana
1215 2807 1376 2871 doctrina
1392 2807 1472 2870 edo·

244 2917 371 2994 cenda,
394 2926 429 2979 et
451 2915 570 2978 multis
595 2914 703 2977 etiam
720 2932 784 2995 per
808 2915 985 2996 colloquia
1006 2914 1195 2978 familiaria
1208 2913 1375 2993 juvandis
1395 2924 1474 2977 eta

249 3023 407 3104 peccatis
422 3021 657 3085 removendis.
828 3079 832 3086 .
1097 3073 1099 3082 .

305 3127 397 3193 2023.
438 3128 517 3192 Hoc
532 3137 652 3192 tamen
666 3128 856 3206 fatebatur,
873 3145 1048 3192 summam
1068 3146 1106 3193 se
1122 3129 1400 3192 consolationem
1415 3127 1477 3190 ha·

246 3236 528 3300 biturumiuisse
553 3235 584 3298 si
605 3228 776 3317 expresso
801 3232 1021 3298 obedientiae
1047 3245 1238 3316 praecepto
1263 3235 1355 3298 hanc
1377 3234 1475 3298 navi·

245 3345 438 3424 godonem,
469 3353 520 3408 tot
547 3328 714 3424 pcricdlis
739 3350 774 3405 et
799 3342 1090 3421 navigationibus
1116 3345 1268 3422 plenam,
1298 3341 1474 3417 subiisset;

247 3467 331 3514 nam
350 3467 456 3531 saepe
481 3449 666 3514 dubitandi
685 3450 910 3512 occasionem
932 3449 1097 3528 habebat,
1119 3466 1203 3511 num
1222 3448 1298 3512 Deo
1320 3449 1477 3528 placeret

249 3555 317 3619 hoc
331 3559 408 3634 iter,
427 3557 678 3636 quodpropter
693 3555 809 3619 Deum
824 3555 977 3635 quidem,
995 3556 1057 3619 sed
1072 3567 1195 3635 sponte
1217 3571 1297 3634 sua,
1314 3570 1476 3634 suscepe·

249 3672 316 3742 rat;
333 3671 368 3725 et
381 3662 642 3742 quodammodo
660 3679 782 3726 errare
801 3679 864 3743 pcr
883 3662 1119 3735 obedientiam
1139 3661 1335 3739 maluisset,
1357 3677 1478 3742 quam,

249 3769 393 3832 ductum
407 3769 572 3848 propriae
585 3769 779 3832 voluntatis
793 3769 984 3850 sequendo,
1001 3785 1073 3831 non
1090 3785 1223 3832 errare.

308 3875 400 3939 2024.
443 3874 595 3955 Quidam
614 3888 732 3940 autem
751 3875 957 3940 Ludovicus
979 3876 1021 3939 de
1040 3873 1218 3952 Almeida,
1240 3875 1372 3956 dequo
1394 3873 1478 3938 inle-

290 4115 298 4147 *
326 4115 494 4160 neuere-uas
504 4115 569 4158 haec
579 4114 709 4159 habentur
719 4115 745 4158 in
754 4115 851 4160 litteris
861 4113 988 4160 Ludovlel
997 4115 1027 4158 de
1038 4113 1120 4158 Proca
1131 4115 1164 4159 ad
1175 4115 1271 4160 iratres
1280 4113 1390 4170 Collegit
1398 4117 1480 4162 Gren-

249 4189 294 4231 els:
304 4189 338 4231 “il
347 4187 374 4232 P.
384 4187 508 4231 Melcblor
517 4188 537 4230 ι’
547 4187 643 4240 allogib
656 4197 759 4241 sempre
773 4198 821 4232 con
835 4187 929 4242 Egldio
944 4187 969 4231 dl
984 4186 1062 4240 Goes,
1076 4188 1146 4232 nella
1162 4199 1209 4230 sua
1225 4198 1301 4240 naum
1316 4199 1331 4232 e
1345 4189 1440 4233 uenlue
1454 4191 1480 4234 lu

249 4269 323 4303 terra
332 4271 348 4303 a
358 4259 399 4302 dir
409 4260 435 4302 la
445 4269 539 4302 messa.
549 4257 571 4301 11
581 4258 610 4301 P.
620 4257 725 4313 Gaspar
734 4257 832 4304 Vllella
847 4260 999 4313 ellogoeiaua
1013 4260 1054 4302 nel
1069 4260 1179 4312 galeone
1190 4257 1215 4302 dl
1226 4257 1373 4322 Prancesco
1388 4261 1482 4306 'loaca-

249 4342 291 4382 no,
301 4342 348 4375 con
359 4338 448 4374 nostro
458 4330 564 4373 fratello
575 4329 680 4373 stefano
690 4331 715 4374 dl
727 4329 836 4379 Goee,et
844 4331 863 4374 ll
871 4329 1038 4384 Sagreatano,
1048 4337 1075 4374 et
1084 4330 1198 4374 lanclulll
1208 4331 1255 4374 clre
1262 4341 1405 4376 meneuano
1413 4333 1482 4377 della

249 4403 368 4447 dottrina
378 4401 538 4446 Christiana:
546 4409 573 4445 et
582 4407 672 4446 nostro
683 4402 787 4446 fratello
797 4403 912 4449 Antonio
924 4401 988 4446 Diae
997 4402 1040 4446 nel
1054 4405 1162 4456 paleone
1174 4402 1198 4445 d’
1208 4402 1321 4446 Antonio
1331 4403 1445 4448 Perelre:
1455 4411 1482 4448 et

249 4473 379 4517 Perrante
389 4473 502 4522 Mendez,
513 4484 561 4517 con
571 4473 685 4517 Antonlo
695 4473 772 4523 Paez,
786 4474 868 4518 nostrl
883 4473 989 4526 fratelli,
1005 4474 1169 4528 allogsslorno
1180 4473 1206 4517 ln
1222 4478 1294 4517 terre
1302 4481 1404 4520 ecanto
1413 4476 1483 4521 della

250 4544 354 4595 chiesa,
364 4555 410 4599 per
421 4544 602 4588 accommodet
609 4544 627 4588 ll
637 4545 768 4589 sacerdoti
777 4545 826 4589 clre
838 4545 866 4588 lit
874 4545 1001 4589 uenluno
1016 4555 1063 4600 per
1073 4545 1113 4588 dlr
1123 4546 1150 4590 le
1161 4543 1268 4599 lieren„
1279 4543 1391 4590 Diversi
1401 4547 1483 4604 aulai,

252 4615 355 4661 [ΜΠ.

294 4687 306 4720 ¹
332 4687 399 4732 Vide
409 4699 497 4743 supra,
510 4694 530 4732 t.
539 4699 575 4743 rr,
582 4700 642 4744 pag.
652 4688 701 4742 ⁶52,
711 4700 738 4732 n.
749 4687 810 4734 1³9⁶.

293 4759 306 4794 ⁸
334 4759 399 4805 Vide
410 4760 505 4818 Paete,
515 4759 622 4806 Lettm
630 4761 665 4806 de
674 4761 754 4806 saint
766 4760 895 4816 Franfois
904 4759 1016 4817 Xavier,
1024 4761 1044 4818 1,
1055 4773 1114 4818 pag.
1126 4773 1205 4809 rcvrrr
1216 4769 1242 4808 et
1253 4773 1307 4815 cnr.

397 4847 436 4909 T·
457 4863 488 4908 l'.
1308 4854 1345 4922 46
