3717 5400
836 471 900 530 An.
927 471 998 530 1555
1479 469 1534 530 269

285 635 361 706 'cus
375 618 501 681 studiis
515 617 702 681 videbatur
721 629 944 698 opportunus
958 630 992 680 et
1008 633 1174 696 egressus
1194 618 1239 681 ab
1258 635 1301 680 eo
1316 617 1446 698 oppido
1467 615 1530 697 [in]

297 735 401 804 prata
417 741 566 788 amoena
584 724 592 755 ¹
612 726 714 788 valde
730 744 835 805 super
851 725 1065 790 Danubium.

358 832 428 895 747.
472 832 834 910 AudivitconcioneS,
863 850 953 912 quae
977 835 1087 896 latino
1101 842 1137 895 et
1158 833 1352 896 vernaculo
1367 848 1531 896 sermone

301 938 430 1002 fiebant
442 939 488 1002 ad
499 939 915 1018 puritatemchristianae
927 941 1190 1003 doctrinaenon
1201 955 1532 1019 parumaccommo·

294 1046 376 1110 das.
391 1044 543 1110 Demum
555 1063 644 1126 opus
655 1047 723 1110 hoc
735 1047 866 1126 placuit
875 1063 1093 1126 magnopere
1101 1045 1198 1110 Patri
1207 1045 1326 1110 Natali
1338 1055 1373 1109 et
1386 1045 1534 1125 dignum

301 1153 369 1234 ipsi
384 1153 583 1230 videbatur,
600 1153 694 1232 quod
709 1172 730 1216 a
745 1151 834 1217 Sede
850 1153 1048 1232 apostolica
1060 1152 1243 1232 juvaretur
1260 1162 1296 1216 et
1318 1171 1340 1216 a
1354 1151 1533 1216 Societate

301 1271 435 1338 nostra;
452 1278 536 1324 nam
553 1260 695 1324 omnino
721 1259 863 1323 auxiliis
888 1276 977 1340 opus
1000 1260 1164 1337 habebat,
1190 1272 1264 1322 tam
1280 1259 1534 1340 temporalibus

277 1377 281 1382 '
300 1385 407 1448 quam
421 1368 620 1444 litterariis,
648 1383 690 1430 ac
706 1367 896 1446 praecipue
911 1367 948 1429 in
963 1367 1154 1444 theologia,
1167 1384 1251 1429 narn
1262 1367 1380 1431 timeri
1393 1376 1534 1447 poterat

300 1474 485 1554 theologos
498 1489 701 1553 germanos
718 1473 778 1553 qui
794 1474 926 1552 passim
943 1474 1205 1536 haereticorum
1224 1474 1333 1536 libros
1354 1475 1533 1554 legebant,

302 1599 373 1644 non
387 1580 433 1643 ad
449 1579 725 1661 oppugnandum
750 1590 897 1654 tanturn,
926 1580 1000 1654 scd,
1024 1590 1062 1643 ut
1085 1577 1204 1661 [quod]
1231 1581 1395 1660 placebat
1421 1597 1468 1644 ex
1482 1581 1534 1644 eis

303 1687 538 1766 addiscerent,
559 1687 692 1767 aliquid
717 1687 832 1750 minus
851 1704 979 1766 purum
1002 1704 1172 1750 successu
1196 1689 1368 1767 temporis
1392 1688 1534 1752 tradere

303 1812 419 1874 posse.
446 1794 485 1858 In
510 1795 736 1858 modoetiam
753 1793 892 1872 legendi
911 1805 945 1856 et
965 1794 1279 1858 exercitationibus
1297 1795 1534 1873 scholasticiS,

302 1911 446 1966 nostrae
461 1901 649 1966 Societatis
675 1901 806 1964 auxilio
833 1899 992 1981 indigere
1018 1901 1240 1975 videbantur;
1263 1919 1329 1964 nec
1355 1919 1445 1965 onus
1467 1901 1535 1966 hoc

300 2009 423 2072 inutile
437 2008 514 2071 sore
530 2005 701 2072 Societati
716 2009 782 2087 ipsi
799 2009 978 2086 credebat,
996 2025 1079 2072 nam
1091 2011 1293 2088 complures
1307 2010 1422 2072 bonae
1436 2006 1536 2072 indo·

230 2149 234 2156 ·
303 2117 346 2178 lis
361 2116 597 2178 scholasticos
616 2116 727 2196 ipsius
751 2116 950 2178 institutum
976 2125 1161 2178 secuturos
1181 2116 1374 2178 verisimile
1395 2125 1485 2193 erat,
1500 2125 1536 2177 et

304 2239 385 2286 cum
409 2223 559 2302 singulis
583 2222 782 2302 theologiae
807 2222 999 2286 lectoribus
1023 2221 1085 2285 250
1108 2222 1233 2286 floreni
1256 2223 1409 2301 singulis
1433 2223 1536 2285 annis

297 2329 484 2407 darentur,
500 2331 579 2392 loco
594 2330 744 2394 duorum
769 2329 972 2409 huiusmodi
992 2330 1235 2410 professorum
1249 2330 1281 2392 si
1296 2330 1410 2394 nostri
1425 2327 1536 2393 Dilin-

303 2451 387 2514 gam
401 2436 636 2513 mitterentur,
650 2437 724 2516 jam
740 2439 953 2516 quingentos
966 2437 1120 2500 florenos
1134 2437 1291 2500 habituri
1306 2446 1419 2514 erant;
1437 2446 1472 2498 et
1486 2436 1537 2499 ita

304 2543 485 2622 paulatim,
512 2542 757 2606 recedentibus
783 2544 862 2606 aliis
876 2545 1181 2624 praeceptoribus
1195 2543 1309 2606 nostri
1320 2560 1445 2607 eorum
1457 2545 1536 2606 loco

304 2650 546 2729 succedentes
562 2650 663 2715 brevi
678 2661 835 2732 ternpore
850 2661 962 2715 totam
974 2651 1254 2715 Universitatem
1265 2649 1361 2715 adse
1373 2651 1537 2730 redigere

304 2767 481 2837 poterant.
507 2755 577 2821 Sed
605 2759 693 2822 haec
719 2760 933 2838 suggerebat
963 2759 1122 2822 charitas
1145 2758 1244 2821 Patri
1270 2757 1406 2833 Natali;
1438 2757 1537 2821 Deus

299 2873 423 2929 -autem
438 2866 608 2944 temporis
629 2882 797 2929 successu
821 2866 968 2929 suavius
981 2867 1159 2945 integram
1176 2866 1455 2929 Universitatem
1476 2864 1538 2931 So·

300 2973 426 3036 cietati
441 2972 587 3037 tradidit
602 2971 625 3035 '.

364 3080 434 3143 748.
479 3080 566 3144 Cum
589 3089 741 3159 quatuor
766 3080 840 3143 dies
862 3079 1028 3159 Dilingae
1048 3082 1252 3159 mansisset,
1276 3080 1357 3144 inde
1377 3080 1539 3145 Ratisbo·

299 3200 387 3251 nam
400 3188 578 3267 proiectus
590 3197 655 3263 est,
672 3197 706 3250 et
718 3188 918 3251 humaniter
930 3187 977 3249 ab
987 3187 1164 3267 Episcopo
1177 3186 1189 3219 ³
1203 3199 1386 3268 exceptus.
1400 3187 1538 3251 Deinde

305 3293 351 3357 ad
365 3294 636 3357 Passaviensern
651 3291 663 3324 ⁴
677 3294 834 3373 perrexit
846 3304 882 3355 ut
894 3310 956 3373 per
971 3293 1184 3373 Danubium,
1202 3295 1359 3359 secundo
1378 3294 1538 3373 flumine,

306 3398 482 3463 Viennam
498 3400 706 3464 deferretur.

365 3506 435 3569 749.
479 3506 546 3571 Hic
562 3508 770 3587 Episcopus
798 3507 856 3586 qui
880 3516 914 3569 et
929 3506 1100 3587 Princeps
1119 3516 1174 3569 est
1193 3507 1338 3585 Imperii
1363 3506 1386 3585 ⁸,
1403 3526 1537 3587 magna

300 3631 386 3677 cum
401 3615 647 3677 benevolentia
662 3613 707 3677 ad
722 3630 825 3677 suum
840 3614 1012 3692 palatium
1024 3614 1165 3677 Patrem
1177 3612 1341 3677 Natalem
1358 3614 1538 3690 invitavit,

306 3732 341 3784 et
356 3720 431 3801 ejus
446 3720 592 3785 Missam
604 3720 727 3784 audire
739 3720 860 3795 voluit,
875 3729 920 3798 et,
934 3729 1075 3799 praeter
1087 3738 1263 3801 expensas
1279 3722 1435 3801 hospitii,
1449 3738 1538 3802 quas

306 3828 464 3909 ipsorum
480 3846 577 3891 more
593 3828 709 3905 solvit,
726 3827 910 3904 navigium
925 3826 1021 3889 dedit
1042 3826 1139 3891 Patri
1163 3827 1292 3907 Natali,
1315 3829 1412 3907 quod
1431 3828 1538 3893 Vien-

349 4072 355 4102 ¹
385 4070 491 4114 Polanci
505 4068 628 4113 librarius
641 4067 745 4121 scripslt
760 4067 843 4121 primo
853 4068 879 4109 et
889 4076 1016 4118 egressus
1025 4067 1109 4113 habco
1124 4070 1158 4112 ab
1168 4080 1198 4112 eo
1208 4068 1306 4122 oppido
1315 4072 1400 4122 prata
1417 4079 1541 4121 amoena,

301 4142 351 4185 ‘scd
362 4144 460 4187 delcvlt
470 4148 561 4196 postea
571 4141 635 4184 illud
642 4140 738 4192 habeb·
748 4150 794 4182 nos
804 4144 891 4183 autem
902 4145 927 4181 et
938 4150 1042 4183 sensum
1050 4146 1075 4183 et
1083 4140 1346 4195 syntaxlmrertltutc
1355 4149 1478 4195 putamus
1487 4140 1539 4185 istc

306 4213 350 4267 [ln]
362 4226 378 4257 a
388 4214 461 4257 nobis
471 4213 567 4257 addito.

347 4288 358 4318 Ι
385 4286 503 4330 Tradidit
513 4296 571 4329 eam
582 4284 651 4329 Deus
661 4286 789 4338 integram
801 4282 924 4327 Societnti
935 4293 1002 4326 anno
1012 4285 1114 4327 demum
1126 4284 1178 4327 1553
1187 4296 1274 4329 mense
1288 4284 1446 4329 Novembri.
1457 4287 1540 4331 Acul-

301 4370 379 4411 cent,
390 4358 466 4410 ibid„
475 4369 499 4401 n.
509 4356 547 4399 99.

346 4430 358 4463 ὅ
386 4424 736 4482 GeorglodePappenhelm.

346 4500 358 4533 Λ
386 4500 585 4545 Proui-lenam
594 4498 729 4553 (Persou).
741 4498 808 4541 Vide
818 4509 908 4553 supra,
919 4505 939 4541 t.
950 4497 1108 4551 11,pa3.580‚
1118 4508 1143 4540 n.
1154 4498 1201 4541 381.

347 4570 357 4604 ³
385 4571 558 4625 wolfgangus
568 4572 599 4615 de
610 4568 689 4618 Salm.
700 4570 786 4613 “culus
800 4569 925 4613 dioecesis
937 4569 1065 4613 Viennam
1080 4580 1160 4623 usque
1171 4576 1226 4615 tum
1237 4570 1310 4624 (1553)
1325 4574 1541 4627 extendebatur...

308 4640 523 4694 Brauusnnacna,
541 4643 556 4686 l.
569 4652 599 4693 n,
609 4651 670 4695 pag.
684 4640 732 4683 117.
748 4646 827 4685 annot
845 4640 934 4685 l.-Ci.
949 4640 1044 4683 cartas
1051 4652 1070 4695 y
1086 4643 1158 4683 utros
1170 4642 1283 4687 escrttos
1299 4644 1343 4689 del
1357 4644 1389 4689 B.
1406 4644 1437 4688 P.
1452 4645 1541 4690 Pedro

308 4712 406 4767 Falrro,
416 4722 435 4758 t.
446 4726 463 4767 r,
474 4725 534 4767 pag.
544 4712 579 4767 91,
592 4719 681 4756 annot.
702 4713 720 4755 l.
