3717 5400
783 481 847 539 Aa.
870 481 941 540 1555
1439 483 1476 542 65

239 627 311 688 stis
324 627 444 690 verbis
462 627 598 689 civitati
617 636 651 689 et
671 626 818 690 Vicario
839 626 1025 703 satisfecit,
1043 645 1081 690 re
1101 628 1137 689 in
1156 627 1251 690 aliud
1266 637 1403 708 tempus
1424 645 1475 691 re·

239 730 348 809 ‘lecta

310 841 376 903 142.
422 839 511 903 Cum
520 850 650 912 autem,
666 839 981 904 mortuoPontilice
996 841 1100 924 Julio,
1118 839 1310 922 Spoletana
1326 841 1478 904 ecclesia

246 947 477 1028 relinquenda
498 946 563 1009 suit
582 945 762 1010 Cardinali
781 945 951 1011 Perusino
973 947 1074 1026 (nam
1094 949 1140 1011 ad
1159 948 1256 1010 illam
1277 947 1480 1011 Cardinalis

246 1055 441 1119 Farnesius
452 1053 510 1133 Jus
526 1053 678 1116 habebat
700 1055 739 1131 ¹),
757 1054 864 1117 etiam
879 1063 913 1116 et
929 1054 1005 1134 ipse
1020 1053 1189 1118 Vicarius
1203 1053 1358 1135 Spoleto,
1386 1055 1479 1117 intra

246 1179 385 1244 paucos
404 1179 555 1240 menses
572 1162 656 1225 dum
674 1161 764 1225 baec
784 1161 998 1241 agebantur,
1015 1162 1174 1241 recessit;
1190 1161 1235 1224 de
1249 1180 1320 1243 quo
1334 1162 1480 1226 iuferius

248 1268 427 1350 agendum
443 1269 510 1332 erit
532 1267 555 1328 ³.

312 1375 379 1439 143.
424 1374 579 1439 Rediens
603 1386 721 1439 autem
746 1374 929 1439 Perusium
954 1374 993 1438 P.
1018 1374 1233 1451 Everardus,
1261 1390 1304 1437 ac
1329 1373 1481 1454 Fulgino

245 1484 438 1562 transiens,
465 1482 640 1563 quaedam
666 1481 950 1558 confraternitas,
979 1498 1069 1562 quae
1094 1482 1141 1544 ibi
1167 1492 1236 1557 est,
1262 1479 1306 1543 de
1330 1481 1482 1561 collegio

246 1591 356 1654 etiam
376 1590 575 1654 inducendo
599 1591 734 1652 ineam
754 1591 876 1652 urbem
901 1607 940 1652 se
959 1588 1146 1652 sollicitam
1172 1587 1393 1651 ostendebat:
1420 1587 1483 1650 sed

247 1698 337 1760 haec
352 1696 528 1761 desideria
546 1713 625 1759 cum
641 1696 719 1759 aliis
735 1696 854 1758 multis
869 1696 1070 1759 communia
1085 1695 1275 1758 habebant.

314 1804 381 1866 144.
426 1803 588 1883 Quatuor
609 1821 653 1865 ex
674 1803 823 1880 nostris,
844 1803 903 1882 qui
922 1800 1059 1864 Perusii
1084 1801 1303 1879 habitabant,
1332 1800 1484 1865 Romam

248 1909 352 1972 missi
365 1919 459 1989 sunt;
476 1907 539 1972 sed
554 1909 615 1972 alii
630 1925 752 1971 eorum
767 1909 847 1971 loco
862 1908 1015 1987 excepti,
1032 1907 1195 1988 quamvis
1211 1908 1410 1972 arctissime
1423 1927 1484 1973 no·

247 2016 317 2078 stri
331 2015 534 2078 habitarent
548 2013 571 2078 ³.
589 2015 688 2078 Unus
704 2023 822 2078 autem
837 2031 971 2092 eorum,
995 2015 1174 2077 Antonius
1195 2013 1309 2078 Maria
1329 2015 1483 2095 nomine,

250 2123 314 2202 qui
329 2123 418 2186 duos
437 2139 550 2186 annos
571 2122 756 2185 continuos
777 2122 998 2200 aegritudine
1019 2121 1257 2199 laboraverat,
1281 2131 1409 2201 quarta
1428 2123 1485 2186 die

252 2229 422 2293 Octobris
442 2229 488 2292 ad
508 2227 698 2292 Dominum
720 2227 900 2308 migravit,
923 2229 1029 2308 paulo
1055 2237 1240 2308 postquam
1265 2227 1485 2292 Extremam·

250 2336 468 2401 Unctionem
482 2336 697 2416 accepisset,
715 2334 902 2398 diuturnae
917 2334 1109 2415 patientiae
1127 2334 1340 2414 praemium,
1354 2345 1393 2398 ut
1410 2353 1486 2415 spe·

249 2445 371 2520 rabat,
389 2461 410 2506 a
424 2443 502 2506 Deo
518 2451 731 2522 accepturus
745 2441 768 2506 ⁴.

317 2550 384 2614 145.
429 2550 519 2614 Cum
533 2559 615 2613 ante
627 2549 958 2628 Quadragesimam,
972 2562 1008 2612 et
1022 2551 1129 2612 etiam
1143 2549 1180 2612 in
1192 2549 1269 2629 ipsa
1281 2549 1486 2630 Quadrage-

250 2660 358 2736 sima,
378 2657 478 2721 multi
503 2663 809 2721 sacramentorum
834 2656 1030 2720 ministerio
1053 2656 1163 2737 adjuti
1189 2667 1318 2736 essent,
1347 2658 1487 2739 aliquae

252 2766 475 2847 peccatrices
489 2764 651 2845 publicae
665 2782 686 2827 a
702 2764 795 2845 turpi
809 2764 883 2826 vita
899 2763 1067 2826 reductae
1079 2775 1283 2827 nostrorum
1295 2781 1404 2845 opera
1415 2764 1486 2827 iue-

251 2882 349 2937 runt.
366 2872 410 2942 Et
425 2872 600 2950 agebatur
616 2871 658 2934 de
673 2874 751 2933 loco
766 2870 884 2951 aliquo
899 2870 1036 2934 Perusii
1051 2870 1279 2948 inveniend0,
1295 2872 1355 2934 ubi
1370 2870 1487 2951 hujus-

251 2980 353 3043 modi
367 2979 532 3042 mulieres
547 2978 797 3058 resipiscentes
812 2978 977 3056 religiose
993 2978 1115 3039 vivere
1129 2986 1287 3056 possent,
1310 2987 1348 3041 ut
1364 2979 1400 3041 in
1416 2996 1488 3042 mo·

251 3087 423 3150 nasteriis
437 3100 705 3162 conversarum,
723 3094 760 3147 ut
775 3093 918 3163 vocant,
936 3082 1013 3146 fieri
1027 3085 1129 3148 solet.
1154 3087 1157 3092 ⁴

317 3192 384 3257 146.
429 3192 525 3255 Inter
539 3209 593 3270 ea,
611 3208 700 3271 quae
712 3208 842 3271 magno
854 3208 936 3254 cum
946 3190 1065 3253 fructu
1077 3191 1274 3256 ministerio
1287 3192 1404 3257 Patris
1417 3194 1487 3257 An·

245 3303 364 3367 dreae
379 3301 414 3363 in
430 3298 654 3362 monasteriis
674 3307 776 3377 gesta
795 3300 895 3375 sunt,
916 3298 1003 3361 illud
1021 3314 1109 3377 prae
1129 3300 1258 3362 ceteris
1279 3299 1345 3363 fuit
1365 3308 1489 3364 notatu

251 3410 414 3488 dignum,
431 3406 525 3486 quod
537 3406 571 3467 in
588 3404 790 3485 praesentia
805 3403 944 3468 Vicarii
958 3413 993 3467 et
1008 3403 1125 3467 Patris
1140 3404 1298 3485 ejusdem
1309 3405 1487 3485 Andreae,

249 3517 332 3579 sine
347 3512 556 3593 cujusquam
573 3511 865 3589 contradictione,
879 3528 1003 3573 coram
1015 3512 1156 3575 notario
1168 3514 1407 3591 promiserunt
1418 3532 1489 3579 mo-

251 3622 370 3685 niales
395 3619 563 3699 quidquid
584 3618 767 3698 proprium
787 3617 964 3680 habebant
984 3619 1194 3698 relinquere,
1217 3629 1251 3682 et
1271 3619 1317 3682 ad
1337 3637 1490 3685 commu·

249 3744 340 3791 nem
353 3725 498 3789 vivendi
514 3726 701 3802 rationem,
718 3741 826 3805 quam
837 3724 1036 3805 Episcopus
1052 3724 1122 3788 cito
1140 3737 1310 3790 venturus
1325 3728 1377 3790 eis
1392 3746 1490 3810 prae·

252 3834 471 3913 scripsisset,
490 3830 581 3911 [sese
598 3830 897 3912 accommodare].

258 3992 476 4009 μ

298 4075 307 4105 ¹
338 4071 461 4115 “Fulvius
472 4070 619 4114 Cardlnalls
630 4068 761 4113 Cornaens
777 4068 915 4114 Perusinus
926 4082 943 4114 a
952 4070 1020 4123 Jullo
1033 4070 1068 4114 lll
1083 4073 1151 4115 banc
1165 4072 1277 4117 obtinuit
1292 4072 1429 4117 ecclesiam
1441 4074 1493 4117 1555

245 4148 298 4191 die
308 4144 337 4187 2⁶
348 4144 441 4187 mensis
452 4141 548 4195 Martih
559 4143 698 4196 eodemque
709 4142 764 4195 lure
775 4154 805 4186 ac
817 4143 978 4197 possessione
988 4142 1117 4197 spoliatus
1126 4151 1166 4188 est
1175 4156 1191 4187 a
1204 4144 1284 4189 Paulo
1294 4145 1332 4188 IV
1340 4145 1365 4189 ln
1373 4147 1493 4191 savorem

252 4216 388 4268 Farnesll,
400 4216 441 4268 qul
452 4224 511 4257 cum
522 4213 593 4257 illum
603 4214 739 4257 eccleslam
750 4214 783 4256 ad
793 4224 874 4257 annos
892 4215 992 4268 aliquot
1008 4215 1226 4268 administrasset,
1242 4228 1272 4259 eo
1288 4228 1394 4260 munere
1409 4218 1492 4262 libens

251 4291 401 4341 volensque
412 4287 519 4338 abivit„
529 4284 655 4333 bonurn.
667 4287 684 4327 l.
696 4297 727 4339 c.,
740 4292 757 4328 t.
766 4296 783 4335 1,
793 4286 841 4329 col.
855 4286 917 4329 12⁶9.

297 4362 310 4392 ¹
341 4358 371 4402 N.
385 4358 435 4401 147.

298 4434 310 4465 ³
341 4431 439 4476 Horum
449 4430 553 4485 quidam
563 4440 611 4472 non
623 4430 679 4472 ideo
690 4428 798 4472 Romam
810 4429 880 4472 missi
891 4436 951 4472 sunt
960 4434 989 4472 nt
999 4429 1142 4474 studiorum
1152 4443 1257 4475 suorum
1268 4433 1425 4477 curriculum
1436 4445 1482 4488 per

251 4510 376 4557 licerent,
386 4502 430 4545 sed
440 4501 526 4556 potius
535 4506 564 4544 ut
574 4500 778 4554 experimentum
789 4500 820 4543 de
832 4500 868 4543 eis
878 4506 1025 4544 sumeretur
1035 4512 1122 4544 utrum
1136 4503 1161 4545 ln
1178 4503 1310 4547 Societate
1327 4506 1435 4549 retineri
1453 4507 1498 4550 vel

254 4582 293 4625 ab
303 4588 337 4621 en
347 4573 442 4618 dimitti
453 4582 497 4615 eos
507 4576 648 4625 oporteret,
660 4577 687 4615 ut
703 4570 876 4627 Hieronymus
891 4572 996 4626 quidam
1016 4579 1042 4614 et
1060 4572 1127 4615 alins
1143 4574 1264 4627 Thomas,
1284 4575 1315 4618 de
1331 4577 1423 4629 qulbus
1440 4578 1497 4621 iuse

254 4652 391 4695 Polaticus
401 4643 474 4687 Patri
485 4642 622 4686 Everardo
633 4640 795 4686 Mercurlano
806 4642 854 4686 tal
864 4642 982 4694 Janunril
995 4642 1071 4697 huJus
1082 4645 1143 4687 anni
1156 4646 1215 4688 1555

301 4723 314 4753 4
343 4716 409 4760 Vide
420 4726 507 4769 supra,
516 4722 534 4758 t.
544 4724 579 4768 lv,
591 4724 652 4768 pag.
664 4715 710 4769 158,
721 4725 746 4756 n.
757 4712 805 4757 320.

427 4802 463 4857 T.
481 4820 509 4862 r.
1339 4826 1351 4879 5
