3717 5400
807 479 873 538 Au.
895 481 966 538 1555
1315 553 1317 556 Ι
1450 481 1503 540 125

326 626 399 689 347.
441 625 538 691 Inter
551 643 625 706 eos,
641 626 703 708 qui
717 642 780 707 per
800 635 1107 689 sacramentorum
1128 624 1365 706 frequentiam
1387 625 1502 690 Bono-

264 736 349 800 niae
362 733 601 815 profecerunt,
618 732 708 796 civis
721 732 867 815 quidam
881 732 947 796 suit
962 732 1157 796 honoratus
1176 741 1211 795 et
1225 732 1337 811 diveS,
1360 734 1419 814 qui
1433 733 1502 813 spi·

267 841 456 906 ritualibus
470 841 579 904 etiam
592 840 782 904 Exercitiis
795 840 970 918 excultuS,
988 847 1022 902 et
1037 840 1160 903 statuit
1175 857 1213 902 se
1225 841 1330 904 rebus
1345 841 1502 904 externis

263 958 303 1012 et
317 947 440 1012 mundi
453 946 608 1026 negotiis
623 946 812 1024 abducere,
827 957 860 1009 et
874 963 913 1008 se
930 956 1042 1009 totum
1054 947 1100 1010 ad
1111 947 1252 1026 pietatis
1263 946 1378 1010 officia
1388 956 1502 1010 trans·

268 1055 373 1119 serre.
388 1054 459 1118 Alii
471 1054 578 1117 etiam
587 1064 795 1134 peccatores
802 1053 963 1133 insignes
975 1071 996 1116 a
1008 1063 1237 1132 peccatorum
1249 1070 1372 1132 coeno,
1383 1054 1420 1116 in
1432 1070 1502 1133 quo

272 1162 391 1225 multis
406 1160 510 1224 annis
524 1160 682 1224 immersi
694 1159 847 1237 fuerant,
865 1160 1020 1223 extracti
1035 1169 1117 1223 sunt
1133 1169 1168 1222 et
1185 1159 1297 1223 vitam
1318 1160 1355 1223 in
1376 1161 1502 1224 melius

265 1279 544 1333 commutarunt.
571 1266 724 1347 Quidam
748 1268 856 1331 etiam
878 1265 1019 1347 juvenis
1040 1268 1229 1344 hebraeus,
1253 1267 1288 1330 in
1308 1267 1502 1330 christiano

271 1376 491 1439 catechismo
517 1376 711 1439 instructus
735 1386 805 1452 est,
831 1391 898 1437 nec
922 1375 1038 1436 solum
1064 1373 1108 1436 ad
1134 1375 1354 1453 Baptismum
1374 1374 1436 1437 sed
1456 1373 1501 1436 ad

269 1481 459 1546 Societatis
473 1483 580 1545 etiam
595 1491 738 1545 nostrae
753 1481 964 1558 institutum,
981 1481 1036 1543 his
1056 1481 1247 1558 mensibuS,
1265 1481 1391 1562 quibus
1406 1481 1501 1544 domi

264 1588 531 1664 instituebatur,
547 1589 741 1668 aspirabat.

329 1695 401 1758 348.
447 1695 484 1758 P.
501 1696 657 1779 Joannes
671 1694 895 1774 Augustinus
910 1694 954 1757 de
969 1693 1073 1772 Riva,
1087 1704 1229 1774 praeter
1244 1693 1500 1770 consessiones

267 1821 361 1884 quas
376 1804 412 1866 in
427 1804 558 1884 templo
572 1813 696 1864 nostro
712 1801 891 1879 audiebat,
910 1802 1075 1881 operibus
1093 1803 1099 1832 ¹
1121 1802 1157 1864 in
1178 1802 1400 1866 xenodochio
1416 1815 1450 1865 et
1466 1804 1502 1866 in

270 1911 477 1973 carceribus
491 1909 685 1973 invisendis
700 1918 734 1971 et
749 1908 976 1972 consolandis
998 1925 1143 1988 operam
1159 1909 1278 1972 dabat.

329 2016 401 2080 349.
445 2017 636 2080 Multorum
655 2015 955 2078 monasteriorum
978 2015 1167 2094 religiosae
1187 2014 1284 2078 Patri
1307 2015 1502 2080 Francisco

270 2123 406 2187 Palmio
426 2123 640 2205 generaliter
660 2123 703 2186 de
724 2133 801 2185 tota
821 2124 897 2186 vita
922 2133 1088 2185 anteacta
1115 2122 1273 2186 confiteri
1300 2123 1501 2203 cupiebant,

272 2241 432 2310 paratae,
458 2231 554 2311 quod
577 2229 614 2292 in
639 2229 727 2311 ipsis
752 2239 840 2307 erat,
861 2229 907 2291 ad
927 2229 1216 2292 observationem
1232 2247 1318 2292 suae
1343 2231 1502 2309 regulae,

269 2337 355 2417 quia
369 2346 488 2400 tamen
503 2337 540 2400 in
554 2337 640 2416 ipsis
659 2335 885 2400 monasteriis
906 2345 1102 2416 paupertas
1120 2335 1275 2416 perfecte
1294 2354 1366 2400 non
1386 2337 1502 2402 obser·

267 2444 421 2506 vabatur
445 2444 620 2524 (quamvis
646 2443 740 2506 enim
760 2443 1034 2505 concionaretur
1060 2442 1096 2506 in
1119 2442 1251 2505 eisdem
1277 2445 1502 2508 monasteriis

267 2547 308 2612 Ρ.
323 2549 541 2613 Franciscus
556 2558 591 2612 et
606 2551 737 2612 multae
757 2558 1083 2627 compungerentur
1106 2559 1140 2612 et
1154 2551 1267 2614 vitam
1282 2559 1420 2614 mutare
1444 2569 1501 2614 cu·

270 2665 407 2736 perent,
433 2673 507 2720 non
532 2665 652 2720 tamen
682 2655 832 2719 adeam
857 2654 1147 2721 reformationem
1175 2667 1364 2736 venerant,
1396 2675 1502 2739 quam

265 2764 367 2845 ipsae
382 2764 576 2844 optabant),
593 2781 659 2826 nec
673 2772 794 2835 tamen
809 2762 953 2826 omnino
968 2762 1168 2827 institutum
1182 2764 1249 2827 hoc
1266 2765 1500 2846 relinquebat,

266 2870 398 2950 partim
412 2871 504 2949 quod
520 2871 600 2933 aliis
614 2870 743 2946 multis,
768 2869 897 2949 partim
913 2867 1007 2949 quod
1023 2870 1091 2947 ipsi
1110 2870 1301 2952 Episcop0,
1327 2890 1369 2935 ea
1389 2872 1502 2955 ipsius

261 2995 378 3059 opera
391 2977 596 3058 gratissima
612 2986 701 3048 erat,
717 2985 752 3038 et
772 2976 963 3055 aliquando
978 2974 1131 3040 fructum
1148 2979 1348 3043 uberiorem
1363 2998 1405 3043 ac
1426 2981 1498 3043 uni·

266 3084 502 3147 versaliorem
516 3083 695 3162 sperabat.

324 3189 396 3252 350.
438 3190 516 3252 Hoc
531 3200 699 3269 tempore,
718 3189 861 3251 ineunte
876 3190 1012 3252 scilicet
1028 3188 1169 3268 Marti0,
1183 3191 1221 3254 P.
1238 3191 1395 3271 Laynez,
1412 3192 1499 3257 Pro-

262 3297 442 3374 uincialiS,
460 3314 501 3359 ac
517 3295 554 3359 P.
572 3295 721 3374 Natalis,
737 3296 798 3375 qui
821 3313 902 3359 cum
922 3295 1103 3361 Cardinali
1127 3297 1278 3362 Morono
1295 3300 1330 3361 in
1355 3299 1500 3363 Germa-

264 3404 361 3467 niam
382 3404 710 3485 proficiscebantur,
731 3421 791 3466 res
812 3414 1018 3467 nostrorum
1041 3404 1311 3469 bononiensium
1334 3425 1405 3470 non
1432 3424 1500 3471 me·

259 3512 434 3574 diocriter
446 3510 631 3591 juverunt,
648 3511 813 3590 quamvis
831 3529 902 3574 non
922 3512 1063 3591 integro
1079 3511 1183 3576 biduo
1207 3513 1335 3576 ibidem
1357 3515 1499 3590 fuerint,

265 3627 303 3705 *et
320 3620 451 3681 bonam
465 3616 541 3697 ejus
561 3617 729 3696 temporis
744 3626 881 3697 partem
902 3618 1059 3698 Legatus
1082 3619 1157 3700 ipse
1177 3636 1238 3683 eos
1258 3622 1499 3700 occupaverit,

260 3726 352 3788 -dum
374 3743 429 3803 ea,
450 3742 541 3806 quae
563 3725 597 3787 in
620 3724 746 3787 Diaeta
771 3726 961 3787 tractanda
984 3735 1097 3804 erant,
1121 3727 1264 3805 negotia
1287 3728 1408 3806 magni
1429 3746 1501 3791 mo·

265 3832 376 3895 menti
391 3848 471 3894 cum
487 3831 620 3895 eisdem
635 3831 933 3895 communicabat.

326 3938 397 4002 351.
441 3938 658 4001 Testimonia
686 3938 853 4018 Episcopi
881 3938 1116 4001 Bononiensis
1143 3937 1154 3969 ⁸
1180 3956 1223 4003 ac
1251 3940 1452 4020 Vicelegati
1476 3940 1499 4018 ⁵,

257 4064 368 4127 quae,
385 4044 519 4109 decreti
533 4044 745 4108 Parisiensis
768 4046 898 4124 gratia,
923 4047 1133 4124 petebantur
1150 4048 1183 4109 in
1205 4048 1294 4110 locis
1316 4048 1376 4111 ubi
1399 4061 1501 4112 erant

266 4154 428 4233 collegia,
446 4152 533 4215 satis
553 4153 672 4232 ampla
691 4152 786 4215 misit
802 4152 840 4214 Ρ.
862 4152 1082 4216 Franciscus
1102 4152 1269 4217 Palmius.
1291 4155 1337 4218 Et
1357 4156 1501 4219 omnino

258 4262 354 4324 bene
368 4260 566 4324 sentiebant
581 4275 704 4322 omncs
719 4260 862 4322 ordines
874 4260 916 4322 de
929 4260 1034 4324 rebus
1047 4259 1237 4325 Societatis
1252 4270 1409 4342 nostrae,
1422 4271 1498 4327 tunt

270 4418 481 4430 ——-—-

308 4504 316 4536 ¹
346 4502 591 4559 Simpuupertbus?

306 4574 317 4604 ¹
344 4575 399 4619 Hoc
414 4576 595 4621 insertum-est
609 4578 636 4621 ln
652 4577 716 4622 Acta
732 4578 902 4631 Sanctorum,
918 4591 1004 4623 mense
1020 4580 1096 4635 Julio,
1114 4589 1135 4625 t.
1155 4593 1206 4636 vu,
1224 4581 1263 4626 De
1282 4580 1376 4624 Sancto
1394 4580 1501 4633 Ignatr'o

262 4648 368 4691 comm.
376 4654 484 4703 praev„
494 4660 519 4692 n.
527 4649 577 4694 tto.

307 4716 319 4749 ⁸
345 4719 384 4763 De
393 4720 450 4769 boc,
461 4719 529 4773 quod
540 4721 634 4765 ibidem
644 4722 769 4767 insertum
780 4732 829 4771 est,
841 4724 900 4767 vide
910 4736 998 4778 supra,
1008 4735 1069 4779 pag.
1082 4726 1129 4777 ill,
1139 4737 1164 4768 n.
1173 4724 1221 4777 tna,
1229 4732 1316 4769 annot.
1329 4726 1352 4767 1.
