3717 5400
810 496 875 554 Au.
897 497 968 555 1553
1448 497 1516 556 425.

274 640 419 721 quando
431 640 651 721 obediebant,
665 651 700 705 et
711 642 771 720 ita,
785 643 821 705 in
833 642 1030 705 humilitate
1038 652 1073 705 et
1085 641 1296 721 obedientia,
1309 643 1363 706 sui
1369 642 1506 722 pericu-

272 749 346 811 lum
364 746 554 811 faciebant.
575 748 665 812 Tres
686 760 804 813 autem
824 768 869 813 ex
888 750 944 813 bis
963 750 1137 814 nobilibus
1158 749 1360 828 virginibus
1380 750 1505 829 palatii

272 854 377 933 Regii
392 857 645 920 monasterium
660 859 753 921 serio
768 858 853 935 (sic)
874 858 1058 937 ingressae
1079 866 1171 934 sunt,
1194 874 1273 920 cum
1293 857 1504 936 quibusdam

273 963 364 1039 aliis,
377 979 467 1042 quae
476 964 527 1027 eis
534 964 750 1027 serviebant.
759 964 848 1027 Tres
856 966 963 1028 etiam
975 964 1065 1026 aliae
1079 964 1145 1027 hoc
1158 964 1275 1043 ipsum
1289 962 1408 1027 iacere
1421 980 1502 1027 con·

272 1067 471 1146 stituerant,
484 1080 624 1149 praeter
635 1071 736 1149 aliaS,
749 1088 840 1151 quae
851 1072 958 1134 tacite
969 1072 1036 1134 hoc
1051 1072 1168 1150 ipsum
1177 1072 1297 1134 animo
1312 1071 1506 1134 volvebant

271 1183 308 1237 et
322 1175 415 1256 apud
430 1193 469 1239 se
488 1175 741 1241 deliberabant.
758 1177 946 1257 Nunquam
966 1178 1136 1257 palatium
1158 1177 1238 1240 huic
1257 1178 1371 1239 simile
1387 1178 1504 1241 visum

273 1282 310 1350 in
329 1282 501 1363 Hispania
522 1283 614 1347 sorte
635 1284 711 1363 fuit,
734 1286 911 1348 vacabant
933 1286 1027 1347 enim
1048 1286 1202 1348 orationi
1222 1284 1363 1348 assidue
1385 1285 1506 1347 admo-

272 1389 367 1469 dum,
380 1390 488 1453 immo
499 1405 532 1454 et
544 1390 694 1471 flagellis
706 1410 851 1455 carnem
862 1393 1066 1471 domabant,
1080 1402 1114 1455 et
1128 1410 1148 1453 a
1161 1393 1267 1454 rebus
1282 1393 1386 1455 vanis
1401 1392 1503 1454 silen-

272 1497 359 1560 tium
374 1498 626 1577 observabant;
642 1509 677 1562 et
696 1500 765 1563 hoc
786 1512 928 1579 praeter
947 1509 1253 1563 sacramentorum
1268 1498 1504 1561 consessionis

271 1613 306 1666 et
322 1603 581 1668 communionis
593 1605 840 1684 frequentiam
854 1616 889 1669 et
901 1624 983 1669 cum
997 1606 1086 1669 haec
1102 1616 1195 1668 esset
1211 1605 1316 1668 vidua
1334 1603 1504 1685 Princeps

273 1708 429 1791 Joanna,
460 1712 608 1775 decebat
636 1714 751 1792 ipsam
777 1722 850 1775 tam
874 1714 1058 1793 spirituale
1083 1714 1265 1791 palatium,
1292 1712 1502 1791 praesertim

273 1817 368 1898 quod
388 1818 433 1880 ad
453 1818 628 1884 foeminas
649 1821 782 1883 attinet.
806 1819 876 1883 Sed
895 1838 966 1883 non
985 1819 1064 1883 ideo
1084 1821 1200 1883 minus
1222 1819 1375 1883 studium
1397 1818 1506 1881 rebus

270 1925 423 2005 publicis
437 1926 496 1989 illa
512 1926 714 2006 adhibebat;
730 1929 782 1990 sic
797 1928 891 1990 enim
903 1927 1074 1990 virtutum
1086 1928 1249 2005 exempla
1262 1926 1393 1989 eximia
1408 1925 1445 1988 in
1459 1942 1501 1987 ea

272 2033 508 2096 cernebantur
523 2044 560 2097 ut
572 2034 685 2113 Regni
697 2034 948 2112 gubernationi
961 2033 1186 2097 nihilominus
1198 2034 1291 2095 serio
1306 2042 1341 2095 et
1355 2032 1502 2110 diligen-

271 2147 327 2201 ter
342 2148 502 2203 vacaret.

335 2244 422 2309 1138.
466 2246 578 2310 Extra
592 2248 763 2327 palatium
778 2248 894 2327 ipsum
909 2248 1152 2339 consessiones
1172 2248 1358 2326 generales
1377 2256 1503 2311 nostro

270 2350 453 2434 intemplo
469 2354 715 2433 audiebantur,
732 2372 803 2417 non
818 2355 864 2417 ad
878 2354 1105 2417 devotionem
1125 2364 1281 2433 tantum,
1297 2352 1359 2417 sed
1375 2354 1422 2418 ad
1442 2370 1503 2417 ne-

272 2461 457 2525 cesitatem
471 2463 665 2540 institutae,
682 2480 763 2526 cum
778 2464 887 2525 multa
903 2465 939 2525 in
952 2463 1030 2526 aliis
1041 2460 1320 2525 confessionibus
1331 2462 1452 2539 tacita,
1466 2470 1503 2524 et

270 2566 351 2630 ideo
364 2585 437 2632 non
451 2582 588 2647 curata,
607 2573 755 2633 vulnera
770 2570 929 2633 sananda
947 2580 1076 2633 essent.
1094 2570 1194 2633 Multi
1209 2568 1304 2633 docti
1322 2578 1356 2632 et
1372 2569 1500 2649 prima·

270 2676 315 2739 rii
330 2674 404 2757 ejus
420 2677 551 2755 curiae,
568 2694 659 2759 quae
674 2677 875 2742 Vallisoleti
889 2678 1032 2757 residet,
1055 2678 1123 2741 viri
1144 2687 1178 2741 et
1201 2677 1352 2741 ministri
1366 2676 1499 2758 praeci-

269 2784 332 2864 pui
348 2785 473 2848 domus
487 2786 627 2864 regiae,
637 2787 696 2865 pio
712 2803 755 2848 ac
766 2785 896 2848 devoto
907 2787 1027 2849 animo
1038 2786 1169 2848 nostris
1181 2782 1450 2862 confitebantur,
1466 2793 1502 2845 et

271 2899 353 2945 cum
370 2883 489 2945 fructu
513 2900 585 2946 non
605 2882 784 2958 mediocri;
812 2884 922 2964 aliqui
942 2885 1049 2947 etiam
1070 2893 1173 2946 extra
1192 2883 1360 2962 oppidum
1385 2883 1501 2962 ipsum

270 2987 453 3068 degentes,
469 3006 535 3053 nec
551 2992 681 3070 pluviis
695 3009 761 3054 nec
776 2991 856 3054 aliis
876 2989 1110 3054 incommodis
1132 2989 1343 3052 arcebantur
1367 2989 1499 3069 quomi-

270 3114 338 3160 nus
351 3097 398 3160 ad
412 3097 599 3161 ecclesiam
618 3109 779 3161 nostram
800 3099 1024 3161 accederent.
1045 3097 1140 3161 Inter
1161 3099 1361 3176 complures
1381 3106 1499 3159 nutem

269 3205 514 3268 restitutiones
530 3205 656 3284 iactas,
673 3205 824 3285 insignis
838 3205 904 3269 fuit
919 3204 1094 3285 quaedam
1109 3221 1181 3267 non
1196 3205 1311 3266 solum
1326 3204 1370 3266 ob
1393 3219 1498 3282 quan·

269 3313 417 3390 titatem,
435 3313 516 3376 licet
531 3311 577 3374 ad
591 3312 661 3374 duo
676 3314 734 3375 vel
748 3314 817 3377 tria
832 3313 942 3376 millia
962 3314 1173 3376 ducatorum
1194 3309 1419 3388 ascendebat,
1437 3310 1500 3372 sed

269 3421 316 3482 ob
338 3430 541 3500 promptum
565 3422 722 3484 animum
741 3421 971 3494 restituentis
996 3420 1054 3500 qui
1074 3419 1180 3482 etiam
1198 3435 1279 3481 cum
1299 3417 1393 3480 vitae
1414 3434 1503 3480 suae

269 3529 426 3606 periculo
443 3539 590 3607 paratus
604 3538 682 3591 erat
696 3546 739 3590 ea
756 3528 763 3558 ¹
781 3529 982 3605 restituere,
999 3544 1089 3607 quae
1105 3527 1209 3588 simul
1224 3543 1304 3589 cum
1321 3525 1392 3587 alio
1406 3523 1501 3588 fura·

269 3643 327 3696 tus
348 3635 475 3713 luerat3
498 3635 581 3714 quia
603 3635 680 3698 sine
694 3636 756 3698 tali
779 3620 938 3714 perictilo
960 3634 1136 3697 restitutio
1159 3633 1234 3696 lieri
1255 3650 1327 3695 non
1348 3643 1502 3711 poterat,

269 3758 351 3805 cum
366 3743 516 3820 pecunia
533 3742 579 3804 ad
600 3759 727 3805 manus
748 3743 837 3804 socii
862 3743 898 3804 in
921 3740 1045 3804 eodem
1068 3741 1215 3803 crimine
1237 3740 1450 3818 devenisset,
1467 3749 1500 3800 et

268 3866 311 3910 eo
327 3858 471 3928 repente
487 3859 638 3927 mortuo,
655 3851 701 3913 ab
715 3848 790 3928 ejus
814 3867 926 3912 uxore
942 3848 1120 3912 mordicus
1142 3847 1365 3925 retineretur;
1381 3862 1504 3924 quam-

268 3958 325 4019 vis
339 3957 453 4020 bonae
468 3957 577 4020 menti
591 3957 689 4021 Deus
704 3957 859 4020 occurrit
873 3956 896 4016 ¹.

333 4063 420 4128 1139.
466 4064 546 4128 Duo
565 4073 752 4143 praeterea
774 4083 819 4128 ex
839 4065 973 4144 palatio
996 4063 1109 4144 regio,
1127 4073 1207 4143 post
1228 4061 1502 4132 confessionem,

269 4173 352 4234 aula
375 4172 512 4248 relicta,
536 4172 581 4234 ad
605 4172 814 4251 religionem
830 4188 868 4234 se
889 4171 1125 4236 contulerunt.
1144 4168 1211 4232 Per
1234 4168 1395 4232 eamdem
1420 4185 1501 4231 con·

268 4279 482 4357 sessionem,
512 4281 603 4342 inter
631 4280 803 4360 quosdam
833 4291 1051 4342 mercatores
1080 4293 1212 4356 magna
1242 4274 1502 4339 discordiarum

267 4388 404 4450 semina
424 4387 576 4465 sublata,
600 4397 635 4450 et
655 4405 728 4466 pax
750 4387 948 4467 composita
972 4396 1036 4448 est.

271 4565 455 4574 ———.-

311 4665 318 4695 ⁸
347 4666 393 4710 lis.
406 4667 483 4711 hnbet
495 4671 528 4711 ei.

308 4741 321 4770 ²
348 4738 388 4783 Ci.
399 4739 520 4784 litterae
531 4739 759 4792 Quadrimeslrrs,
770 4746 789 4782 t.
800 4750 836 4790 ιι..
847 4750 906 4792 pag.
916 4738 958 4781 ⁴09
968 4747 993 4782 et
1004 4737 1051 4780 tto,
