3717 5400
817 498 880 556 Aa.
904 497 973 555 tato
1452 499 1511 556 207

331 639 403 702 602.
446 639 629 720 Quaedam
651 652 770 706 autem
793 643 885 706 bona
912 644 1076 706 abbatiae
1102 653 1246 706 nostrae
1269 641 1329 706 8³¹
1348 642 1501 724 Philippi

272 747 364 810 della
379 745 520 822 Grotta,
537 749 629 811 male
645 749 690 812 ab
705 750 784 812 aliis
800 763 983 829 usurpata,
1000 751 1205 830 recuperari
1218 761 1423 830 coeperunt,
1436 761 1472 814 et
1483 769 1511 816 a

273 851 378 918 Patre
393 853 533 934 ignatio
549 857 726 936 postulata
741 855 806 920 fuit
822 857 1045 921 confirmatio
1059 856 1285 935 concordiae,
1301 874 1408 937 quam
1423 874 1505 922 cum

272 959 427 1040 quodam
441 962 605 1040 inierant,
623 964 683 1043 qui
698 965 841 1026 hortum
856 965 1044 1044 quemdam
1060 966 1217 1044 amplum
1232 964 1385 1027 tenebat.

333 1067 376 1132 Et
391 1069 481 1132 baec
497 1069 539 1132 de
555 1069 716 1148 Collegio
731 1069 998 1134 Panormitano.

523 1495 587 1560 DE
610 1495 845 1560 COLLEGIO
867 1497 1041 1562 MONTlS
1062 1497 1265 1562 REGALIS

331 1815 402 1878 603.
447 1815 550 1879 initio
565 1814 669 1896 hujus
684 1817 768 1880 anni
783 1828 949 1897 praeerat
968 1819 1050 1882 huic
1071 1817 1266 1897 Collegioio
1286 1818 1418 1883 Montis
1438 1818 1511 1882 Re-

272 1923 365 2002 galis
379 1922 417 1985 P.
434 1921 609 1986 Sanchius
626 1921 795 2001 Occhioa,
811 1941 1002 2002 navarrus
1018 1925 1077 1988 ubi
1089 1926 1243 2006 quinque
1253 1936 1392 1989 tantum
1404 1936 1506 1989 erant

272 2031 315 2093 de
329 2029 507 2093 Societate
522 2041 557 2092 et
571 2040 644 2094 tres
658 2040 844 2110 praeterea
860 2033 959 2112 pueri
975 2031 1142 2111 africani,
1158 2051 1240 2097 cum
1255 2033 1408 2113 quodam
1422 2049 1502 2096 ara·

273 2137 373 2200 bicae
389 2138 532 2216 linguae
547 2147 796 2218 praeceptore,
817 2157 921 2219 quem
941 2141 1100 2220 ipsorum
1119 2141 1240 2219 lingua
1255 2139 1451 2220 Alphachi,
1465 2139 1500 2203 id

275 2253 338 2323 est,
355 2245 568 2324 magistrum
584 2255 645 2307 aut
660 2245 809 2308 aliorum
826 2248 1076 2325 institutorem,
1093 2248 1273 2311 vocabant
1289 2247 1314 2326 ¹,
1330 2257 1365 2310 et
1379 2248 1428 2311 ibi
1441 2265 1505 2310 no·

274 2353 351 2429 stri,
367 2362 406 2416 ut
421 2353 584 2432 superius
600 2353 779 2432 tetigimus
794 2353 817 2432 ¹,
834 2353 916 2417 huic
932 2355 1099 2418 arabicae
1115 2355 1258 2433 linguae
1273 2372 1419 2435 operam
1440 2354 1505 2418 da-

273 2460 375 2538 bant,
396 2469 431 2521 et
451 2459 644 2538 sperabant
664 2459 804 2539 quidem
830 2461 923 2524 hunc
940 2472 1207 2541 praeceptorem
1227 2477 1439 2524 saracenum
1460 2459 1506 2524 ad

273 2565 404 2631 Christi
418 2565 522 2630 fidem
535 2565 663 2629 adduci
675 2583 791 2646 posse;
805 2568 868 2630 sed
880 2568 938 2630 ille
950 2569 1171 2632 inveteratus
1182 2569 1318 2632 dierum
1330 2569 1504 2632 maiorum

272 2691 352 2738 cum
366 2683 470 2751 esset,
488 2674 599 2737 altero
616 2675 720 2737 oculo
737 2675 901 2754 privatus
916 2686 951 2739 et
974 2692 1054 2739 cum
1077 2678 1190 2739 altero
1210 2693 1337 2754 parum
1351 2676 1504 2755 videret,

273 2784 391 2846 lumen
418 2780 583 2843 veritatis
611 2782 722 2844 multo
752 2783 869 2860 magis
902 2783 947 2845 ab
975 2785 1156 2847 intellectu
1184 2802 1250 2846 suo
1278 2783 1500 2861 excludebat,

272 2889 437 2970 quamvis
451 2889 494 2951 de
509 2888 721 2967 quibusdam
736 2890 917 2953 erroribus
937 2900 972 2953 et
993 2890 1223 2971 blasphemiis
1241 2891 1397 2970 ipsorum
1418 2906 1505 2953 con·

272 2995 474 3059 vinceretur
489 3012 532 3057 ac
547 2994 590 3056 de
606 2992 664 3055 ilio
680 2995 908 3074 peculiariter
923 2997 1018 3076 quod
1030 2997 1146 3060 Deum
1157 2997 1314 3060 omnium
1325 2998 1500 3060 malorum

270 3113 465 3177 auctorem,
482 3118 553 3163 non
569 3100 686 3163 minus
700 3119 808 3180 quam
823 3103 1006 3179 bonorum,
1023 3104 1171 3167 iaciunt.

336 3209 407 3273 604.
450 3209 531 3273 Duo
559 3230 604 3275 ex
625 3211 808 3292 discipulis
828 3211 915 3273 bene
938 3211 1172 3290 loquebantur
1184 3211 1337 3288 arabice,
1351 3226 1501 3289 quorum

276 3318 367 3380 alter
381 3328 458 3380 erat
473 3317 615 3399 Gaspar
631 3318 803 3396 Sanchez,
820 3318 880 3397 qui
900 3316 1063 3398 expedite
1084 3328 1119 3379 et
1137 3326 1300 3398 prompte
1320 3334 1362 3379 eo
1381 3316 1506 3380 uteba·

274 3434 334 3487 tur
350 3424 517 3489 idiomate
532 3424 559 3487 ³.
579 3427 681 3489 Alter
697 3444 741 3489 ex
760 3424 892 3488 nostris
914 3425 1123 3504 loquebatur
1144 3424 1286 3504 quidem
1306 3423 1506 3504 aliquantu·

271 3678 287 3709 o
297 3667 359 3711 altri
371 3666 493 3721 Principi,
505 3678 519 3710 o
529 3678 595 3721 gran
605 3666 718 3719 Signuri,
726 3678 771 3711 seu
784 3666 925 3711 Comitauti
935 3665 1141 3717 (communitatli
1150 3664 1254 3718 contii),
1263 3663 1281 3707 li
1289 3665 1359 3718 quali
1366 3664 1439 3708 siano
1447 3672 1501 3707 tra·

273 3739 331 3783 miai
340 3750 355 3781 o
362 3740 461 3794 portati
470 3740 496 3783 in
503 3739 592 3784 Sicilia
600 3752 647 3794 per
655 3741 801 3794 qualuucha
809 3750 919 3793 persona
929 3738 978 3793 sia,
990 3744 1063 3782 tanto
1073 3738 1099 3781 in
1108 3737 1235 3787 Palermo,
1242 3735 1362 3790 Messiua,
1370 3742 1467 3791 quanto
1477 3737 1505 3780 io

272 3812 332 3865 ogni
342 3812 412 3855 altra
422 3820 507 3866 parte,
519 3824 568 3855 non
578 3814 599 3855 si
611 3812 687 3865 degia
703 3812 794 3867 apriti,
810 3822 840 3855 ne
852 3811 927 3866 legiri
939 3822 985 3865 per
1001 3810 1115 3864 dimano,
1132 3814 1242 3863 excepto
1258 3810 1304 3853 che
1318 3808 1401 3863 primo
1415 3820 1502 3862 venga

272 3884 298 3927 ln
306 3882 383 3939 potiri
394 3882 425 3926 de
436 3884 462 3927 la
472 3884 543 3928 dicta
559 3882 659 3937 Regina
675 3889 701 3927 et
717 3895 745 3927 so
763 3883 897 3937 consiglio,
912 3890 940 3927 et
956 3882 1048 3926 deinde
1063 3893 1112 3936 per
1124 3882 1338 3925 comandamento
1352 3880 1503 3924 delladlcta

271 3954 373 4011 Regina
383 3956 456 3999 sinde
466 3955 539 3999 tarra
550 3958 634 4009 quello
646 3956 693 3997 cire
703 3958 781 4000 sarra
791 3956 935 4008 ordinato.„
946 3953 1071 4009 capitula
1082 3954 1171 4007 Regni
1179 3952 1299 4005 Siciliae,
1309 3959 1328 3996 t.
1338 3964 1355 4006 1,
1366 3950 1503 4007 Martinus,

270 4038 328 4082 cap.
336 4026 551 4071 cxvii-“comm
562 4028 663 4071 notorio
675 4028 700 4071 in
710 4029 735 4070 lo
747 4026 820 4071 detto
832 4026 920 4081 Regno
930 4038 980 4069 non
990 4026 1011 4070 si
1019 4029 1069 4081 pub
1078 4026 1200 4079 exequire
1210 4026 1340 4074 rescritto,
1350 4024 1498 4078 provisione

269 4098 454 4150 commissione,
467 4110 498 4141 ne
509 4098 579 4142 bolla
589 4100 691 4149 alcuna,
701 4099 749 4141 che
760 4099 845 4153 prima
856 4110 906 4142 uon
917 4110 946 4142 se
956 4109 988 4141 ue
1002 4098 1100 4142 habbia
1114 4098 1141 4141 la
1156 4096 1295 4150 Viceregla
1304 4096 1465 4147 executoria,
1476 4102 1502 4138 et

270 4170 326 4214 coal
334 4170 357 4213 ai
368 4180 476 4213 asserva
487 4170 567 4213 etiam
578 4169 603 4213 in
614 4173 638 4213 ie
650 4170 796 4225 provisione
807 4170 838 4213 de
850 4171 874 4213 io
885 4170 991 4213 illustre
1001 4170 1102 4223 Vicere;
1113 4168 1232 4222 supplica
1238 4178 1286 4221 per
1293 4172 1384 4221 questo
1394 4168 1420 4210 io
1430 4166 1504 4211 detto

271 4240 402 4295 Regno...¹
413 4240 493 4293 lota„
504 4248 522 4283 t.
537 4251 563 4293 u,
576 4240 694 4295 Carolus,
706 4240 730 4283 ll
742 4240 796 4284 Rex
814 4240 927 4293 Siciliae,
944 4240 968 4282 V
979 4240 1135 4294 Imperator,
1146 4250 1203 4292 cap.
1214 4248 1303 4281 cxxix.

314 4314 322 4347 ¹
350 4310 419 4356 Vide
435 4323 516 4363 supra
534 4320 551 4355 t.
571 4322 608 4366 tv,
625 4324 685 4367 pag.
702 4312 803 4364 215219,
819 4324 860 4355 nn.
877 4312 976 4364 181481,
994 4320 1021 4354 et
1038 4310 1160 4356 Litterae
1175 4309 1410 4362 Quadrtmestres,
1425 4316 1444 4353 t.
1461 4320 1501 4364 m,

270 4394 331 4439 pag.
343 4384 391 4437 115,
401 4383 538 4439 suasmet
548 4382 597 4428 611.

311 4456 322 4487 ¹
351 4454 444 4509 Supra,
455 4464 473 4501 t.
482 4466 519 4507 ιν,
528 4467 589 4509 pag.
599 4456 648 4507 218,
658 4468 683 4499 n.
695 4456 743 4499 183.

310 4528 321 4559 ³
349 4525 415 4571 Vide
425 4537 514 4581 supra,
525 4532 543 4569 t.
555 4538 591 4578 tv,
602 4538 662 4581 pag.
673 4528 721 4571 218.
732 4540 755 4571 n.
767 4527 894 4573 tat-tite
905 4528 949 4571 ille
959 4534 1009 4579 est,
1020 4527 1062 4583 qui
1074 4526 1231 4571 Societatem
1242 4526 1319 4579 paulo
1328 4530 1390 4569 ante
1406 4536 1502 4570 annum

272 4599 324 4641 1551
335 4599 474 4652 ingressus.
484 4598 636 4651 primustuit
649 4598 849 4643 Panormitanae
866 4599 1045 4645 Professorum
1061 4600 1151 4643 domus
1168 4598 1336 4652 Praepositae
1352 4608 1419 4641 anuo
1438 4596 1505 4650 1581,

272 4670 387 4724 obiitque
399 4670 503 4713 tandem
515 4668 635 4714 Panormi
648 4670 695 4714 ta·
706 4670 842 4715 Februarii
854 4672 915 4715 1611.
927 4671 994 4715 Vide
1005 4672 1150 4724 Acumen,
1163 4672 1180 4714 1.
1190 4682 1222 4720 c„
1232 4676 1320 4724 parti
1331 4675 1357 4714 et
1367 4680 1394 4724 1¹3
1404 4668 1503 4722 Boline,

272 4740 430 4795 menologio,
440 4748 459 4785 t.
470 4752 497 4795 11,
509 4753 568 4796 pag.
578 4742 626 4797 511,
638 4748 664 4785 et
675 4742 796 4787 Litterae
806 4743 1038 4798 Quadrtmestres,
1047 4750 1067 4788 t.
1077 4756 1114 4800 ur,
1126 4756 1186 4799 pag.
1195 4743 1246 4790 619.
