3717 5400
343 450 400 512 312
800 451 927 512 Canos.
948 451 1026 512 Soc.
1045 454 1117 525 jus.

345 597 425 662 nari
438 597 617 678 prohibuit
637 596 658 655 ¹.
675 597 747 662 Nec
769 599 897 662 mirum
919 613 972 662 est
990 599 1023 662 si
1041 599 1152 679 aliqui
1170 598 1275 662 fidem
1296 599 1353 661 his
1374 598 1575 662 hominibus

347 703 528 781 haberent,
545 722 625 768 cum
639 706 741 784 plena
754 706 955 784 haereticis,
967 707 1076 769 etiam
1086 706 1389 780 sacramentariis,
1402 705 1502 784 regio
1513 706 1575 770 illa

348 820 384 880 et
398 811 527 876 civitas
537 812 615 894 ipsa
627 813 848 876 tornacensis
859 823 965 876 esset.
977 811 1079 876 Unde
1089 824 1125 874 et
1135 813 1215 892 pios
1224 813 1422 879 catholicos
1430 829 1503 874 non
1513 829 1571 892 pa-

348 934 427 982 rum
442 919 515 998 pati
529 935 675 983 necesse
689 930 777 996 erat,
797 937 889 996 cum,
910 930 949 982 ut
958 919 1114 982 diximus
1133 920 1157 996 ¹,
1181 918 1327 985 Missam
1348 919 1473 982 audire
1493 935 1574 998 pec-

345 1034 466 1090 catum
480 1027 629 1090 mortale
643 1043 721 1090 esse
740 1025 908 1090 dicerent.

405 1131 476 1196 850.
520 1133 640 1196 Mense
656 1133 819 1212 Augusto
834 1132 872 1195 P.
888 1133 1092 1196 Bernartius
1107 1132 1286 1196 oliverius
1301 1133 1438 1196 litteras
1458 1131 1575 1196 Patris

349 1237 478 1319 Ignatii
491 1241 641 1320 accepit.
657 1241 785 1320 quibus
799 1241 835 1302 in
849 1239 1020 1318 Angliam
1034 1241 1238 1303 mittebatur
1248 1238 1260 1269 ⁸
1269 1251 1416 1321 propter
1428 1241 1573 1318 negotia

348 1343 497 1426 Collegii
510 1345 662 1412 Romani
676 1346 688 1378 ⁴
702 1365 745 1410 ac
761 1347 903 1410 Domini
917 1346 1066 1428 joannis
1079 1347 1123 1410 de
1134 1347 1307 1410 Mendoza
1320 1345 1334 1377 ⁸
1347 1357 1383 1410 et
1395 1345 1574 1426 quoddam

347 1453 454 1522 aliud.
471 1454 564 1536 quod
579 1454 624 1516 ad
640 1455 822 1518 civitatem
836 1453 1112 1518 Limericensem
1131 1451 1341 1534 [spectabat]
1360 1451 1384 1515 ⁸.
1405 1453 1574 1534 Aliquam

350 1569 467 1626 tamen
484 1561 709 1624 occasionem
724 1562 816 1624 idem
831 1559 870 1623 P.
883 1559 1087 1624 Bernartius
1100 1561 1287 1623 habiturus
1297 1560 1486 1623 videbatur
1497 1576 1575 1622 ver·

348 1667 432 1730 bum
445 1667 512 1732 Dei
527 1667 756 1748 praedicandi
770 1667 806 1730 in
821 1667 966 1746 Anglia,
988 1666 1048 1730 ubi
1069 1667 1210 1747 plurimi
1229 1667 1398 1746 gallicam
1416 1667 1575 1745 linguam

350 1774 536 1838 callebant.
553 1774 596 1840 Et
611 1775 693 1855 quia
709 1774 843 1840 socium
859 1774 1013 1856 aliquem
1026 1775 1250 1837 sacerdotem
1264 1773 1439 1838 deducere
1453 1790 1575 1836 secum

347 1879 509 1956 debebat,
523 1897 563 1944 re
578 1881 707 1944 collata
723 1898 803 1943 cum
814 1879 853 1943 P.
867 1881 1028 1944 Adriano
1040 1880 1051 1908 ⁷
1061 1880 1226 1958 Rectore,
1240 1880 1278 1942 P.
1292 1880 1472 1944 Adrianus
1483 1879 1571 1943 Can·

341 1986 447 2052 didus
460 1990 593 2051 electus
607 1998 671 2066 est,
687 1989 747 2070 qui
758 1997 842 2052 tunc
855 2005 925 2050 non
939 1988 1027 2050 bene
1037 1988 1229 2052 admodum
1240 1988 1393 2064 valebat,
1406 1999 1441 2051 et
1452 2004 1574 2070 quam·

345 2095 401 2162 vis
415 2094 644 2174 Antuerpiae,
660 2111 752 2174 quae
767 2096 883 2173 patria
899 2093 975 2176 ejus
989 2105 1077 2174 erat,
1091 2114 1136 2158 ex
1159 2095 1376 2158 medicorum
1399 2095 1571 2174 praescri·

345 2209 407 2279 pto
431 2201 614 2266 medicinis
637 2201 802 2264 remediis
832 2219 917 2264 usus
946 2202 1023 2277 fuit,
1053 2202 1281 2265 nihilominus
1306 2199 1423 2282 [male]
1439 2202 1575 2264 habens

346 2305 543 2372 Lovanium
559 2307 673 2372 rediit.
690 2306 759 2372 Iter
773 2317 874 2370 auter
889 2307 1086 2388 Antuerpia
1100 2308 1300 2372 Londinum
1319 2308 1422 2388 (quae
1446 2307 1576 2371 civitas

344 2423 452 2494 caput
467 2423 520 2478 est
534 2414 699 2494 Angliae)
715 2414 787 2478 iere
802 2415 986 2494 navigatio
1001 2415 1151 2479 duorum
1166 2416 1303 2478 dierum
1324 2424 1391 2478 est.
1409 2413 1478 2478 Sed
1494 2432 1576 2477 curn

342 2517 416 2597 jam
431 2521 476 2584 ad
490 2521 555 2584 iter
571 2513 687 2601 parati
711 2532 840 2596 essent,
867 2521 1116 2586 intellexerunt
1142 2540 1187 2584 ex
1212 2522 1337 2584 amicis
1362 2521 1466 2597 (inter
1485 2538 1576 2601 quos

346 2627 459 2707 primo
482 2629 559 2690 loco
582 2628 840 2709 computandus
859 2640 936 2692 erat
951 2627 995 2690 D.
1021 2629 1170 2692 Alexius
1188 2627 1364 2707 Fontana,
1385 2629 1575 2709 Imperato-

346 2734 396 2799 ris
420 2734 638 2799 Secretarius
663 2734 700 2812 ⁸,)
725 2734 861 2815 Regem
880 2736 996 2815 ipsum
1019 2735 1218 2816 Philippum
1237 2737 1330 2799 intra
1346 2754 1480 2816 paucos
1500 2735 1577 2798 dies

348 2894 519 2903 --—-.-.-..---
536 2896 540 2903 ι
548 2898 555 2903 -

388 2973 396 3003 ¹
425 2971 508 3029 Hujus
518 2972 693 3021 Commissarli
711 2976 905 3021 difficultatibus
919 2976 1058 3029 respondet
1074 2976 1138 3026 inse,
1154 2987 1187 3018 ex
1200 2987 1275 3025 com„
1292 2976 1420 3020 Polancus
1436 2976 1532 3020 litteris
1542 2978 1576 3021 sd

350 3042 455 3089 Patrem
466 3046 655 3089 Adriatnssens
666 3048 734 3089 datis
742 3047 756 3089 8
765 3046 824 3099 Julii
836 3048 911 3102 hujus
921 3048 991 3093 anni.
1001 3048 1045 3090 nbi
1055 3048 1120 3089 haec
1130 3050 1199 3091 inter
1209 3049 1270 3090 alia:
1279 3049 1358 3091 “nihii
1368 3050 1447 3100 enim,
1456 3049 1523 3102 qnod
1529 3060 1577 3091 nos

349 3126 462 3160 sciamus
471 3118 567 3162 accidit
581 3130 693 3172 unquam
708 3120 781 3163 nobis
797 3118 893 3163 Romae
911 3120 953 3162 vel
968 3120 1084 3172 cuiquam
1100 3131 1132 3161 ex
1142 3126 1233 3162 nostra
1248 3119 1388 3171 societate.
1403 3122 1471 3174 qnod
1485 3128 1578 3164 contra

348 3188 553 3234 aedificationem
563 3201 619 3234 esse
635 3191 846 3241 intellexerimus.
863 3202 909 3245 per
925 3190 971 3233 Dei
987 3191 1110 3243 gratiam.
1125 3192 1182 3235 sive
1197 3203 1229 3233 ea
1243 3203 1309 3244 quse
1321 3203 1421 3237 morum
1435 3199 1504 3244 sunt,
1519 3192 1576 3235 sive

343 3270 412 3313 quae
428 3260 570 3315 Religionis
584 3263 738 3315 catholicae.
753 3262 810 3306 sive
825 3274 890 3316 quae
906 3263 1048 3313 doctrinae,
1062 3262 1279 3316 spectes„.-Cum
1295 3272 1383 3307 autem
1398 3264 1576 3317 rescripsisset

347 3332 543 3379 Adriaenssens.
553 3346 621 3377 nova
631 3336 758 3388 quaedam
768 3336 797 3377 de
810 3335 993 3378 commissario
1000 3335 1106 3387 addens,
1116 3334 1197 3378 fusius
1205 3336 1290 3378 adhuc
1299 3336 1447 3389 respondet,
1458 3346 1492 3377 ex
1501 3346 1577 3384 com„

348 3404 476 3450 Polancus
485 3406 534 3450 27!
544 3406 613 3459 Julii.

389 3478 400 3510 Ι
429 3478 492 3532 Peg.
503 3478 552 3529 sot,
562 3478 645 3521 millib.

386 3550 398 3581 ³
426 3550 480 3595 Has
490 3550 585 3605 ignatii
597 3551 701 3593 litteras
712 3548 826 3603 reperire
839 3561 888 3593 non
899 3551 1037 3593 valuimus.
1048 3550 1113 3592 Dari
1125 3559 1212 3592 autem
1223 3560 1269 3591 eae
1281 3550 1425 3593 debuerunt
1435 3558 1496 3595 ante
1506 3552 1575 3595 diem

344 3620 402 3664 «tan
412 3620 472 3675 Julil
482 3630 527 3667 aut
539 3623 605 3666 sorte
616 3622 671 3677 ipsa
683 3622 723 3665 dle
734 3620 768 3663 tl*
779 3620 849 3663 Tunc
861 3622 928 3665 enim
940 3622 1009 3664 misit
1026 3620 1153 3663 Polancus
1163 3620 1236 3663 Patri
1252 3619 1386 3664 Bernardo
1400 3624 1522 3676 “quattro
1531 3624 1579 3677 pli·

347 3689 532 3743 chldlversi...,
543 3692 585 3733 nel
596 3698 689 3745 quarto
707 3690 728 3734 si
744 3698 904 3745 contengono
921 3693 945 3733 le
962 3690 1121 3733 instruttioni
1139 3698 1164 3732 et
1182 3691 1276 3733 lettere
1287 3702 1333 3743 per
1344 3690 1378 3733 V.
1390 3690 1434 3743 R..
1451 3692 1578 3748 Loquitur

347 3762 438 3807 deinde
448 3762 479 3806 de
490 3762 608 3816 eligendo
619 3762 718 3807 itineris
729 3763 806 3813 socio.
818 3763 850 3805 de
861 3763 893 3805 iis
903 3774 970 3816 quae
982 3763 1007 3805 ln
1018 3763 1116 3815 Augila
1126 3761 1227 3813 agenda
1236 3770 1306 3810 sunt.
1316 3762 1347 3804 de
1359 3765 1467 3816 pecunia
1483 3764 1516 3807 ad
1528 3766 1579 3807 iter

348 3832 495 3880 necessaria
505 3845 554 3879 non
565 3835 589 3879 ln
601 3834 697 3889 Anglia
707 3834 892 3879 emendicanda
901 3834 947 3877 sed
959 3835 984 3877 in
995 3834 1086 3887 Belgio
1094 3841 1182 3877 mutuo
1190 3834 1342 3887 accipienda
1353 3834 1458 3879 Polanei
1468 3837 1578 3889 nomine,

345 3906 391 3959 qui
401 3917 458 3949 eam
469 3906 565 3949 Romae
576 3908 668 3959 solvet,
680 3913 738 3958 etc..
751 3915 800 3949 etc.

388 3978 400 4010 ⁴
427 3976 477 4031 Sc..
488 3984 517 4021 ut
526 3978 660 4031 penuriam
672 3978 780 4031 Collegii
793 3976 902 4021 Romani
912 3978 1064 4020 sublevaret
1073 3977 1264 4029 etpraesertim
1273 3984 1302 4021 nt
1310 3978 1536 4022 commendatitias
1545 3979 1579 4021 ad

351 4047 499 4095 Pontificem
509 4060 524 4093 a
536 4049 604 4102 Rege
617 4048 734 4103 Pntttppo
746 4049 849 4093 litterar
860 4050 1021 4103 impetraret.
1032 4046 1097 4091 Vide
1108 4058 1197 4101 supra,
1207 4059 1268 4102 pag.
1276 4049 1303 4091 26
1313 4058 1340 4091 et
1349 4048 1385 4103 27,
1396 4061 1420 4092 n.
1430 4051 1458 4092 ll
1467 4057 1494 4093 et
1503 4050 1539 4093 ts.

391 4120 401 4152 ⁵
428 4120 494 4164 Vide
505 4132 591 4175 supra.
601 4132 659 4175 pag,
670 4120 704 4173 27,
716 4132 739 4163 n.
751 4120 784 4163 tt.

388 4190 401 4223 ⁸
427 4192 493 4236 Vide
506 4192 601 4235 cartas
610 4192 643 4235 de
655 4192 710 4235 San
722 4191 839 4244 Ignacr'o,
849 4200 867 4235 t.
880 4205 904 4243 v.
915 4202 975 4245 pag.
985 4190 1024 4233 391
1038 4198 1063 4233 et
1074 4190 1221 4233 ‘lta-Vere
1232 4192 1325 4234 mirum
1340 4199 1379 4234 est
1397 4193 1495 4236 nullum
1505 4194 1582 4248 hujus

349 4262 455 4319 negotii,
466 4264 532 4319 quod
543 4264 576 4307 ad
586 4263 786 4309 Limericensem
802 4264 979 4317 episcopatum
996 4263 1141 4316 spectabat.
1159 4272 1250 4305 extare
1262 4263 1411 4317 vestigium,
1427 4276 1476 4317 quo
1493 4264 1583 4314 innixi.

347 4336 520 4391 conjectando
534 4336 627 4379 sallem
644 4336 729 4379 dicere
746 4336 872 4387 possimus
888 4335 948 4388 quid
964 4334 1026 4376 illud
1045 4333 1235 4376 inerit—Patri
1251 4334 1385 4379 Edmundo
1404 4334 1504 4387 Hom,
1521 4336 1582 4379 dum

350 4418 423 4451 suum
434 4418 496 4461 opus
511 4406 621 4450 Ibernio
637 4406 784 4459 lgnarrana
800 4407 953 4457 composuit,
971 4412 1077 4457 ignotae
1092 4416 1171 4458 supra
1187 4416 1345 4449 memoratae
1363 4405 1459 4459 ignatii
1475 4407 1582 4450 litterae

350 4476 429 4523 luisse
440 4478 567 4522 videntur.
578 4477 638 4533 Nos,
650 4478 740 4533 siquid
751 4478 817 4521 sorte
829 4477 1010 4531 repererimus,
1020 4476 1046 4519 ln
1056 4476 1131 4519 Nova
1144 4476 1220 4520 Seria
1229 4477 1387 4520 latinarum
1399 4478 1493 4521 Sancti
1502 4478 1583 4532 Igna-

352 4551 550 4605 ttr'ttperlemus.

391 4622 401 4651 ⁷
430 4623 627 4667 Adriatnssens.

392 4694 403 4725 ⁸
430 4695 496 4739 Vlde
507 4704 592 4749 supra
605 4704 664 4748 pag.
675 4694 722 4747 297,
734 4692 1031 4748 n.810.-1nteramicos‚
1043 4697 1085 4749 qui
1098 4706 1151 4739 rem
1164 4694 1305 4739 societatis
1317 4694 1446 4737 Bruxellis
1457 4694 1581 4747 agebant.
