3717 5400
774 495 837 554 Art.
860 493 932 554 1555
1413 495 1468 556 etv

236 644 275 707 in
294 659 427 724 pagum
452 640 639 723 quemdam
664 639 909 720 lusitanorum,
930 640 1059 721 viginti
1078 650 1229 722 quatuor
1248 641 1370 704 leucas
1389 637 1468 705 Goa

236 749 442 826 distantem,
463 750 606 812 nomine
625 747 874 826 Battegbalam
900 745 921 826 ¹,
948 747 1183 824 devenerunt,
1210 747 1269 812 ubi
1293 745 1469 812 Dominus

236 873 303 920 eos
321 847 549 930 illuminavit;
572 865 607 918 et
626 871 707 918 cum
726 854 850 918 mulier
869 854 1045 936 quaedam
1066 855 1236 934 lusitana,
1258 855 1390 918 nostris
1408 854 1469 919 ad·

238 962 359 1041 dicta,
388 963 482 1026 hanc
510 962 546 1025 in
571 961 623 1024 eis
647 961 865 1024 voluntatem
894 960 1227 1040 animadvertisset,
1256 977 1379 1026 secum
1406 977 1469 1026 eos

238 1069 358 1134 Goam
383 1067 530 1132 adduxit
554 1077 588 1130 et
614 1067 746 1132 nostris
769 1067 927 1146 tradidit;
954 1067 1013 1130 ubi
1039 1083 1120 1130 cum
1143 1085 1206 1132 eos
1231 1069 1469 1149 alloqueretur

240 1174 372 1240 Paulus
400 1175 662 1252 OrmuziensiS,
692 1174 752 1254 qui
781 1171 938 1253 ejusdem
966 1184 1086 1237 sectae
1117 1174 1257 1254 suerat,
1291 1175 1469 1239 fatebatur

237 1282 337 1364 quod
357 1279 502 1361 majoris
530 1281 579 1344 illi
605 1281 847 1360 auctoritatiS,
869 1297 976 1360 quam
996 1280 1090 1361 ipse,
1115 1281 1207 1346 inter
1226 1282 1377 1361 gentiles
1397 1281 1468 1345 sue·

242 1397 323 1454 rant
337 1388 360 1448 ¹.

253 1495 257 1503 '
304 1494 391 1558 1807.
434 1495 489 1558 Ex
504 1494 558 1558 his
574 1505 692 1559 autem
706 1495 765 1575 qui
781 1495 1099 1575 convertebantur,
1116 1513 1198 1560 cum
1211 1495 1322 1576 aliqui
1338 1512 1470 1559 uxores

242 1604 427 1681 haberent,
449 1602 487 1666 P.
510 1601 641 1666 Paulus
661 1603 769 1665 etiam
790 1602 1096 1666 matrimoniorum
1117 1603 1209 1666 inter
1231 1603 1327 1682 ipsos
1347 1620 1470 1666 curam

239 1711 406 1790 gerebat3
423 1720 457 1772 et
472 1709 636 1790 quamvis
658 1709 938 1773 valetudinarius
957 1720 1068 1788 esset,
1091 1710 1137 1773 ad
1157 1726 1265 1790 opera
1285 1710 1471 1774 charitatis

243 1819 372 1908 multas
387 1817 483 1880 vires
500 1817 551 1880 illi
565 1814 740 1880 Dominus
754 1816 1057 1880 subministrabat.
1079 1816 1165 1880 Erat
1185 1827 1303 1881 autem
1323 1835 1396 1880 non
1409 1817 1470 1880 mi-

242 1926 339 1990 nima
365 1924 439 2005 ejus
465 1923 652 2004 occupatio
679 1923 715 1986 in
740 1923 921 2003 hospitali,
949 1923 1043 2003 quotl
1068 1923 1218 2002 collegio
1243 1923 1471 2005 conjunctum

240 2031 409 2110 diximus
426 2032 486 2094 ubi
500 2047 642 2111 semper
656 2031 756 2094 multi
770 2029 915 2108 morbis,
933 2031 1040 2094 etiam
1055 2031 1284 2111 contagiosis,
1300 2049 1344 2095 ac
1355 2033 1471 2112 plagis

242 2139 448 2202 laborantes
471 2138 703 2214 curabantur;
728 2137 788 2216 qui
813 2136 843 2200 si
868 2153 940 2198 non
964 2136 1104 2217 excepti
1123 2137 1272 2203 luissent
1293 2148 1328 2201 et
1347 2156 1471 2202 eorum

243 2245 364 2309 habita
380 2247 483 2323 cura,
500 2244 596 2307 haud
611 2243 715 2307 dubie
728 2243 874 2322 perituri
890 2243 1117 2321 videbantur,
1133 2245 1229 2325 quod
1244 2245 1335 2309 inter
1356 2244 1471 2323 huius·

243 2343 340 2416 modi
361 2351 521 2415 homines
544 2351 696 2430 gentiles
714 2366 780 2412 nec
800 2349 958 2413 charitas
976 2367 1043 2413 nec
1061 2350 1263 2415 humanitas
1282 2361 1383 2416 tanta
1404 2362 1470 2432 est,

184 2519 186 2524 ,
243 2467 282 2521 nt
308 2457 509 2538 huiusmodi
541 2455 679 2520 miseris
707 2456 910 2520 hominibus
939 2456 1168 2520 sublevandis
1201 2459 1284 2521 dent
1312 2475 1470 2539 operam.

243 2563 455 2628 Confecerat
470 2565 537 2627 hoc
558 2563 733 2642 hospitale
753 2561 903 2626 Cosmus
922 2561 1047 2641 Agnes
1067 2561 1095 2638 ⁸,
1117 2564 1177 2645 qui
1194 2565 1303 2628 etiam
1322 2564 1472 2645 Collegii
1557 2561 1562 2569 '

243 2669 305 2736 stt
323 2669 423 2735 Pauli
438 2669 650 2751 praecipuus
671 2678 797 2733 auctor
818 2668 934 2733 suerat
949 2671 1145 2751 'antequam
1166 2667 1337 2736 Societati
1357 2672 1472 2738 trade·

244 2787 354 2857 retur,
371 2788 405 2840 et
425 2794 553 2840 nomen
573 2777 604 2840 ei
619 2777 771 2840 Sanctae
791 2775 891 2839 Fidei
911 2778 1143 2857 imposuerat,
1165 2789 1199 2842 et
1218 2780 1265 2842 ad
1284 2798 1373 2860 opus
1391 2798 1471 2845 con·

245 2884 421 2948 versionis
446 2882 638 2947 infidelium
661 2868 797 2946 reditus
819 2883 995 2971 idolorum
1019 2885 1250 2965 applicandos
1269 2899 1471 2967 curaverat;

243 2992 421 3072 quamvis,
438 3001 476 3053 ut
495 2990 658 3070 superius
676 2988 829 3053 diximus
843 2988 870 3064 ⁴,
888 2990 938 3053 illi
959 2988 1198 3071 Portugalliae
1213 2992 1290 3057 Rex
1310 2995 1381 3058 alia
1402 2996 1473 3059 duo

244 3100 354 3163 millia
376 3100 585 3162 ducatorum
601 3098 709 3161 annui
724 3097 858 3160 reditus
873 3098 1069 3161 addiderat.

208 3264 214 3276 ,
307 3204 394 3269 1808.
437 3204 505 3267 Hic
533 3203 682 3268 Cosmus
710 3203 834 3283 Agnes
863 3222 933 3269 non
961 3204 1153 3269 admodum
1180 3207 1354 3287 probabat
1379 3210 1474 3290 quod

244 3315 477 3379 lusitanorum
493 3312 554 3377 filii
569 3313 660 3375 inter
675 3312 766 3375 alios
780 3311 945 3375 indorum
967 3312 1057 3376 filios
1076 3330 1119 3376 eo
1139 3314 1175 3376 in
1195 3313 1355 3395 Collegio
1376 3315 1474 3379 insti·

240 3430 437 3497 tuerentur,
454 3430 492 3483 ut
507 3420 580 3482 suis
595 3418 723 3481 litteris
737 3419 830 3481 idem
846 3419 891 3481 ad
906 3417 945 3481 P.
966 3419 1143 3497 ignatium
1157 3420 1335 3499 significat
1350 3421 1380 3497 ⁸,
1401 3424 1474 3503 qui·

244 3528 310 3591 bus
321 3527 354 3590 ei
365 3528 501 3606 gratias
512 3526 587 3603 agit
599 3526 693 3605 quod
705 3536 874 3605 tanquam
887 3524 1105 3589 benefactori
1116 3526 1245 3591 Missas
1256 3538 1291 3590 et
1303 3527 1475 3609 suffragia

247 3634 356 3697 multa
369 3642 405 3695 et
423 3633 638 3713 peculiarem
658 3632 869 3695 charitatem
888 3633 921 3695 ei
945 3632 1105 3729 exhiberi
1125 3632 1164 3696 P.
1187 3633 1347 3713 Ignatius
1365 3633 1477 3715 injun-

247 3752 361 3819 xerat;
378 3748 472 3803 etex
488 3740 554 3801 illis
570 3739 688 3818 pueris
703 3738 797 3802 hunc
812 3739 948 3819 sperari
959 3739 1115 3803 fructum
1126 3740 1217 3804 inter
1231 3751 1393 3805 caeteros
1404 3758 1476 3807 non

244 3846 543 3911 contemnendum
555 3847 617 3909 ait:
630 3846 724 3926 quod
735 3846 969 3926 interpretum
979 3847 1057 3909 loco
1068 3848 1200 3911 nostris
1212 3849 1387 3929 operariis
1398 3867 1478 3914 esse

286 4164 295 4192 ¹
325 4158 452 4204 Scrlbltur
466 4162 499 4203 ab
514 4160 573 4203 aliis
587 4158 738 4203 Batitacrtld
755 4166 781 4203 et
798 4158 933 4207 Battcala.
948 4160 1047 4205 Verum
1066 4162 1262 4215 distinguendus
1279 4164 1359 4217 probe
1377 4171 1417 4208 est
1435 4166 1479 4209 bic

244 4240 327 4284 pagus
336 4232 506 4275 lusitanorum
517 4232 549 4275 ab
561 4232 632 4279 urbe.
644 4231 758 4285 ejusdem
765 4232 881 4284 nominis,
892 4232 944 4275 sita
956 4232 1075 4277 ininsula
1090 4231 1198 4288 Cellanl,
1217 4246 1284 4289 quae
1294 4236 1397 4290 quidem
1413 4240 1477 4281 urbs

242 4296 346 4352 longius
356 4300 437 4343 multo
448 4310 525 4355 quam
535 4301 630 4354 viginti
642 4308 753 4355 quatuor
764 4300 915 4346 leneasGoa
926 4302 1017 4346 distat.

284 4370 296 4402 ¹
321 4371 349 4413 “e
359 4371 450 4416 dieena
465 4372 490 4415 dl
502 4374 557 4416 loro
567 4372 648 4417 Panlo
659 4374 684 4417 dl
695 4372 777 4417 Senta
791 4372 859 4417 Fede
871 4376 918 4417 clte
933 4385 1013 4418 erano
1024 4375 1087 4419 stall
1098 4376 1212 4421 bnomlnt
1223 4379 1248 4421 di
1259 4376 1304 4432 plu
1318 4378 1420 4424 credito
1434 4380 1476 4425 ira

242 4442 280 4495 gli
290 4442 391 4496 gentili,
402 4444 449 4487 che
458 4454 515 4487 esso
525 4455 574 4487 non
585 4454 631 4487 ern
641 4450 734 4498 stato„
745 4442 856 4487 Diversi
866 4447 948 4493 anisi.
957 4452 1016 4499 etc..
1028 4446 1073 4491 iol.
1083 4446 1124 4491 222
1136 4460 1162 4490 v.

283 4512 295 4545 ὃ
322 4513 416 4559 Comus
439 4516 527 4571 Agnes
547 4516 603 4559 slve
626 4516 705 4569 Anes,
724 4518 862 4561 ueletiam
880 4516 1045 4562 Cosmertnes.
1063 4518 1130 4563 Vide
1148 4530 1236 4575 snpra,
1252 4532 1276 4564 n.
1294 4520 1347 4564 17oe
1358 4528 1385 4565 et
1403 4529 1422 4567 t.
1441 4532 1478 4575 tv,

243 4595 305 4639 pag.
315 4586 363 4639 663,
374 4596 399 4630 n.
413 4586 472 4639 1³27,
481 4596 569 4631 aanor.
580 4586 601 4631 3.

251 4676 254 4683 ,
285 4658 297 4691 ⁴
324 4656 640 4713 T.u·,pag.5t3.n.tata.

286 4727 298 4761 ὃ
326 4728 380 4773 Has
392 4729 477 4775 Cosmi
489 4732 577 4775 Aunes
587 4732 690 4777 litteras
700 4734 815 4789 reperire
825 4734 937 4778 nondum
948 4735 1086 4779 valultnua.

428 4820 465 4879 Τ.
483 4838 509 4880 v.
