3717 5400
819 505 883 564 An.
906 503 976 562 lr'x'tb
1459 499 1519 558 265

282 669 346 714 suo
373 651 533 730 Collegio
549 660 582 713 et
607 650 847 714 Universitate
862 647 1058 728 Dilingana
1079 646 1248 711 Societati
1273 644 1458 724 tradenda,
1479 655 1514 708 et

283 772 355 822 tarn
372 761 480 836 illum,
497 775 605 839 quam
621 759 709 820 alios
724 755 938 820 Germaniae
953 756 1143 836 principes,
1160 753 1298 816 difficile
1313 753 1443 816 adduci
1453 769 1514 832 pu·

283 866 381 928 tabat
402 865 410 896 ¹
432 875 470 927 ut
485 865 635 944 collegia
660 874 863 928 nostrorum
888 873 1026 925 tantum
1049 861 1284 938 instituerent,
1311 877 1394 923 narn
1413 860 1519 923 serni-

285 972 387 1034 naria
402 973 657 1051 operariorum,
675 972 734 1051 qui
749 971 985 1050 Episcopatus
1000 977 1035 1032 et
1049 985 1173 1031 curam
1193 968 1391 1030 animarum
1406 966 1515 1030 susci·

286 1087 431 1157 perent,
463 1079 621 1140 curanda
650 1079 718 1142 sibi
745 1077 919 1158 imprimis
947 1076 1215 1151 existimabant,
1241 1084 1280 1137 ut
1302 1072 1375 1153 jam
1400 1073 1520 1136 dictus

287 1185 325 1248 P.
341 1183 426 1248 Soto
442 1202 610 1264 expresse
636 1185 768 1248 nostris
794 1183 1020 1264 significavit.
1042 1183 1087 1244 Et
1112 1182 1191 1244 ideo
1215 1180 1254 1243 Ρ.
1280 1181 1433 1259 NataliS,
1456 1181 1516 1260 qui

287 1293 445 1356 fervebat
465 1292 639 1356 desiderio
661 1293 815 1355 nationis
835 1291 1063 1370 germanicae
1082 1288 1278 1368 juvandae,
1301 1288 1516 1367 suggerebat
1615 1345 1618 1351 .

287 1399 383 1462 Patri
399 1399 535 1476 ignatio
552 1417 655 1478 posse
673 1399 824 1478 collegia
840 1399 991 1472 admitti,
1007 1396 1066 1459 ubi
1081 1397 1190 1476 aliqui
1205 1397 1312 1458 etiam
1324 1397 1517 1464 alerentur,

286 1508 346 1586 qui
371 1507 529 1585 religiosi
553 1523 624 1569 non
649 1523 727 1570 esse
753 1506 1008 1581 decrevissent;
1031 1502 1131 1583 juxta
1158 1504 1357 1576 formulam,
1374 1501 1517 1581 quaein

286 1627 413 1694 quarta
428 1625 528 1693 parte
545 1613 842 1676 Constitutionum
859 1611 1045 1690 attingitur
1059 1613 1080 1683 ¹3
1100 1610 1290 1672 dummodo
1305 1607 1520 1686 gubernatio

288 1737 395 1800 penes
415 1719 629 1784 Societatem
655 1731 758 1792 esset,
787 1729 821 1782 et
843 1719 971 1798 aliquis
996 1728 1198 1780 nostrorum
1222 1716 1517 1778 scholasticorum

288 1843 467 1906 numerus,
482 1826 583 1907 juxta
598 1843 784 1890 numerum
805 1836 1088 1906 praeceptorum,
1110 1841 1200 1903 quos
1219 1822 1345 1886 datura
1366 1830 1443 1884 erat
1456 1819 1519 1884 So-

288 1937 410 2013 cietas;
428 1946 462 1997 et
477 1936 630 1997 vastitas
645 1950 782 1997 summa
798 1949 840 1996 ac
861 1933 1032 1996 desolatio
1053 1933 1090 1994 in
1110 1930 1175 2008 his,
1199 1947 1289 2010 quae
1310 1929 1356 1991 ad
1375 1927 1514 2007 religio

289 2057 370 2104 nem
386 2043 573 2121 pertinent,
590 2039 762 2103 efficiebat
778 2051 815 2102 ut
831 2041 959 2120 quavis
980 2039 1181 2102 conditione
1202 2035 1421 2100 admittenda
1440 2050 1521 2097 esse

288 2149 438 2226 collegia
456 2147 491 2210 P.
509 2145 647 2210 Natalis
667 2156 838 2210 censeret.

348 2255 419 2316 737.
462 2252 590 2317 Diaeta
606 2263 817 2332 augustana,
832 2254 868 2317 in
880 2254 936 2316 his
948 2270 1039 2332 quae
1056 2261 1218 2331 spectant
1233 2251 1278 2312 ad
1297 2249 1521 2329 religionem,

288 2363 374 2425 nihil
388 2362 468 2424 boni
481 2362 668 2438 tractabat,
684 2361 790 2424 immo
798 2361 874 2423 sine
884 2360 1095 2423 detrimento
1105 2359 1266 2422 veritatis
1274 2358 1473 2420 catholicae
1483 2365 1519 2418 et

285 2468 542 2548 jurisdictionis
556 2469 788 2530 ecelesiarum
802 2484 860 2530 res
875 2484 946 2529 non
962 2467 1228 2544 transigebatur
1242 2463 1265 2539 ³,
1282 2481 1363 2526 cum
1386 2475 1520 2542 ternpo-

289 2577 377 2638 ralia
390 2577 545 2638 dominia
561 2575 814 2637 ecclesiasticis
839 2573 982 2636 auferre
1006 2573 1140 2636 domini
1164 2573 1378 2651 temporales
1398 2570 1520 2632 haere-

287 2682 349 2747 tici
378 2683 583 2745 niterentur.
607 2681 760 2746 Ministri
782 2681 891 2743 etiam
914 2679 1093 2743 Sathanae
1112 2680 1299 2759 diligentes
1328 2675 1519 2741 admodum

290 2791 484 2868 magistros
504 2806 663 2851 errorum
684 2790 728 2851 ad
750 2790 917 2851 haereses
933 2804 1018 2851 suas
1040 2788 1145 2851 latius
1169 2788 1205 2849 in
1227 2787 1303 2849 dies
1318 2784 1523 2848 dilatandas

291 2894 489 2977 [urgebant
512 2894 583 2976 qni]
611 2906 722 2957 totam
748 2895 998 2957 lutheranismi
1022 2894 1239 2973 impietatem
1265 2894 1300 2955 in
1320 2906 1518 2953 sermonem

290 3020 460 3083 graecum
476 3013 728 3065 converterant
743 3013 777 3064 et
793 3002 1053 3081 imprimebant,
1069 3010 1107 3063 ut
1122 3002 1173 3062 sic
1189 3000 1360 3062 orientem
1375 3009 1520 3078 possent

289 3110 444 3195 iniicere,
462 3120 496 3172 et
512 3108 650 3171 interim
666 3110 726 3188 qui
741 3118 1026 3188 propugnatores
1041 3124 1119 3170 esse
1134 3107 1309 3169 debebant
1322 3105 1525 3168 catholicae

290 3217 381 3291 fidei,
399 3216 556 3279 timidius
571 3232 678 3295 quarn
693 3231 758 3295 par
773 3225 851 3277 erat
865 3225 900 3277 et
917 3215 1099 3278 remissius
1114 3232 1192 3276 sese
1206 3214 1389 3293 gerebant.

349 3322 418 3387 738.
463 3322 546 3385 Post
559 3322 863 3385 recessumPatris
874 3322 1029 3401 Laynez,
1041 3320 1520 3400 rogatusaNuntioAposto·

288 3432 358 3493 lico
374 3428 386 3461 ⁴
401 3430 437 3493 P.
455 3429 604 3507 Natalis,
621 3429 714 3509 apud
730 3446 809 3491 eum
825 3428 981 3505 divertit,
998 3439 1033 3490 et
1054 3429 1186 3508 alioqui
1211 3428 1340 3508 hospes
1364 3427 1475 3507 ipsius
1493 3422 1522 3501 ⁵,

289 3538 486 3618 Episcopus
501 3537 730 3609 Labacensis,
748 3536 793 3599 ad
807 3553 909 3598 suurn
928 3536 1180 3615 Episcopatum
1203 3536 1317 3597 iturus
1334 3544 1423 3597 erat.
1439 3534 1519 3597 Ute-

291 3645 394 3707 batur
413 3655 531 3707 autem
546 3644 703 3707 Nuncius
719 3642 793 3722 ejus
808 3642 819 3671 ‘¹
840 3660 948 3723 opera
970 3645 1006 3706 in
1033 3644 1137 3705 rebus
1162 3643 1282 3721 magni
1303 3641 1470 3705 momenti
1485 3652 1521 3702 et

291 3752 481 3833 praecipue
507 3753 542 3813 in
573 3750 781 3831 quibusdam
813 3750 1084 3827 controversiiS,
1112 3768 1202 3829 quae
1232 3750 1323 3812 inter
1347 3748 1521 3828 quosdam

290 3858 486 3921 catholicos
511 3868 625 3934 erant,
655 3858 918 3936 componendis.
945 3856 1035 3919 Cum
1055 3856 1191 3919 duobus
1205 3857 1312 3919 etiarn
1331 3854 1522 3917 haereticis

291 3966 469 4045 primariis
484 3964 705 4027 familiariter
718 3963 901 4043 disputans
916 3966 1065 4025 alterurn
1077 3962 1251 4025 eornmad
1265 3960 1519 4025 absurdissima

291 4071 465 4152 quaedam
481 4071 631 4133 dicenda
646 4070 691 4132 ad
707 4070 947 4133 defensionem
963 4072 1017 4132 sui
1032 4071 1164 4132 erroris
1184 4069 1364 4149 compulit,
1392 4076 1429 4129 ut
1444 4067 1525 4145 ipse

336 4311 342 4343 ¹
372 4310 401 4354 P.
415 4311 525 4355 Natalis.

291 4387 296 4410 l
331 4382 342 4412 ¹
370 4381 449 4426 Parte
460 4392 496 4436 ιν,
507 4392 564 4437 cap.
574 4393 612 4436 nr,
622 4393 646 4426 n.
657 4382 687 4436 4.,
698 4381 770 4425 Deci.
780 4382 808 4427 B.

331 4455 343 4485 ³
370 4454 437 4497 Vide
448 4466 535 4508 supra.
547 4466 606 4507 pag.
618 4454 665 4505 2³⁶,
676 4466 700 4497 n.
712 4454 759 4497 720.

331 4526 342 4558 ⁴
370 4525 514 4568 Zaccharla
526 4525 634 4569 Delfino.
647 4524 711 4567 Vide
721 4537 808 4578 supra,
820 4537 880 4579 pag.
890 4527 923 4572 37.
934 4538 958 4569 n.
969 4526 1004 4577 66,
1016 4534 1101 4569 annot.
1113 4528 1132 4567 l.

332 4596 344 4629 ⁵
372 4596 486 4649 Scilicet,
498 4598 540 4651 qui
552 4598 633 4649 ipsius
650 4596 754 4639 Patrem
770 4596 902 4643 Natalem.
918 4608 950 4639 ex
967 4609 1017 4651 quo
1034 4598 1181 4650 Augustam
1194 4598 1340 4650 appulerat,
1352 4597 1464 4651 hospitio
1478 4608 1526 4638 ex·

291 4675 407 4723 ceperat.

333 4738 344 4770 ⁶
371 4740 584 4785 i'atrirh'aralis.
