3717 5400
789 544 852 602 Au.
875 544 945 601 1555
1429 544 1484 604 419

254 689 483 753 declarasset.
500 689 622 768 Itaque
635 689 693 753 nir
708 690 840 770 alioqui
851 690 956 753 valde
968 689 1105 767 doctus
1118 706 1243 769 parum
1256 699 1482 769 perspectum

254 796 407 860 habebat
431 796 629 860 institutum
654 795 843 860 Societatis
867 806 902 859 et
933 796 1124 877 quamdam
1151 814 1254 859 suam
1282 797 1484 876 opinionem

255 904 352 967 eirca
377 912 462 965 vota
487 903 673 983 simplicia,
700 920 826 984 parum
847 920 1082 981 communem,
1105 904 1204 983 sequi
1225 903 1427 984 videbatur;
1447 916 1483 969 et

256 1020 386 1088 tamen,
409 1010 514 1073 aliam
535 1027 613 1074 esse
633 1011 807 1074 rationem
822 1020 988 1074 votorum
1009 1010 1221 1091 simplicium
1244 1012 1484 1077 communium

256 1129 292 1181 et
306 1127 521 1196 nostrorum,
538 1119 732 1181 auctoritas
746 1117 847 1181 Sedis
861 1117 1092 1198 Apostolicae
1103 1118 1192 1181 satis
1207 1117 1404 1181 declaravit
1419 1116 1440 1183 ¹.

321 1225 407 1288 ¹119.
452 1224 549 1288 Idem
562 1224 622 1289 Fr.
638 1225 858 1303 Dominicus,
875 1225 1008 1305 alioqui
1022 1225 1079 1287 vir
1093 1226 1259 1305 optimuS,
1274 1242 1352 1288 cum
1365 1225 1408 1290 de
1419 1225 1481 1290 So·

260 1332 387 1395 cietate
402 1333 490 1395 bene
510 1348 549 1394 se
567 1332 698 1395 sentire
719 1340 921 1410 testaretur,
946 1318 1262 1412 contemplationes
1283 1342 1402 1395 tamen
1421 1351 1482 1396 no-

257 1448 414 1502 strorum
427 1438 585 1501 dicteriis
596 1438 785 1519 aliquando
797 1438 1028 1517 suggillabat;
1042 1447 1076 1501 et
1087 1438 1229 1501 cuidam
1241 1456 1285 1501 ex
1297 1438 1429 1501 nostris
1439 1439 1483 1503 de

260 1564 297 1609 se
313 1547 391 1627 ipso
404 1546 593 1623 fatebatur,
610 1546 704 1625 quod
718 1546 898 1609 nesciebat
914 1546 958 1608 de
972 1546 1049 1609 Deo
1065 1546 1236 1625 cogitare,
1250 1547 1319 1608 nisi
1330 1562 1485 1626 evange·

257 1654 342 1717 lium
358 1670 479 1716 coram
494 1670 533 1715 se
547 1642 706 1732 habe'ret,
723 1662 757 1715 et
773 1670 852 1715 cum
867 1650 965 1714 Deus
980 1662 1072 1715 esset
1087 1652 1283 1729 invisibilis
1301 1652 1395 1732 quod
1413 1664 1483 1716 sta-

260 1761 321 1823 tim
343 1760 388 1823 ab
409 1758 484 1839 ejus
506 1760 617 1822 oculis
636 1760 846 1839 recedebat;
869 1769 903 1822 et
924 1757 1160 1839 subjungebat
1180 1760 1318 1823 nescire
1339 1778 1377 1823 se
1399 1760 1484 1841 quid

259 1867 460 1946 cogitarent
485 1866 603 1946 aliqui,
627 1866 686 1946 qui
705 1866 794 1929 duas
814 1865 924 1929 horas
945 1866 1095 1945 genibus
1116 1866 1217 1929 flexis
1238 1884 1360 1930 coram
1380 1868 1485 1931 altari

261 1974 427 2052 orabant;
444 1982 478 2035 et
494 1974 633 2035 dicebat
648 1991 686 2035 se
701 1975 771 2035 tale
791 1971 874 2053 quid
895 1991 965 2037 non
986 1990 1091 2053 posse
1113 1974 1244 2051 lacere,
1268 1984 1302 2037 et
1321 1975 1487 2053 quamvis

260 2081 433 2143 rationem
450 2081 500 2143 illi
515 2079 667 2143 reddidit
684 2078 719 2143 P.
737 2079 922 2143 Gutierrez
938 2079 948 2110 ²
964 2078 1067 2159 hujus
1082 2081 1144 2158 rei,
1162 2081 1221 2160 qui
1235 2079 1272 2143 P.
1290 2081 1486 2147 Antonium

259 2188 507 2265 comitabatur,
524 2187 580 2250 cui
595 2186 682 2249 haec
698 2186 838 2250 dicebat
852 2186 911 2249 Fr.
927 2186 1136 2250 Dominicus
1151 2187 1194 2250 de
1210 2186 1306 2265 Soto,
1323 2188 1414 2252 dixit
1428 2188 1487 2252 de·

260 2312 357 2358 mum
372 2294 466 2375 quod
480 2294 570 2357 haec
584 2311 655 2357 non
669 2275 905 2373 intelligebat;
921 2303 959 2356 ut
974 2294 1077 2357 facile
1089 2294 1242 2361 discerni
1254 2296 1365 2375 possit
1376 2312 1484 2375 quan·

259 2413 334 2464 tum
348 2401 487 2464 intersit
498 2401 589 2463 inter
601 2402 859 2481 speculativam
870 2410 905 2463 et
915 2401 1105 2481 mysticam
1117 2400 1342 2481 theologiam;
1357 2412 1389 2465 et
1403 2403 1485 2483 quia

258 2509 295 2572 in
309 2508 419 2588 priori
433 2509 548 2572 bonus
562 2507 667 2572 Pater
682 2508 786 2571 valde
801 2516 966 2571 versatus
980 2508 1112 2587 suerat,
1129 2520 1175 2588 et,
1192 2519 1231 2572 ut
1251 2509 1403 2589 videtur,
1427 2527 1487 2589 pa-

259 2633 336 2679 rum
362 2616 397 2678 in
423 2615 622 2695 posteriori,
652 2615 703 2678 sic
731 2615 775 2677 de
800 2616 961 2679 oratione
986 2627 1021 2679 et
1046 2616 1342 2696 contemplatione
1369 2617 1488 2697 loque·

258 2723 364 2787 batur
379 2721 401 2785 ³.

323 2829 411 2894 1120.
455 2830 607 2910 Quidam
629 2832 736 2894 etiam
757 2830 815 2893 Fr.
843 2830 969 2894 Petrus
992 2831 1035 2894 de
1059 2828 1272 2910 Sotomajori
1296 2829 1308 2862 ⁴
1332 2831 1485 2913 dicebat,

259 2939 430 3002 exercitia
444 2937 658 3018 spiritualia,
675 2937 711 3000 id
725 2948 791 3014 est,
812 2938 979 3000 examina
993 2938 1029 3000 in
1048 2937 1100 3000 eis
1122 2939 1263 3014 tradita,
1286 2939 1488 3004 calculatio·

260 3062 324 3109 nes
339 3045 407 3108 sibi
420 3044 553 3123 videri;
569 3045 715 3107 notabat
730 3045 835 3108 etiam
852 3044 979 3124 aliquis
993 3043 1087 3124 quod
1099 3043 1247 3108 Creator
1262 3054 1426 3109 creatura
1438 3047 1487 3110 sa·

259 3162 350 3229 ctuS,
371 3160 553 3232 assumpta
568 3161 697 3214 natura
717 3151 884 3228 humana,
907 3151 1094 3229 diceretur,
1118 3151 1209 3214 utin
1228 3151 1408 3215 exercitiis
1427 3152 1488 3216 ha·

259 3260 373 3334 betur,
400 3260 605 3339 improbans
626 3258 719 3339 quod
739 3257 900 3322 Christus
920 3269 1085 3321 creatura
1106 3259 1297 3334 diceretur,
1319 3259 1408 3322 etin
1428 3278 1489 3340 pu-

258 3366 359 3430 blicis
373 3365 681 3445 disputationibus,
698 3383 789 3445 quae
800 3366 835 3428 in
848 3365 982 3428 scholis
993 3365 1134 3429 habitae
1147 3375 1239 3440 sunt,
1256 3366 1394 3445 publice
1405 3384 1483 3447 pro·

259 3473 387 3554 positio
409 3473 497 3535 haec
520 3472 585 3534 suit
604 3473 824 3550 impugnata,
841 3472 1005 3551 quamvis
1025 3471 1194 3534 exercitia
1214 3472 1395 3535 nominata
1416 3491 1488 3538 non

259 3579 402 3659 fuerint;
431 3589 466 3642 et
494 3580 554 3658 qui
582 3578 818 3659 praesidebat,
849 3577 994 3656 egregie
1023 3577 1177 3642 defendit
1206 3580 1484 3658 propositionem

260 3687 432 3763 eamdem,
450 3695 495 3762 et,
512 3696 550 3749 ut
570 3685 792 3763 credebatur,
816 3685 1020 3765 ingratiam
1043 3695 1258 3763 nostrorum;
1279 3703 1362 3748 nam
1381 3688 1488 3752 valde

260 3796 393 3858 nostris
408 3792 571 3857 addictus
585 3805 663 3856 erat
676 3789 700 3855 ⁸.

303 4000 311 4030 ¹
339 3997 406 4042 Vide
417 3997 527 4050 Suaarz,
538 3997 578 4040 De
589 3997 718 4050 religione
728 3997 870 4040 societatis
879 3995 956 4051 Jesu,
967 3997 1122 4050 praesertim
1132 3997 1176 4040 lib.
1187 4007 1223 4050 ιιι,
1232 4007 1288 4052 cap.
1297 4007 1325 4041 ru
1333 4003 1359 4042 et
1368 3999 1489 4044 rv.—“En

262 4071 287 4114 lo
297 4070 338 4113 del
348 4069 424 4113 Mtro.
435 4068 498 4113 Soto
508 4082 525 4125 y
535 4081 564 4113 su
576 4068 698 4113 incilldad
709 4081 741 4112 en
750 4069 873 4112 absolver
883 4069 924 4111 del
935 4075 996 4112 roto
1006 4067 1036 4110 de
1048 4069 1073 4112 la
1082 4067 1232 4122 Companla,
1243 4071 1379 4122 parecerin
1390 4082 1451 4116 cosa
1459 4073 1490 4116 de

261 4143 322 4195 reir,
333 4142 355 4185 sl
366 4152 397 4184 no
407 4142 548 4195 lmportase
558 4143 611 4185 mal
624 4142 649 4184 al
661 4153 709 4195 que
720 4140 761 4184 dio
771 4151 818 4195 por
828 4141 947 4183 absuelto
958 4139 989 4182 de
1000 4147 1082 4184 tanto.
1100 4139 1199 4184 Parece
1209 4150 1275 4193 poca
1291 4143 1403 4195 teologla
1418 4147 1493 4190 seria

260 4219 390 4258 menester
400 4223 467 4266 para
476 4219 589 4257 mostrar
600 4214 624 4256 lo
635 4224 683 4267 que
693 4213 781 4266 obliga
791 4223 825 4255 un
835 4217 897 4255 voto
907 4212 999 4265 simple
1007 4211 1038 4254 de
1048 4211 1158 4266 religlon
1166 4213 1308 4266 aprobada,
1316 4225 1333 4268 y
1341 4215 1380 4256 asi
1391 4227 1422 4258 no
1434 4216 1488 4274 hay

261 4295 327 4340 para
337 4287 386 4340 qne
400 4295 428 4328 se
443 4287 518 4327 envle
533 4285 677 4329 resolnclon
693 4284 723 4327 de
734 4283 857 4338 Roma...„
872 4285 1007 4336 Polancus,
1018 4284 1114 4328 litteris
1129 4294 1215 4339 supra,
1229 4295 1290 4338 pag.
1306 4285 1354 4338 tta,
1370 4294 1459 4332 annot.
1469 4289 1493 4344 2,

262 4359 421 4402 memoraris.

301 4428 313 4460 ¹
339 4429 368 4473 P.
378 4429 506 4474 Martinus
516 4427 664 4472 Gutlerrez.

301 4501 314 4534 ⁸
340 4503 387 4545 “no
396 4502 450 4558 hay
459 4511 526 4556 para
536 4503 585 4555 que
594 4512 622 4544 se
632 4502 709 4543 envle
723 4499 868 4544 resolnclon
878 4499 909 4543 de
924 4499 1016 4553 Roma,
1033 4499 1057 4544 nl
1069 4507 1189 4556 tampoco
1200 4503 1275 4544 sobre
1287 4503 1327 4546 las
1340 4503 1494 4548 calculaclo·

261 4584 308 4618 nen
317 4573 395 4618 delos
406 4571 553 4626 EJercieios.
564 4583 613 4626 que
623 4572 705 4625 puede
720 4582 821 4625 aerque
832 4572 908 4626 aquel
924 4569 1008 4614 Padre
1024 4583 1052 4614 se
1066 4573 1136 4628 haya
1151 4573 1292 4627 elercltado
1307 4577 1362 4618 mas
1373 4584 1404 4618 en
1421 4581 1496 4619 otras

262 4657 312 4700 qne
322 4645 389 4690 solla
399 4647 510 4689 ensenar
520 4655 567 4698 que
578 4655 611 4688 no
620 4655 653 4686 en
662 4649 734 4687 estas
744 4643 786 4686 del
796 4644 931 4687 examinat
941 4643 972 4686 de
983 4645 1009 4688 la
1019 4643 1190 4698 concienda,
1201 4643 1270 4689 [bid.

303 4717 316 4751 ⁸
342 4715 408 4761 Vide
419 4726 509 4771 snpra,
519 4721 538 4759 t.
548 4726 586 4768 iv,
596 4724 656 4769 pag.
666 4713 715 4768 iffi,
726 4726 750 4758 n.
761 4713 802 4758 816
811 4721 837 4757 et
848 4723 936 4758 annot.
947 4716 968 4758 l.

304 4789 317 4821 ⁸
342 4787 477 4832 “Llamase
487 4787 511 4830 el
520 4793 634 4832 maestro
643 4783 740 4830 Martln
750 4785 881 4840 Victore„
896 4786 1018 4830 Litterae
1028 4785 1259 4842 Quadrimestraes,
1270 4798 1288 4833 t.
1300 4801 1338 4845 ru,
1348 4803 1408 4847 pag.
1417 4793 1467 4840 307.
