3717 5400
374 494 433 555 720
838 492 966 554 Cuuort.
987 492 1064 553 Soc.
1084 494 1154 567 Jns.

376 641 548 721 acceptis,
565 656 654 721 quos
668 638 849 719 Pro-regi¹
864 639 1012 703 daturus
1027 646 1103 702 erat
1118 648 1155 701 ut
1170 640 1249 703 illos
1264 640 1427 721 captivos
1442 642 1607 707 libertate

379 750 540 826 donaret,
560 756 595 810 et
619 764 665 810 ex
685 746 921 825 eleemosynis
946 746 1113 825 sperabat
1138 764 1176 809 se
1196 762 1301 825 posse
1328 764 1406 811 eam
1432 760 1606 815 summam

374 856 564 921 restituere
579 855 641 933 eis,
669 853 729 933 qui
743 862 865 917 mutuo
880 852 1062 916 dederant.
1086 852 1174 916 Cum
1190 853 1303 933 primo
1318 855 1486 935 venisset,
1510 868 1604 921 men·

376 980 453 1028 sem
468 979 588 1041 unum,
604 972 730 1025 etcum
744 960 911 1038 secundo,
928 960 1148 1023 tantumdem
1163 958 1347 1023 Chantone
1362 973 1604 1029 commoratus

375 1079 443 1151 est,
470 1079 505 1134 et
522 1070 653 1132 bonum
674 1068 826 1149 aliquem
845 1066 988 1130 odorem
1012 1067 1227 1130 christianae
1242 1068 1424 1147 religionis
1439 1070 1486 1133 ibi
1501 1072 1604 1135 relin-

375 1196 486 1258 quere
505 1175 649 1240 studuit.
676 1174 766 1238 Cum
784 1174 908 1237 eodem
929 1174 995 1237 ivit
1015 1172 1219 1237 Ludovicus
1239 1173 1282 1237 de
1303 1174 1478 1255 Almeida,
1499 1180 1604 1241 navis

371 1285 448 1366 jam
462 1284 579 1348 dictae
593 1280 805 1363 praesectuS,
822 1290 856 1343 et
871 1296 993 1343 secum
1007 1278 1225 1361 Stephanum
1246 1281 1289 1343 de
1305 1282 1402 1345 Gobz
1417 1280 1429 1312 ³
1445 1283 1602 1364 deduxit,

376 1402 415 1455 ut
434 1392 466 1455 si
484 1408 522 1455 se
541 1390 684 1453 occasio
705 1389 897 1465 obtulisset,
925 1387 1054 1450 ibidem
1079 1402 1159 1450 eum
1184 1388 1408 1469 relinqueret.
1432 1388 1605 1468 Quamvis

377 1508 496 1563 autem
521 1498 642 1560 statim
660 1494 831 1557 liberatus
849 1510 920 1557 non
941 1494 1006 1557 suit
1027 1492 1227 1557 Matthaeus
1248 1494 1291 1557 de
1306 1494 1415 1573 Brito,
1439 1496 1605 1576 precibus

375 1618 496 1669 tamen
511 1604 549 1667 P.
566 1602 769 1665 Melchioris
784 1612 819 1663 et
833 1598 1007 1663 Ludovici
1027 1600 1070 1663 de
1088 1599 1252 1663 Almeida
1272 1618 1293 1663 a
1309 1602 1461 1665 vinculis
1477 1603 1604 1667 libera·

374 1722 433 1776 tus
448 1724 482 1775 et
495 1712 531 1774 in
547 1707 731 1789 cujusdam
745 1706 955 1771 mercatoris
970 1706 1075 1770 amici
1090 1706 1194 1770 domo
1210 1708 1402 1771 collocatus
1413 1718 1477 1772 est.

434 1817 525 1883 2018.
569 1816 659 1881 Cum
678 1814 725 1878 ad
743 1817 911 1894 templum
932 1813 1107 1894 quoddam
1126 1814 1355 1893 magnificum
1375 1816 1412 1878 P.
1430 1816 1600 1881 Melchior

373 1928 542 2003 venisset,
564 1923 640 2003 eJ'us
661 1923 883 1986 sacerdotem
904 1923 1105 2002 alloquutus
1126 1934 1194 1997 est;
1219 1932 1254 1985 et
1279 1940 1356 1985 cum
1384 1924 1428 1986 de
1447 1924 1602 1989 veritate

373 2035 475 2098 Fidei
488 2041 632 2095 nostrae
646 2028 778 2109 aliquid
793 2030 973 2109 disputare
989 2028 1170 2109 inciperet,
1187 2030 1254 2106 illc,
1273 2031 1408 2093 alienus
1420 2032 1464 2093 ab
1480 2030 1602 2111 hujus·

373 2140 469 2207 modi
489 2138 797 2219 disputationibus,
818 2136 971 2200 officium
991 2152 1092 2200 suum
1114 2154 1192 2200 esse
1215 2138 1302 2201 dixit
1322 2138 1358 2201 in
1383 2138 1442 2200 ilio
1468 2140 1598 2219 templo

371 2264 479 2312 orare
493 2264 558 2328 pro
573 2245 734 2323 mortuis,
752 2262 817 2307 nec
832 2260 871 2306 se
886 2244 1075 2324 quicquam
1089 2245 1183 2307 aliud
1200 2245 1302 2308 scire.

433 2354 526 2418 2019.
568 2352 656 2416 Cum
671 2361 790 2414 autem
802 2350 957 2413 secundo
973 2349 1087 2427 rediit,
1101 2368 1181 2414 cum
1197 2353 1350 2431 quodam
1362 2368 1492 2431 magno
1507 2353 1601 2433 ipso-

373 2479 452 2525 rum
467 2460 663 2537 sacerdote,
681 2468 715 2521 et
730 2459 789 2537 qui
805 2474 890 2536 prae
906 2458 1056 2521 caeteris
1071 2460 1317 2521 auctoritatem
1334 2460 1428 2539 apud
1443 2476 1527 2523 suos
1539 2460 1600 2523 ha·

373 2568 490 2645 bebat,
511 2566 648 2647 publice
669 2565 784 2644 coepit
806 2563 998 2643 disputare,
1020 2574 1054 2627 et
1074 2566 1221 2627 trecenti
1246 2565 1344 2627 sinae
1365 2576 1426 2629 aut
1447 2567 1599 2647 amplius

373 2674 584 2755 congregati
608 2672 766 2750 suerunt,
794 2672 884 2734 inter
909 2688 999 2753 quos
1024 2672 1124 2736 multi
1149 2672 1307 2735 sinerum
1332 2672 1526 2754 disciplinis
1546 2674 1596 2738 in·

371 2783 498 2848 structi
522 2791 635 2855 erant,
667 2779 917 2859 disputationis
941 2779 1065 2842 arbitri
1089 2778 1210 2842 futuri.
1237 2779 1373 2862 Coepta
1398 2791 1452 2844 est
1478 2791 1598 2845 autem

375 2889 564 2971 disputatio
576 2903 657 2950 cum
669 2902 799 2965 magna
812 2886 1045 2948 admiratione
1060 2896 1095 2948 et
1109 2886 1351 2950 satisfactione
1366 2888 1600 2951 circumstan-

370 2999 471 3075 tium,
488 3012 570 3059 cum
583 2994 627 3056 de
642 2992 824 3055 creatione
838 3009 958 3054 rerum
972 2992 1164 3056 visibilium
1183 3003 1217 3056 et
1231 2993 1460 3058 invisibilium
1476 2996 1596 3076 aliqua

370 3105 457 3184 ipsis
472 3101 575 3166 valde
590 3117 686 3162 nova
698 3100 889 3162 audissent.
907 3098 976 3163 Sed
991 3100 1111 3163 statim
1126 3101 1294 3164 sacerdos
1307 3102 1376 3180 ille,
1393 3101 1595 3182 disputandi

370 3211 529 3274 animum
550 3209 719 3290 abjiciens
738 3227 781 3271 ne
803 3207 1006 3271 auctoritati
1025 3225 1110 3270 suae
1132 3207 1353 3288 dispendium
1376 3191 1525 3288 faceret,
1542 3211 1598 3273 vi·

368 3336 451 3382 sum
469 3317 722 3399 propemodum
743 3317 780 3379 P.
802 3315 1005 3378 Melchioris
1021 3331 1234 3394 conspuens:
1254 3315 1448 3392 “diabolus
1471 3317 1595 3397 inquit,

369 3429 464 3490 hunc
480 3427 630 3489 alterum
645 3425 823 3488 diabolum
838 3425 907 3486 huc
925 3423 1102 3500 deduxit,
1124 3419 1194 3485 Sed
1211 3423 1309 3486 sinae
1322 3424 1596 3488 circumstantes

368 3533 493 3612 sugam
509 3533 563 3595 sui
579 3533 775 3595 sacerdotis
797 3531 944 3594 irridere
963 3539 1167 3608 coeperunt,
1189 3540 1223 3592 et
1243 3531 1309 3592 hac
1333 3531 1519 3594 occasione
1534 3531 1597 3594 ali·

367 3639 456 3720 quid
471 3655 516 3702 ex
531 3639 692 3702 doctrina
705 3639 829 3701 salutis
844 3638 966 3701 audire
982 3634 1186 3716 coeperunt.

428 3745 519 3809 2020.
564 3745 652 3810 Cum
666 3745 702 3808 in
718 3746 833 3808 insula
847 3744 1077 3824 Lampachao
1093 3744 1129 3808 P.
1143 3745 1315 3808 Melchior
1330 3761 1410 3808 cum
1425 3744 1595 3809 iratribus

367 3862 585 3931 versaretur,
606 3854 681 3932 ipse
702 3852 842 3932 quidem
864 3869 945 3914 cum
967 3851 1134 3914 fratribus
1153 3850 1245 3914 intra
1270 3869 1381 3914 naves
1396 3853 1595 3931 negotiato-

367 3976 448 4022 rum
463 3959 696 4022 lusitanorum
719 3958 934 4021 domicilium
951 3956 1113 4035 habebat,
1135 3956 1197 4020 sed
1216 3958 1372 4037 quotidie
1391 3957 1427 4021 in
1446 3959 1596 4022 insulam

366 4065 616 4144 egrediebatur
636 4074 670 4127 et
689 4065 835 4127 Missam
861 4063 1074 4144 celebrabat;
1097 4074 1131 4127 et
1151 4081 1231 4126 cum
1251 4064 1325 4128 iere
1345 4065 1595 4145 quadringenti

366 4172 511 4237 lusitani
526 4172 574 4236 ibi
588 4181 674 4235 tunc
690 4183 1008 4248 commorarentur,
1033 4171 1179 4234 crebrae
1194 4171 1383 4234 admodum
1403 4173 1597 4237 confessio·

367 4296 431 4343 nes
446 4296 568 4342 eorum
583 4279 826 4341 audiebantur.
843 4275 925 4341 Duo
942 4287 1059 4340 autem
1074 4293 1119 4340 ex
1134 4275 1151 4339 f
1151 4277 1302 4340 ratribus
1317 4279 1449 4342 nostris
1464 4280 1499 4342 in
1515 4280 1592 4361 ipsa

407 4589 417 4622 ¹
445 4588 495 4642 Sic;
506 4590 550 4633 sed
560 4591 649 4644 procul
660 4589 735 4632 dublo
745 4599 829 4632 sermo
839 4593 879 4632 est
890 4588 921 4631 de
932 4587 1112 4632 Guberuutore
1123 4590 1217 4634 sineusl
1228 4592 1299 4636 urbis
1310 4589 1420 4648 canton,
1431 4603 1475 4637 seu
1491 4591 1597 4640 hianda·

365 4661 431 4714 rino,
440 4661 483 4714 qul
493 4659 518 4702 in
529 4661 638 4703 vinculis
648 4662 753 4703 tenebat
764 4659 924 4702 hlatthacum
935 4659 966 4701 de
977 4659 1069 4704 Britto.

407 4733 419 4765 ¹
446 4731 512 4775 Vide
523 4741 610 4787 supra,
620 4738 639 4775 t.
650 4743 686 4786 tr,
696 4743 756 4786 pag.
766 4731 815 4786 ⁶52,
826 4741 850 4774 u.
861 4731 921 4774 1396.
