3717 5400
359 457 416 519 382
818 459 946 520 Cuaou.
967 461 1044 521 Soc.
1065 462 1134 536 Jns.

360 607 415 670 bis
431 608 592 671 abusum.
609 605 769 671 Conatus
783 616 836 670 est
852 617 971 671 autem
984 606 1023 672 P.
1039 607 1168 672 Strada
1183 610 1407 674 inconcione
1422 612 1590 692 quadam,

360 715 419 778 cui
432 714 580 778 Pro-rex
595 725 629 778 et
644 731 775 795 magna
789 715 956 780 nobilitas
971 716 1106 795 aderat,
1123 717 1217 780 hunc
1232 719 1382 782 abusum
1401 721 1586 801 reprehen-

360 823 445 887 dere
459 835 494 886 et
509 823 697 900 moderare
714 832 749 886 et
764 823 927 903 quamvis
942 825 1074 888 multae
1089 825 1295 906 lachrymae
1310 827 1346 890 in
1361 845 1404 890 ea
1418 829 1588 894 concione

358 931 526 1012 profusae
542 949 563 994 a
577 930 696 994 multis
710 931 852 1010 fuerint,
868 941 903 994 et
918 930 1066 995 Pro-rex
1081 932 1157 1013 (qui
1170 942 1255 996 tunc
1270 933 1429 999 Marcbio
1444 936 1587 1002 Tarifae

273 1106 275 1110 ,
358 1039 553 1118 dicebatur,
581 1048 704 1118 postea
727 1037 811 1101 Dux
829 1039 956 1102 Alcala
980 1039 1096 1103 dictus
1116 1048 1151 1103 et
1164 1039 1418 1121 Neapolitanus
1440 1042 1587 1112 Pro-rex

362 1148 479 1210 factus
498 1147 563 1211 fuit
578 1145 599 1222 ¹)
625 1155 801 1210 statuerat
826 1147 1009 1211 larvarum
1035 1147 1183 1210 abusum
1208 1150 1331 1211 tollere
1356 1149 1586 1232 simulatque

359 1255 503 1318 domum
517 1253 529 1285 ¹
543 1254 692 1332 veniret;
709 1255 817 1336 aliqui
832 1263 951 1318 tamen
966 1254 1118 1318 ministri
1130 1255 1312 1319 daemonis
1324 1266 1385 1319 aut
1395 1260 1528 1338 mundi,
1541 1277 1590 1324 ne·

360 1363 418 1426 hic
438 1361 576 1426 fructus
595 1363 696 1426 verbi
717 1359 785 1424 Dei
800 1372 1077 1442 consequeretur
1097 1363 1343 1442 impedierunt.
1364 1363 1438 1427 Nec
1460 1367 1587 1430 mitum

362 1480 427 1546 rst,
456 1487 537 1533 cum
562 1485 604 1532 ea
630 1469 785 1532 civitatis
811 1469 903 1532 illius
927 1469 1071 1532 vanitas
1095 1478 1199 1547 essct,
1222 1480 1259 1532 ut
1277 1471 1376 1550 ipsae
1402 1471 1585 1550 moniales,

359 1593 441 1641 cum
455 1577 713 1657 professionem
729 1575 945 1654 emittebant,
963 1592 1047 1639 suas
1062 1576 1142 1639 illas
1156 1576 1359 1657 spirituales
1374 1579 1515 1660 nuptias
1526 1598 1586 1661 pa·

358 1701 438 1748 rum
453 1684 622 1747 honorari
638 1693 834 1760 censerent,
853 1683 881 1746 si
894 1683 1030 1746 ludicra
1043 1684 1246 1762 spectacula
1259 1701 1302 1746 ac
1313 1687 1448 1749 musica
1461 1687 1588 1767 inipso

361 1791 563 1872 refectorio,
580 1801 614 1855 et
629 1793 781 1854 choreae
801 1792 858 1855 die
877 1801 950 1854 toto
968 1791 1006 1854 in
1025 1791 1101 1870 ipso
1114 1787 1337 1855 'monasterio
1358 1793 1495 1872 publice
1513 1811 1585 1861 nott

356 1900 582 1965 haberentur.
601 1898 693 1962 Hinc
708 1910 851 1962 caetera
866 1898 984 1962 licebit
1000 1898 1177 1978 conjicere
1191 1896 1214 1958 ⁸.

419 2006 507 2070 1034.
551 2005 817 2069 lncalescebant
833 2015 952 2068 autem
967 2005 1074 2068 amici
1087 2005 1123 2067 in
1137 2005 1276 2068 ratione
1291 2008 1410 2087 aliqua
1430 1985 1584 2071 ineunda

354 2115 502 2196 Collegii
529 2115 643 2178 nostri
664 2113 846 2192 fundandi,
877 2124 912 2176 et
937 2114 1152 2192 suggerebat
1176 2113 1305 2194 aliquis
1329 2114 1586 2181 monasterium

354 2221 532 2305 quoddam
544 2219 627 2287 8.ωε
638 2222 776 2299 Annae,
791 2222 884 2303 quod
896 2221 1158 2286 canonicorum
1169 2221 1385 2300 regularium
1397 2220 1582 2300 sanuge-

360 2331 443 2393 stini
458 2340 546 2408 erat,
565 2330 608 2394 ad
625 2330 742 2394 dotem
757 2328 905 2410 Collegii
921 2339 1159 2410 opportunum
1173 2327 1249 2391 fore
1264 2325 1286 2388 ⁴.
1303 2328 1374 2392 Alii
1386 2329 1430 2392 de
1444 2329 1587 2408 quibus«

359 2438 441 2501 dam
457 2437 627 2501 reditibus
649 2437 773 2516 RegiS,
796 2455 884 2519 quos
904 2436 1151 2500 Barchinonae
1172 2436 1324 2500 babebat
1339 2433 1585 2516 [cogitabant];

355 2546 419 2608 sed
438 2561 565 2625 parum
581 2546 713 2609 eisdem
726 2545 888 2607 utebatur
901 2541 923 2620 ³;
941 2543 999 2606 alii
1012 2542 1290 2607 Universitatem
1301 2542 1413 2623 ipsam
1426 2543 1585 2622 Collegio

357 2653 529 2734 applicari
545 2669 648 2734 posse
664 2652 865 2716 censebant.
880 2649 1041 2714 Ecclesia
1052 2650 1159 2714 etiam
1170 2649 1337 2731 expensis
1347 2649 1514 2732 Episcopi
1524 2648 1582 2714 Se·

357 2762 559 2842 gurbiensis
578 2760 844 2837 aedificabatur;
859 2760 922 2823 sed
942 2759 1072 2838 exigua
1090 2759 1179 2821 satis
1192 2759 1269 2822 fore
1286 2758 1485 2823 videbatur.
1501 2757 1582 2838 Qui·

354 2868 503 2932 busdam
516 2868 690 2947 theologis
702 2868 880 2947 primariis
892 2866 1174 2929 communicatae
1185 2865 1326 2928 luerunt
1336 2866 1586 2928 conclusiones

354 2978 559 3056 impressae,
583 2993 674 3055 quae
690 2994 709 3038 a
726 2974 917 3039 lectoribus
942 2974 1091 3053 Collegii
1108 2972 1258 3037 Romani
1272 2974 1387 3037 editae
1402 2974 1542 3037 fuerant
1555 2971 1579 3051 ⁶,

351 3101 444 3164 quae
459 3100 611 3164 magnae
626 3084 714 3162 ipsis
728 3081 963 3146 aedificationi
977 3082 1130 3160 fuerunt,
1146 3091 1181 3144 et
1195 3098 1285 3144 unus
1297 3098 1432 3159 eorum,
1445 3078 1582 3144 Doctor

352 3192 564 3256 Parisiensis
579 3204 612 3253 et
628 3192 809 3271 professor
824 3192 986 3271 publicus
1001 3189 1152 3267 Collegii
1165 3188 1482 3267 Barchinonensis,
1499 3206 1580 3254 cum

355 3301 629 3363 concionaretur
644 3300 680 3363 in
695 3298 899 3362 Cathedrali
914 3298 1076 3375 ecclesia,
1093 3297 1203 3360 multa
1217 3296 1253 3359 in
1267 3296 1409 3358 laudem
1426 3294 1581 3360 Societa-

350 3408 397 3470 tis
420 3424 463 3470 ac
491 3406 608 3470 Patris
627 3404 777 3469 Stradae
801 3406 901 3469 dixit.
927 3404 1079 3485 Quidam
1105 3404 1214 3467 etiam
1237 3403 1328 3465 alius
1351 3402 1585 3467 concionator·

354 3514 521 3593 egregius
538 3514 570 3577 in
588 3514 711 3578 eodem
737 3515 866 3593 templo
891 3528 976 3575 suos
1001 3511 1181 3575 auditores
1203 3527 1326 3573 omnes
1346 3510 1519 3573 animavit
1533 3510 1579 3576 ad

353 3620 568 3685 audiendum
582 3622 743 3685 eumdem
755 3619 896 3683 Patrem
912 3617 1077 3682 Stradam
1096 3629 1130 3679 et
1145 3616 1221 3698 ejus
1240 3615 1424 3680 doctrinae
1443 3616 1585 3697 acquie

350 3729 540 3807 scendum;
571 3738 605 3792 et
630 3727 784 3791 subdidit
805 3744 844 3790 se
870 3736 1090 3789 cessaturum
1115 3742 1136 3786 a
1161 3724 1235 3787 suis
1260 3720 1503 3800 concionibuS,
1534 3740 1581 3787 ne

395 3936 401 3965 ¹
431 3934 497 3979 Vide
507 3945 595 3989 supro,
606 3946 665 3987 pag.
676 3934 723 3983 379,
733 3944 756 3975 n.
768 3931 829 3977 1022.

389 4008 413 4040 ⁸¹
430 4009 558 4061 etemplo.

393 4080 404 4111 ³
432 4082 536 4124 Abusus
547 4080 588 4123 hic
600 4091 648 4122 non
660 4078 802 4122 Barcinonc
819 4085 928 4129 tantum,
944 4076 990 4120 sed
1004 4077 1031 4119 ln
1047 4076 1105 4119 allls
1120 4076 1147 4119 in
1163 4074 1290 4129 Hispania
1300 4081 1326 4117 et
1336 4081 1412 4117 extra
1425 4072 1579 4127 lilspcuiatn

349 4154 413 4198 locis
425 4152 470 4197 illo
481 4162 596 4208 tempore
607 4153 801 4203 praet-aluerat.

386 4229 398 4260 ⁴
428 4226 613 4270 Monasterium
625 4224 737 4267 Sanctae
750 4225 840 4267 Annae
851 4223 876 4265 ln
887 4224 950 4266 urbe
961 4220 1144 4264 Barcinonensl
1155 4225 1214 4263 erat
1224 4219 1383 4273 regularium
1393 4218 1575 4265 canonicorum

351 4300 441 4345 Sancti
453 4300 601 4353 Augustini,
614 4298 655 4352 qul
667 4298 819 4341 dicebantur
829 4296 873 4339 del
891 4294 971 4337 Santo
986 4294 1120 4348 sepulcro.
1137 4292 1243 4336 Multum
1258 4291 1317 4334 huic
1332 4292 1489 4335 monasterio
1505 4289 1578 4334 lavo-

351 4379 411 4416 runt
423 4371 552 4415 Cathollcl
564 4370 649 4423 Reges
660 4368 838 4413 Fcrdinandus
851 4375 876 4411 ct
887 4365 1032 4416 Elisabeth,
1043 4365 1149 4418 ideoque
1159 4376 1222 4409 vere
1233 4365 1325 4407 mirum
1333 4366 1373 4405 est
1385 4368 1439 4405 tam
1448 4363 1500 4407 clto
1510 4361 1577 4407 dele·

354 4446 419 4489 clsse
431 4452 459 4488 ut
470 4445 500 4487 de
512 4456 550 4491 ro.
562 4444 610 4493 iam
623 4443 670 4487 boc
682 4452 748 4485 nuno
760 4440 819 4493 ibba,
832 4440 866 4482 ud
881 4438 969 4481 dotem
981 4436 1089 4491 Collegit
1100 4436 1298 4480 Barcinonensis
1308 4434 1447 4478 Societutis
1457 4433 1518 4486 Jesu
1531 4446 1579 4489 apt

348 4516 469 4572 plicando
480 4524 612 4570 ageretur.

390 4589 401 4621 ³
429 4588 605 4632 Emendatum
616 4594 656 4630 est
667 4587 821 4629 vocabulum
832 4584 880 4628 hoc
892 4584 916 4626 ln
927 4582 965 4625 Ms
975 4614 980 4632 ,
989 4594 1036 4626 nec
1047 4582 1121 4625 facile
1132 4582 1243 4636 perspici
1259 4587 1343 4634 potest
1354 4580 1413 4633 quid
1425 4579 1531 4622 taudem
1540 4579 1579 4623 lc«

347 4662 461 4716 gendum
472 4660 516 4709 sit.
528 4660 662 4712 utebatur,
670 4656 979 4713 sotebatumidebutur.

388 4734 400 4765 ὓ
429 4734 494 4777 Vide
506 4744 593 4787 supra,
604 4742 663 4785 pag.
675 4731 701 4773 &d
711 4740 736 4776 et
748 4732 782 4783 il,
793 4740 835 4772 nn.
844 4728 915 4771 3640.
