3717 5400
770 463 834 522 Au.
855 464 925 524 1555
1442 467 1500 527 409

267 624 331 670 nes
356 608 500 689 quidam
525 626 570 671 ex
595 609 727 673 nostris
753 609 796 671 de
814 609 982 691 Symbolo
998 612 1255 692 Apostolorum
1273 612 1443 693 habebat;
1462 621 1513 676 et·

265 725 361 778 totus
376 714 450 779 iere
464 717 616 796 populus
631 716 766 792 aderat,
788 728 823 780 et
842 734 888 780 ex
909 718 1099 799 neophytis
1118 719 1317 782 vicinorum
1338 721 1500 785 locorum

265 822 407 902 plurimi
423 832 456 885 et
472 838 552 886 cum
566 840 699 902 magna
719 824 852 887 laetitia
867 826 1018 889 verbum
1032 823 1100 888 Dei
1115 826 1349 907 excipiebant.
1367 825 1412 890 Et
1424 824 1497 905 jam

267 928 309 991 de
324 930 485 993 ecclesiis
499 930 736 993 concedendis
756 932 945 1011 agebatur,
967 928 1006 995 ut
1028 940 1150 996 nostra
1173 933 1368 996 ministeria
1389 934 1426 996 in
1447 933 1498 996 eis

267 1046 486 1115 exercerent,
513 1055 577 1117 per
601 1038 846 1118 Inquisitores;
874 1048 909 1101 et
928 1055 1036 1119 aegre
1053 1039 1127 1120 jam
1148 1040 1309 1103 ferebant
1331 1039 1501 1120 oppidani,

266 1145 359 1225 quod
375 1145 487 1208 nostri
501 1144 582 1208 inde
596 1146 773 1209 recessuri
792 1157 921 1210 essent.

328 1249 417 1313 1098.
461 1250 655 1332 Postquam
674 1252 999 1333 Caesaraugustam
1020 1254 1212 1335 redierunt,
1236 1253 1273 1316 P.
1297 1254 1498 1318 Santander

267 1359 460 1422 conciones
474 1359 510 1422 in
526 1368 647 1422 nostro
664 1360 796 1422 sacello
811 1368 864 1422 est
879 1372 1118 1441 prosequutus
1138 1378 1219 1424 cum
1238 1360 1413 1441 frequenti
1432 1378 1496 1423 au-

268 1466 398 1529 ditorio
425 1478 460 1530 et
485 1466 728 1530 satisfactione
748 1485 818 1530 non
836 1467 1018 1531 mediocri.
1046 1468 1090 1532 Et
1111 1478 1185 1531 tam
1204 1468 1304 1531 multi
1324 1467 1431 1531 etiam
1452 1470 1499 1531 ad

267 1572 509 1637 confessiones
522 1573 750 1653 accedebant,
768 1584 805 1637 ut
821 1575 931 1637 alium
946 1574 1201 1638 confessarium
1214 1575 1259 1639 ad
1271 1592 1309 1637 se
1322 1574 1411 1637 mitti
1423 1585 1498 1638 tan·

265 1698 370 1760 quam
382 1681 624 1744 necessarium
636 1691 806 1760 peterent,
820 1683 986 1761 quamvis
997 1681 1036 1746 P.
1050 1681 1266 1757 Franciscus
1278 1682 1320 1745 de
1333 1679 1440 1760 Rojas
1451 1680 1499 1745 ad

266 1797 405 1868 tempus
420 1788 550 1851 missus
569 1787 684 1850 suerat
699 1799 738 1850 ut
753 1788 831 1851 aliis
846 1790 978 1852 nostris
994 1789 1151 1852 subsidio
1168 1800 1271 1851 esset.

325 1894 371 1957 Et
398 1894 487 1957 haec
516 1894 559 1956 de
585 1893 920 1975 Caesaraugustano
947 1894 1106 1974 Collegio
1133 1914 1175 1959 ac
1196 1894 1385 1959 Provincia
1407 1894 1498 1959 Ara-

265 2002 394 2081 goniae
411 2001 432 2064 ¹.

305 2243 315 2276 ¹
343 2242 390 2296 Qui
401 2245 543 2299 pleniorem
553 2243 623 2287 detis
631 2243 885 2297 caesaraugustanis
894 2244 977 2287 turbis
985 2243 1161 2288 narrationem
1171 2244 1309 2297 desideret,
1319 2244 1398 2287 edent
1409 2244 1501 2288 Anva-

264 2314 645 2369 naz,1.c.‚cap.5tot.-t³tnra
660 2316 741 2358 etiam
753 2323 813 2359 sunt
829 2315 855 2359 in
871 2314 967 2359 Carras
983 2315 1016 2358 de
1032 2316 1088 2359 San
1100 2315 1238 2369 Innataue
1257 2329 1283 2365 v,
1291 2322 1318 2359 et
1328 2316 1403 2369 plura
1413 2315 1501 2360 adhue

263 2389 336 2433 dabit
347 2386 422 2432 Nova
433 2388 533 2442 Series,
544 2388 702 2441 edenturque
714 2388 768 2432 alia
776 2388 802 2431 in
812 2387 943 2431 volumine
955 2388 1040 2431 altero
1050 2388 1092 2431 vel
1103 2388 1181 2431 tertio
1191 2389 1277 2443 operis
1287 2387 1403 2433 Sanctus
1413 2386 1500 2432 Fran-

262 2462 352 2505 ciscus
361 2460 473 2513 Borgra,
482 2458 550 2513 quod
559 2460 585 2503 in
595 2459 635 2502 his
647 2458 792 2504 Hrarourcrs
803 2457 969 2503 Mouurrnurrs
979 2458 1055 2503 edere
1064 2458 1119 2513 jam
1130 2459 1296 2513 incoepimus.
