3717 5400
366 430 423 489 454
826 430 953 493 Canon.
975 432 1051 493 Soc.
1077 434 1142 506 Jus.

367 574 491 655 Aliqui
504 577 612 640 etiam
627 577 802 643 Simancis
817 589 852 644 et
867 579 1013 644 Concha
1034 581 1144 659 missi,
1160 583 1206 646 ad
1221 581 1364 645 eosdem
1383 582 1606 662 compluten=

369 700 427 745 ses
438 682 629 763 juvandos,
646 686 682 748 in
696 703 829 765 graves
842 688 987 751 morbos
997 688 1208 754 inciderunt.
1224 688 1343 770 Ipsum
1357 690 1471 753 morbi
1484 706 1606 769 genus

370 807 441 853 non
465 794 579 854 solum
605 809 719 872 grave
744 803 779 857 et
801 794 1050 874 periculosum,
1077 795 1140 859 sed
1165 806 1200 859 et
1220 794 1425 859 diuturnum
1448 805 1536 875 erat,
1564 808 1598 859 et

369 897 405 961 in
421 897 527 979 quod,
553 911 742 981 postquam
765 901 943 965 sublevati
965 902 1188 982 videbantur,
1212 904 1355 984 saepius
1380 902 1604 979 recidebant„

370 1022 436 1067 nec
452 1005 622 1085 pristinae
636 1008 742 1070 saluti
756 1025 799 1071 ac
814 1009 950 1073 viribus
966 1010 1102 1073 restitui
1113 1019 1277 1090 poterant
1294 1007 1315 1070 ¹.

434 1112 521 1177 1224.
565 1112 689 1178 Studia
708 1114 841 1196 itaque,
866 1116 999 1197 aliquot
1018 1118 1197 1180 mensibus
1216 1118 1402 1182 intermitti
1427 1117 1605 1198 oportuit,

368 1219 453 1299 quia
469 1221 626 1285 nondum
641 1221 848 1285 confirmata
863 1223 991 1286 horum
1011 1224 1224 1303 valetudine,
1245 1224 1295 1288 illi
1315 1226 1352 1288 in
1370 1224 1533 1289 morbum
1548 1224 1598 1287 in-

369 1328 546 1391 cidebant.
563 1327 771 1393 Paucissimi
790 1330 908 1411 itaque
930 1330 1071 1411 publica
1094 1340 1127 1394 et
1150 1333 1291 1413 privata
1313 1332 1457 1412 negotia
1473 1348 1600 1395 curare

371 1442 547 1513 poterant.
578 1434 652 1498 Nec
673 1452 761 1499 vero
781 1438 867 1500 solis
886 1438 1018 1501 nostris
1037 1440 1181 1501 morbus
1204 1438 1262 1503 hic
1282 1438 1450 1501 damnum
1469 1438 1607 1512 intulit„

370 1542 478 1605 immo
493 1550 530 1605 ut
543 1543 654 1623 pestis
669 1543 843 1624 quaedam
857 1545 963 1625 longe
982 1546 1122 1625 lateque
1141 1546 1317 1621 saeviens,
1343 1562 1415 1608 non
1436 1546 1550 1607 solum
1564 1544 1606 1609 iu

369 1649 494 1711 urbem
509 1650 800 1729 complutensem,
814 1651 876 1715 sed
891 1653 1166 1733 circumquaque
1180 1653 1217 1715 in
1234 1652 1348 1715 finitos
1363 1654 1524 1733 'quoque
1540 1667 1600 1731 po·

370 1756 472 1836 pulos
488 1755 600 1835 irruit,
618 1766 652 1819 et
667 1775 836 1837 magnam
852 1759 1036 1822 hominum
1050 1768 1208 1839 stragem
1226 1758 1346 1823 edidit.

434 1861 521 1925 1225.
565 1864 618 1927 Ex
632 1865 765 1927 nostris
779 1875 909 1945 tamen,
925 1866 1089 1945 quamvis
1100 1868 1285 1947 plerosque
1296 1883 1407 1947 usque
1418 1866 1466 1929 ad
1480 1865 1606 1945 despe-

371 1979 487 2033 ratam
502 1971 653 2033 salutem
677 1971 876 2049 adduxerit,
903 1972 973 2035 duo
996 1982 1135 2037 tantum
1154 1973 1346 2037 desiderati
1371 1982 1462 2035 sunt.
1487 1973 1600 2052 Alter,

371 2076 456 2140 dum
470 2075 647 2141 Simancis
666 2077 892 2159 Complutum
916 2079 1025 2159 venit,
1053 2079 1177 2143 morbo
1205 2080 1239 2142 in
1265 2080 1392 2144 itinere
1416 2088 1609 2143 contracto¹

372 2199 508 2263 paucos
521 2194 601 2264 post
620 2184 695 2249 dies
717 2196 888 2263 mortuus;
905 2188 995 2249 alter
1015 2196 1120 2249 acuta
1135 2185 1225 2251 febri
1244 2196 1278 2251 et
1298 2185 1429 2251 difficili
1447 2187 1608 2267 quadam,

374 2291 562 2373 apoplexia
591 2292 770 2373 Compluti
801 2310 1001 2374 correptuS,
1023 2294 1124 2357 brevi
1150 2303 1309 2373 tempore
1336 2295 1515 2357 extinctus
1535 2303 1609 2372 est„

372 2408 520 2479 uterque
539 2399 577 2463 in
597 2400 675 2480 ipso
699 2399 787 2463 flore
812 2400 1084 2480 adolescentiae,
1112 2402 1236 2481 hisque
1260 2401 1418 2464 moribus
1444 2418 1487 2464 ac
1504 2400 1603 2465 vitae

373 2510 535 2587 exemplo
550 2518 584 2571 et
599 2508 765 2588 puritate,
786 2526 893 2589 quam
919 2525 1031 2589 usque
1050 2509 1095 2572 ad
1115 2520 1311 2572 extremum
1337 2508 1500 2589 spiritum
1523 2507 1602 2571 reti·

372 2623 536 2691 nuerunt,
553 2623 592 2677 ut
606 2614 649 2677 de
664 2614 787 2677 divina
801 2614 964 2678 Bonitate
979 2615 1083 2679 facile
1097 2615 1211 2679 nostri
1226 2624 1412 2695 sperarent
1424 2633 1469 2679 ex
1481 2632 1604 2695 corpo·

373 2721 425 2784 ris
440 2720 544 2809 hujus
559 2739 705 2785 carcere
718 2725 915 2802 evolanteS,
933 2725 969 2786 in
990 2721 1206 2788 Societatem
1227 2726 1377 2786 alteram
1400 2723 1531 2786 Christi
1546 2723 1604 2785 ad·

374 2830 503 2891 missos
518 2831 554 2892 in
568 2830 677 2892 coelis
691 2847 780 2892 esse.

438 2934 526 3000 1226.
570 2936 659 2999 Cum
674 2936 711 2999 in
725 2937 931 3001 morborum
946 2947 1047 3001 aestu
1068 2948 1308 3015 versarentur,
1330 2935 1368 3000 P.
1389 2935 1611 2999 Franciscus.

376 3039 508 3121 Borgia
522 3041 747 3123 Complutum
762 3041 931 3107 veniens³
947 3061 1069 3108 omnes
1083 3045 1211 3108 mirum
1227 3044 1262 3108 in
1281 3044 1425 3108 modum
1443 3043 1603 3108 consola·

376 3159 433 3212 tus
449 3156 514 3229 est;
530 3158 564 3213 et
579 3161 726 3231 propter
741 3151 868 3230 gravia
884 3151 1028 3230 negotia
1043 3168 1113 3214 non
1134 3151 1284 3231 amplius
1300 3167 1406 3230 quam
1428 3160 1510 3214 octo
1529 3149 1612 3213 dies.

375 3256 506 3320 ibidem
520 3257 734 3321 commorari
751 3257 874 3337 potuit;
890 3259 1000 3320 multa
1015 3267 1134 3321 tamen
1148 3275 1199 3350 eo,
1209 3257 1309 3320 brevi
1323 3265 1483 3338 tempore
1503 3256 1547 3320 ab
1562 3273 1612 3319 eo¹

416 3460 424 3492 ¹
453 3459 544 3504 Fusius
551 3461 616 3504 baec
624 3459 742 3515 exposita
752 3461 866 3514 reperies
874 3461 942 3514 apud
953 3459 1061 3511 Casreo,
1070 3461 1085 3505 l.
1097 3471 1132 3512 c..
1143 3471 1200 3514 cap.
1210 3461 1230 3504 6.
1241 3459 1279 3504 De
1290 3459 1399 3504 munitos
1409 3460 1545 3516 ensermos
1555 3470 1614 3514 que-

376 3541 428 3573 uvo
443 3542 476 3574 en
486 3531 511 3574 el
522 3531 625 3585 Colegio
635 3533 668 3575 de
682 3531 776 3575 Alcald
783 3543 802 3584 y
818 3532 891 3575 como
903 3538 975 3586 para
991 3542 1023 3574 su
1038 3532 1156 3575 vernedio
1171 3543 1200 3574 se
1215 3531 1331 3575 bustula
1345 3531 1464 3575 hermila
1479 3532 1511 3575 de
1522 3529 1614 3574 Santo-

375 3602 509 3656 Domr'ngo
523 3605 557 3648 de
571 3603 703 3658 Loranca,
718 3605 784 3647 unde
800 3605 935 3659 sequentia
948 3604 1024 3658 Juvat
1038 3614 1184 3658 excerpere:
1199 3605 1245 3648 “uo
1262 3604 1390 3648 babiendo
1401 3605 1507 3647 humbre
1518 3603 1602 3658 euple

375 3686 425 3728 que
441 3675 546 3730 pudiese
561 3676 640 3719 hacer
655 3678 693 3720 los
704 3675 791 3721 oficlos
801 3675 832 3719 de
843 3687 905 3720 case
916 3675 941 3718 ni
957 3676 1088 3718 exercitur
1098 3675 1136 3718 los
1146 3675 1304 3719 ministerios
1314 3687 1363 3719 con
1374 3676 1412 3718 los
1423 3676 1454 3718 de
1467 3675 1549 3728 suere,
1561 3673 1603 3718 lue

376 3747 509 3790 necesario
519 3749 648 3804 eyudurse
659 3747 689 3790 de
701 3749 739 3790 los
749 3747 865 3791 devotos.
879 3758 927 3801 que
938 3757 965 3789 se
976 3746 1120 3790 ofrecieron
1135 3747 1165 3789 de
1180 3749 1263 3790 bueno
1280 3757 1358 3800 gana,
1373 3747 1498 3790 baciendo
1514 3757 1563 3790 uno
1581 3747 1611 3794 el.

374 3817 450 3862 oliclo
460 3818 491 3861 de
504 3818 684 3875 comprtdory
696 3825 755 3862 otro
769 3820 800 3862 de
815 3819 960 3862 eniermero
974 3829 1040 3873 para
1055 3825 1127 3862 treet·
1141 3819 1166 3862 lo
1181 3818 1314 3862 necesario
1325 3818 1356 3861 de
1368 3819 1394 3861 la
1410 3819 1497 3862 botice
1507 3829 1524 3872 y
1534 3823 1611 3862 utros.

376 3891 416 3934 los
429 3890 518 3934 demae
532 3889 619 3934 oficloe
633 3902 664 3934 en
679 3901 728 3946 que
742 3901 770 3934 se
785 3889 910 3944 pudleron
923 3900 1028 3944 ocupar;
1039 3902 1056 3946 y
1066 3890 1088 3933 sl
1103 3891 1182 3944 aigun
1198 3889 1282 3933 Padre
1296 3890 1396 3944 paseha
1411 3889 1443 3932 de
1457 3889 1567 3942 camino,
1578 3899 1613 3932 se-

377 3961 495 4016 quedaba
505 3965 521 4005 a
531 3973 608 4005 curat
622 3965 637 4006 a
651 3963 690 4006 los
705 3963 839 4009 enlermost
849 3975 867 4018 y
876 3972 927 4005 aun
943 3962 981 4004 los
997 3961 1163 4004 Reverendos
1179 3960 1277 4005 Padtee
1291 3963 1322 4005 de
1338 3960 1390 4004 San
1406 3959 1554 4015 Frencleco,
1570 3961 1606 4005 vl·

377 4036 469 4080 uiendo
480 4037 583 4080 eseber
593 4037 618 4080 la
629 4035 773 4088 necesidad,
783 4046 811 4078 se
821 4035 965 4078 oirecleron
976 4037 991 4078 a
1002 4035 1110 4089 eyudar.
1122 4035 1239 4079 Estendo
1255 4034 1329 4078 desta
1344 4044 1451 4078 manera
1462 4036 1489 4078 la
1500 4044 1571 4086 cesa,
1581 4034 1611 4078 ul,

377 4109 410 4152 lin
421 4109 453 4152 de
463 4107 608 4152 Setlembre
618 4108 679 4151 vino
688 4109 713 4150 el
723 4107 752 4150 P.
768 4105 911 4150 Comisario
925 4104 947 4148 F
949 4108 1065 4150 ranciaco
1081 4106 1111 4150 de
1127 4105 1206 4160 BorJa
1220 4117 1267 4150 con
1281 4114 1354 4150 otros
1370 4105 1476 4156 Padres,
1487 4118 1504 4161 y
1515 4104 1607 4150 viendo

377 4188 465 4226 tantos
476 4181 604 4225 enfermoe
615 4182 666 4237 yel
678 4180 780 4233 colegio
793 4187 838 4223 tan
851 4180 1001 4232 arrulnndo,
1013 4179 1108 4222 ordeno
1118 4191 1166 4233 que
1176 4181 1215 4222 los
1227 4189 1275 4233 que
1286 4179 1347 4223 lban
1358 4179 1467 4234 melotes
1479 4187 1508 4222 ee
1517 4178 1606 4221 entia·

377 4265 422 4297 sen
432 4252 606 4307 pordiverses
616 4260 706 4306 partes
717 4252 907 4299 deoru-aleret⁸
918 4261 998 4304 segnn
1015 4262 1063 4305 que
1075 4252 1127 4294 ela
1137 4250 1211 4294 salnd
1222 4250 1253 4293 de
1268 4252 1335 4294 cada
1350 4261 1400 4294 uno
1415 4248 1548 4294 convenia.
1561 4247 1618 4292 Cu·-

376 4327 443 4370 raba
453 4329 575 4369 eutonces
585 4335 617 4367 en
628 4333 735 4368 nuestre
744 4335 807 4368 casa
817 4325 842 4366 el
852 4322 950 4366 Doctor
960 4321 1041 4371 Mena.
1052 4333 1099 4377 que
1110 4323 1162 4366 leia
1172 4323 1281 4366 cotedra
1290 4323 1321 4366 de
1338 4322 1423 4376 prima
1438 4322 1469 4366 de
1480 4319 1609 4366 medicina

376 4410 408 4441 en
418 4400 445 4442 lt
455 4395 639 4449 Universidad,
649 4399 673 4439 el
683 4397 751 4448 coel,
761 4395 878 4438 sallendo
887 4406 922 4438 un
932 4395 975 4437 dia
990 4393 1021 4437 de
1031 4393 1125 4438 visitur
1134 4396 1173 4438 los
1188 4393 1323 4448 enlermos,
1334 4407 1352 4449 y
1362 4394 1455 4438 tiendo
1470 4393 1495 4438 el
1509 4393 1617 4448 pellgro

377 4472 453 4523 aque
465 4468 531 4512 cada
543 4470 594 4513 eno
603 4479 631 4512 se
642 4468 736 4522 ponien
746 4469 855 4513 estando
869 4469 894 4511 el
907 4476 1006 4510 verano
1020 4477 1052 4510 eu
1063 4467 1166 4520 Alcala,
1174 4465 1234 4510 dixo
1245 4467 1261 4510 a
1271 4465 1383 4520 grandes
1393 4476 1472 4510 voces
1482 4475 1515 4508 en
1527 4465 1553 4508 el
1561 4475 1612 4519 pa-

378 4542 424 4584 tio:
436 4539 463 4584 Si
474 4551 507 4584 no
516 4539 619 4584 bescela
630 4539 712 4584 donde
722 4540 816 4584 sallros
826 4542 851 4584 el
862 4549 960 4584 verano
971 4538 1001 4582 de
1013 4539 1116 4592 Alcale,
1127 4537 1246 4584 muriceis
1256 4538 1362 4582 mucbos
1370 4537 1402 4580 de
1412 4542 1556 4590 vesperos..

419 4615 431 4647 Ι
458 4611 509 4664 Slc;
520 4613 619 4655 rectius
627 4612 738 4656 sortasse
749 4615 777 4656 in
787 4613 928 4667 finillntos.

417 4682 432 4718 ⁸
457 4685 524 4728 Vide
534 4694 622 4738 supra,
633 4695 658 4728 n.
669 4685 730 4739 1223,
741 4695 828 4732 annot.
837 4687 857 4729 l.
