3717 5400
364 466 426 527 608
830 465 960 527 Canon.
980 470 1057 524 Soc.
1078 475 1149 538 jes.

374 613 602 694 Apostolicae
627 613 784 678 nondum
809 613 1062 694 Ulyssiponam
1087 611 1353 694 pervenissent,
1381 628 1402 673 a
1429 611 1526 691 Rege
1550 629 1604 676 re·

366 721 458 784 tenti
473 729 565 797 sunt,
582 731 621 784 ut
636 721 837 786 consecrati
852 736 897 784 ex
912 717 1130 797 Portugaliia
1145 717 1363 782 recederent.
1377 715 1447 782 Sed
1461 717 1501 782 P.
1517 717 1603 782 Mei-

366 827 472 891 ehior
488 826 657 906 Camero,
674 844 755 891 cum
769 826 914 908 reliquis
925 823 999 905 jam
1014 825 1177 906 superius
1190 824 1392 900 nominatis
1407 825 1445 887 in
1466 823 1603 889 Indiam

372 933 523 1014 profecti
544 943 642 1012 sunt3
666 933 762 997 solus
783 931 939 1016 ,Ioannes
958 931 1115 995 Thomas
1139 931 1342 1009 Pasitanus,
1365 932 1459 1012 quod
1479 931 1602 995 debilis

368 1021 563 1104 admodum
589 1051 695 1120 esset,
721 1040 773 1104 ire
798 1059 819 1102 a
838 1039 937 1120 Rege
955 1048 1100 1102 nonest
1119 1039 1334 1118 permissus,
1357 1047 1396 1102 ut
1417 1039 1514 1102 vires
1531 1039 1601 1104 hoc

371 1163 468 1211 anno
484 1145 655 1210 reficeret.

340 1314 344 1322 .
435 1251 524 1316 1674.
565 1252 723 1318 Fuerunt
739 1263 857 1318 autem
872 1251 1065 1333 praedIctis
1079 1252 1202 1316 decem
1223 1251 1528 1333 proficiscentibus
1542 1252 1603 1316 ad·

369 1360 482 1441 J'uncti
507 1360 588 1438 dun,
615 1361 762 1440 scilicet,
780 1360 922 1424 Marcus
936 1358 1084 1439 Nugnez
1097 1368 1133 1423 et
1157 1358 1332 1443 Josephus
1353 1358 1490 1423 Duarte
1515 1358 1537 1439 ¹,
1564 1370 1603 1423 ut

371 1468 644 1547 grammaticam
664 1469 700 1531 in
720 1467 871 1547 collegio
891 1464 902 1496 ¹
922 1464 1106 1540 docerent;
1129 1466 1228 1530 etita
1246 1483 1395 1530 numero
1414 1466 1601 1530 duodecim

371 1575 521 1655 profecti
547 1583 646 1652 sunt,
670 1585 704 1638 et
729 1573 765 1636 in
791 1571 889 1636 India
912 1572 1106 1636 adventum
1127 1571 1358 1638 Patriarchae
1380 1574 1603 1654 expectaturi

370 1691 483 1746 erant.
502 1681 546 1744 Et
561 1680 724 1762 quamvis
739 1681 778 1744 P.
795 1679 924 1760 Ignatii
936 1679 1025 1743 haec
1036 1679 1152 1743 fuerat
1162 1681 1348 1758 sententia,
1361 1691 1400 1744 ut
1411 1681 1448 1744 in
1460 1680 1601 1745 Aethio·

371 1788 479 1869 pIam,
496 1797 575 1869 post
588 1788 757 1851 emissam
772 1787 1029 1868 professionem
1043 1795 1076 1849 et
1093 1804 1164 1850 non
1179 1788 1294 1866 aliter,
1307 1804 1429 1851 omnes
1443 1805 1486 1851 eo
1498 1787 1601 1852 desti·

370 1895 445 1958 nati
466 1895 707 1972 mitterentur,
727 1908 794 1958 nec
818 1901 891 1956 tres
916 1910 963 1956 ex
987 1891 1142 1957 Castelia
1164 1893 1278 1973 missi,
1306 1911 1372 1957 nec
1392 1894 1452 1958 alii
1473 1904 1545 1959 tres
1564 1895 1602 1958 in

371 2001 592 2082 Portugailia
607 2001 729 2079 additi,
745 1999 1002 2082 professionem
1016 1999 1224 2079 emiserunt,
1242 2002 1324 2082 quia
1343 2018 1416 2065 non
1430 2002 1551 2066 statim
1564 2002 1601 2065 in

373 2108 598 2192 Aethiopiam
615 2107 806 2189 profecturi
823 2115 941 2186 erant,
958 2118 997 2171 ut
1015 2107 1159 2171 liberius
1179 2107 1332 2172 Goensis
1352 2106 1527 2192 [Collegii]
1549 2127 1602 2174 re·

370 2215 514 2294 ditibus,
531 2216 614 2279 iicet
632 2211 826 2296 ⁸professi,
848 2223 994 2296 possent
1014 2215 1216 2278 sustentari.
1239 2213 1362 2296 Itaque
1381 2233 1427 2279 ex
1448 2215 1521 2295 his,
1542 2217 1603 2298 qui

371 2321 704 2404 proficiscebantur,
728 2322 843 2386 solum
868 2319 905 2384 P.
929 2321 1109 2387 Carnerus
1128 2339 1172 2385 ac
1196 2321 1235 2384 P.
1261 2321 1425 2402 Quadros
1450 2330 1603 2404 quatuor

371 2439 549 2508 votorum,
565 2440 599 2492 et
615 2428 741 2493 Patres
754 2429 911 2513 Joannes
924 2425 938 2458 ⁴
952 2437 986 2491 et
1001 2427 1152 2492 Michael
1171 2425 1183 2458 ⁸
1203 2429 1326 2506 trIum,
1342 2428 1600 2511 professionem

369 2537 572 2601 emiserant.
595 2535 664 2600 Sed
686 2548 767 2600 ante
789 2535 1045 2615 profectionem
1069 2535 1107 2598 in
1125 2532 1354 2617 Aethiopiam
1374 2537 1502 2618 reliqui
1522 2555 1602 2619 pro·

370 2643 562 2709 sessinnem
578 2652 680 2708 erant
695 2643 869 2707 emIssuri.

433 2750 521 2813 1675.
565 2750 610 2814 Et
636 2761 717 2814 ante
743 2749 999 2831 profectionem
1016 2747 1028 2782 ⁸
1043 2766 1167 2813 omnes
1186 2750 1290 2813 simui
1311 2751 1469 2832 (dempto
1489 2752 1601 2816 Anto·

372 2856 432 2921 nio
460 2858 503 2921 de
523 2856 631 2921 Costa
651 2856 679 2931 ⁷,
702 2858 784 2937 quia
805 2856 980 2935 novitiuS‚
1003 2867 1038 2920 et
1059 2857 1096 2920 in
1121 2857 1220 2920 curia
1245 2858 1410 2937 cognitus
1430 2859 1530 2937 erat),
1555 2858 1602 2923 ad

375 2963 509 3043 Regem
533 2964 689 3043 deducti,
710 2964 948 3033 reverentiam
966 2965 1034 3045 ipsi
1054 2963 1305 3044 exhibuerunt,
1327 2975 1362 3029 et
1380 2966 1601 3045 siuguiorum

370 3072 514 3135 nomina
539 3070 617 3134 Rex
638 3073 730 3135 scire
749 3072 878 3148 voluit,
900 3081 1000 3134 etan
1027 3088 1150 3135 omnes
1171 3072 1302 3135 artIum
1321 3089 1465 3136 cursum
1484 3073 1602 3137 audis·

369 3186 464 3255 sent;
490 3187 525 3241 et
549 3188 624 3241 tam
649 3178 725 3258 ipse
749 3194 856 3259 quam
884 3176 1039 3257 Regina,
1066 3178 1227 3241 omnibus
1257 3178 1361 3241 simui
1386 3180 1601 3260 conspectis,

369 3302 586 3365 magnopere
600 3285 721 3348 laetati
737 3294 829 3347 sunt.
847 3283 984 3347 Deinde
998 3283 1044 3346 ad
1063 3283 1219 3348 Infantes
1238 3284 1463 3350 Cardinalem
1485 3297 1520 3350 et
1534 3286 1603 3350 Lu·

300 3454 303 3465 ,
365 3391 534 3455 doricum
548 3390 690 3456 deducti
705 3391 858 3468 fuerunt,
875 3390 935 3469 qui
949 3392 1079 3454 laetum
1095 3390 1286 3455 admodum
1307 3392 1462 3455 animum
1486 3402 1602 3457 osten-

364 3497 508 3576 ·derunt;
529 3510 564 3560 et
584 3497 704 3561 Infans
723 3495 927 3560 Ludovicus
942 3496 1083 3559 dicebat
1102 3514 1140 3559 se
1161 3495 1257 3579 [non]
1278 3499 1411 3561 vidisse
1425 3500 1515 3563 tanti
1529 3517 1603 3563 rno-

369 3604 477 3669 menti
493 3604 698 3668 missionem
712 3604 757 3667 ad
777 3604 862 3666 iilud
886 3619 999 3683 usque
1019 3613 1157 3684 tempus
1172 3606 1207 3667 in
1228 3605 1379 3681 Indiam,
1403 3622 1468 3669 nec
1490 3606 1601 3670 homi·

368 3730 468 3791 num,
493 3712 536 3775 de
558 3712 683 3792 quibus
708 3721 846 3773 tantum
872 3711 949 3791 spei
974 3720 1185 3792 conceptum
1208 3721 1313 3776 esset.
1340 3712 1541 3777 InvIserunt
1563 3725 1600 3778 et

410 3917 419 3953 ¹
447 3918 522 3962 Hune
531 3915 635 3961 Franco
645 3917 672 3971 (1.
682 3928 713 3968 c.,
721 3928 746 3959 n.
756 3916 779 3968 6)
789 3916 905 3970 appellat
915 3914 1021 3959 Riberio
1031 3914 1171 3970 (Riteiroi.

408 3987 421 4022 ¹
448 3988 557 4033 Goensi.

408 4059 420 4093 Ι
447 4060 494 4104 Ma.
505 4060 584 4104 habet
594 4059 636 4103 hic
648 4060 687 4109 ta,
695 4058 762 4113 quod
771 4060 797 4104 in
807 4058 883 4112 hujus
893 4058 996 4103 librarii
1006 4059 1118 4112 scriptis,
1129 4065 1158 4103 ut
1167 4060 1221 4103 fere
1236 4060 1262 4103 In
1275 4060 1334 4104 aitis
1344 4061 1459 4115 ejusdem
1469 4064 1605 4117 temporie,

367 4136 409 4175 est
419 4131 600 4176 abbreviatum
616 4132 687 4175 iicet.
700 4130 799 4175 Verum
814 4130 836 4173 ei
850 4130 888 4173 Ita
905 4130 1041 4184 legendum
1051 4132 1092 4181 sit.
1107 4141 1246 4185 perperam
1256 4133 1368 4187 positum
1379 4134 1558 4179 exIstImnmus
1575 4142 1602 4178 et

363 4202 550 4256 corrigendum
561 4204 609 4247 hoc
619 4202 701 4246 modo:
712 4202 830 4245 nondum
839 4200 969 4256 professi,
978 4202 1022 4245 vei
1030 4202 1094 4255 quta
1103 4214 1156 4245 uon
1162 4203 1341 4257 professi.vei
1348 4215 1428 4249 secus
1435 4216 1467 4249 ac
1471 4206 1604 4261 professi,

370 4274 412 4316 vei
422 4275 474 4319 nlio
485 4274 561 4319 simili
581 4274 636 4318 Non
647 4274 713 4317 enIm
724 4308 729 4328 ,
740 4272 762 4317 si
772 4274 882 4328 professi
894 4274 1012 4326 fuissent.
1021 4273 1131 4328 Coiiegii
1141 4274 1253 4319 Goensis
1262 4276 1389 4321 reditibus
1403 4277 1545 4322 sustentari
1554 4288 1601 4333 po·

368 4351 463 4395 terant.
474 4346 533 4389 dum
544 4346 616 4391 Goae
626 4354 727 4401 tempus
736 4346 762 4389 in
771 4344 940 4400 Aetntoptam
949 4346 1128 4400 proficiscendi
1138 4350 1322 4401 expectabant.

409 4418 422 4449 ⁴
448 4417 476 4461 P.
488 4416 599 4469 joannes
610 4416 734 4461 Boccniu.

409 4486 421 4519 ⁸
449 4488 477 4532 P.
488 4488 598 4532 Minime!
608 4488 697 4533 Bnrui.

408 4555 421 4590 ⁸
446 4560 594 4613 Antequam
605 4558 763 4616 Uiyseipona
774 4560 1008 4616 proficiscerentur.

408 4628 420 4661 ἵ
448 4628 489 4675 Sic
504 4630 529 4675 In
544 4630 591 4674 hoc
607 4632 664 4675 ioco
678 4631 784 4676 Polanci
796 4634 927 4685 librarius.
945 4635 988 4689 qni
1003 4636 1070 4679 hunc
1085 4632 1212 4689 superius.
1227 4634 1430 4689 u.1672,Acosta
1445 4636 1602 4691 appellavit:

363 4709 449 4754 quare
459 4701 622 4755 mispicamur
633 4702 689 4756 eius
697 4714 838 4758 cognomen
850 4716 912 4748 vere
923 4705 1002 4750 fuine
1013 4706 1049 4750 da
1061 4706 1145 4749 Costa.
