3717 5400
353 438 413 499 ⁴5⁸
823 436 951 497 Cannu.
973 436 1049 496 Soc.
1071 440 1142 508 jas.

356 583 418 663 qui
444 582 653 662 designatus
677 582 793 647 iuerat
814 582 991 647 Canariae
1014 584 1211 663 Episcopus
1233 581 1254 661 ¹,
1271 592 1305 647 et
1324 591 1450 645 contra
1473 580 1589 645 Socie-

356 698 469 753 tatem
483 706 549 770 pro
565 708 662 754 more
677 708 742 754 suo
764 692 986 772 loquebatur;
1009 701 1044 754 et
1066 707 1147 754 cum
1169 689 1323 771 quodam
1342 707 1387 752 ex
1406 688 1529 752 diebus
1542 688 1587 750 fe·

357 795 423 859 stis
436 796 607 860 natalitiis
622 798 717 877 apud
731 798 936 861 Praesidem
950 797 1055 878 Regii
1069 794 1237 862 Consilii¹
1253 797 1455 877 pranderet,
1468 795 1590 859 nescio

358 920 429 984 qua
440 915 589 983 accepta
601 905 802 984 occasione,
816 917 920 985 prout
932 905 1078 985 solebat,
1093 904 1376 986 quaedamdixit.
1387 902 1590 973 Prandebat

358 1008 489 1073 ibidem
501 1011 643 1090 quidam
657 1012 713 1075 vir
723 1013 851 1075 nobilis
862 1023 897 1075 et
907 1011 1357 1089 SocietativaldedevotuS,
1368 1020 1431 1073 eta
1440 1008 1478 1073 P.
1489 1008 1590 1074 Cano

358 1117 553 1197 postulavit
567 1130 617 1195 ut,
634 1118 665 1181 si
680 1119 765 1199 quid
779 1120 823 1184 de
837 1118 1015 1185 Societate
1029 1128 1091 1183 aut
1105 1118 1180 1199 ejus
1195 1119 1373 1199 religiosis
1386 1118 1504 1192 sciret,
1522 1117 1589 1182 sibi

359 1223 591 1304 significaret,
607 1244 652 1289 ne
665 1226 742 1307 ipse
756 1227 793 1290 in
807 1245 930 1291 errore
945 1237 1161 1291 versaretur.
1175 1226 1275 1290 Tunc
1286 1226 1361 1306 ipse
1373 1225 1462 1289 dixit
1473 1223 1589 1288 Socie-

360 1331 446 1395 tatis
468 1331 630 1396 homines
650 1334 763 1397 bonos
782 1335 850 1398 sibi
868 1335 994 1413 videri,
1018 1333 1080 1397 sed
1094 1334 1162 1414 ipsi
1176 1333 1362 1413 displicere
1384 1332 1479 1412 quod
1492 1349 1589 1396 exer·

359 1436 446 1501 citia
460 1452 586 1502 nostra
606 1440 807 1520 spiritualia
826 1441 905 1505 aliis
920 1458 993 1505 non
1012 1441 1290 1505 ostenderemus.
1312 1439 1356 1503 Et
1376 1449 1451 1502 tum
1465 1440 1594 1513 saltem

359 1544 458 1608 aliud
472 1546 561 1609 nihii
575 1564 614 1609 se
628 1547 771 1626 habere,
788 1548 882 1629 quod
896 1548 1180 1629 reprehenderet,
1198 1547 1360 1611 ostendit.

423 1650 512 1715 1241.
561 1651 697 1717 Nobilis
718 1654 786 1732 ilie,
806 1655 852 1718 ad
871 1652 1013 1717 Patrem
1034 1654 1154 1717 Araoz
1179 1671 1217 1717 se
1243 1653 1441 1731 conierenS,
1465 1652 1596 1725 librum,

360 1756 598 1836 spiritualium
620 1761 870 1825 exercitiorum
893 1763 938 1825 ab
959 1779 1001 1823 eo
1023 1762 1122 1840 petiit
1138 1771 1175 1825 ut
1195 1760 1415 1824 Praesidenti
1433 1758 1594 1822 ostende-¹

361 1874 427 1941 ret,
445 1882 549 1946 quem
563 1884 646 1929 cum
659 1868 779 1930 statim
791 1869 946 1932 dedisset
962 1879 996 1931 et
1009 1868 1154 1932 Consilii
1165 1867 1314 1931 Praeses
1325 1868 1424 1930 illum
1435 1866 1590 1946 legisset,

360 1986 579 2051 magnopere
595 1973 644 2036 ilii
665 1975 886 2054 placuerunt,
901 1986 937 2038 et
952 1976 988 2038 in
1010 1975 1184 2052 omnibus,
1201 1992 1292 2056 quae
1314 1974 1359 2038 ad
1379 1972 1596 2044 Societatem

361 2077 595 2157 pertinebant,
612 2079 702 2143 bene
716 2098 755 2143 se
770 2082 901 2144 sentire
915 2092 951 2144 et
963 2080 1055 2144 affici
1067 2080 1302 2161 significabat;
1317 2078 1459 2143 Patrem
1474 2088 1594 2146 autem.

360 2183 482 2247 Araoz
497 2187 619 2265 magni
632 2186 787 2251 iaciebat
801 2201 835 2251 et
848 2189 1097 2251 venerabatur.
1115 2187 1266 2266 Quidam
1282 2187 1389 2251 etiam
1405 2186 1595 2265 religiosus

362 2289 507 2355 Ordinis
518 2290 577 2357 gn
593 2291 782 2373 Dominici,
797 2295 939 2357 nornine
951 2294 1010 2357 Fr.
1024 2294 1207 2375 Philippus
1219 2294 1262 2357 de
1272 2293 1434 2357 Meneses
1446 2291 1469 2371 ³,
1482 2294 1595 2356 lector

361 2397 514 2479 Collegii
527 2398 588 2463 Sil
610 2398 777 2481 Gregorii
789 2402 896 2481 (quod
905 2402 1045 2479 insigne
1058 2412 1111 2463 est
1126 2400 1322 2464 Vallisoieti
1335 2398 1479 2463 Ordinis
1489 2398 1593 2463 Prae·

361 2504 584 2585 dicatorum),
613 2524 693 2569 cum
713 2508 986 2571 concionaretur
1011 2509 1196 2587 intemplo
1218 2506 1262 2571 D.
1287 2506 1397 2584 Pauli,
1424 2504 1513 2568 dixit
1534 2504 1594 2567 ali·

360 2629 452 2693 quos
466 2630 554 2691 esse,
572 2614 632 2694 qui
646 2614 690 2676 de
704 2612 881 2678 Societate
899 2628 1021 2679 nostra
1038 2616 1272 2694 loquebantur
1291 2614 1390 2677 aliter
1408 2630 1515 2695 quam
1528 2628 1598 2692 par

361 2729 469 2799 esset,
485 2721 580 2800 quod
593 2739 640 2784 ex
658 2722 767 2786 animi
791 2723 1056 2801 perturbatione
1076 2735 1110 2786 et
1135 2721 1429 2785 considerationis
1454 2720 1596 2792 deiectu

364 2827 530 2890 accidere
546 2827 676 2908 ajebat,
691 2840 726 2892 et
738 2830 807 2892 alia
819 2831 928 2893 muita
944 2827 1047 2909 hujus
1059 2829 1211 2910 generis.

425 2932 513 2996 1242.
557 2934 669 2998 Grata
694 2945 814 2998 autern
843 2947 919 2998 erat
945 2933 1042 3000 Patri
1073 2935 1194 3000 Araoz
1219 2935 1380 3014 occasio,
1410 2951 1491 2998 cum
1515 2949 1595 2998 sese

404 3325 412 3357 ¹
441 3323 536 3368 “Sobre
546 3329 601 3365 esto
611 3321 681 3369 (vide
691 3327 779 3364 annot.
790 3320 1001 3374 praecedentem)
1012 3331 1039 3364 se
1051 3321 1121 3376 pldld
1131 3332 1241 3376 perecer
1250 3321 1345 3375 (linbila
1357 3320 1396 3364 ios
1409 3326 1538 3364 mnestros
1546 3318 1597 3364 Do

362 3397 450 3451 mingo
465 3395 556 3450 Sotoy
569 3393 684 3438 Melchor
699 3393 793 3446 Cano„
807 3391 848 3436 La
864 3390 976 3447 Fusars,
995 3393 1119 3436 Historia
1136 3392 1305 3437 eclesiastica
1322 3393 1356 3438 de
1372 3391 1495 3447 Esparia,
1508 3390 1553 3436 lib.
1568 3402 1598 3446 v,

363 3478 421 3521 cap.
433 3477 477 3515 ιιι,
489 3466 552 3522 §72-

403 3540 415 3572 ¹
442 3538 509 3582 Vide
519 3549 608 3592 supra.
616 3547 675 3591 pag.
684 3536 733 3590 434,
745 3548 769 3581 a.
780 3536 841 3580 1164.

408 3609 420 3640 ⁸
443 3609 591 3665 “Philippus
600 3609 730 3653 Menerins
739 3609 794 3663 (slc;
804 3609 903 3652 rectius
912 3615 1001 3653 temen
1012 3609 1037 3652 in
1050 3608 1134 3654 indice
1144 3607 1302 3662 Menestas),
1315 3607 1453 3663 Hispanus.
1468 3607 1547 3651 cleris
1557 3617 1599 3650 ort

362 3691 406 3728 tus
415 3683 555 3736 natalibus,
566 3680 684 3725 Patriam
694 3681 785 3725 babuit
796 3681 950 3730 Traxillum,
964 3687 1081 3736 quaeest
1093 3681 1188 3725 ciuitas
1203 3681 1227 3725 in
1238 3680 1427 3726 Estremsdurn
1443 3678 1593 3724 Prouincias.

362 3754 489 3810 lupatria
500 3766 527 3798 se
542 3760 660 3798 nostrum
670 3753 789 3797 habitune
798 3752 889 3796 induit.
901 3753 1048 3807 Applicitus
1059 3753 1164 3804 litteris,
1175 3753 1240 3796 adeo
1251 3753 1276 3796 ln
1287 3753 1324 3796 eis
1334 3751 1452 3805 proiecit.
1462 3758 1491 3794 vt
1502 3752 1534 3794 ed
1545 3763 1599 3796 mot

362 3827 506 3872 derandum
514 3826 540 3870 S.
551 3825 666 3869 Thomas
681 3824 835 3868 cathedram
845 3835 861 3867 a
879 3823 1107 3878 complutensibus
1122 3825 1199 3868 luerit
1216 3825 1369 3868 accersitus.
1380 3821 1440 3867 Fuit
1456 3823 1536 3866 etiam
1546 3821 1594 3866 Re·

361 3910 426 3953 gens
438 3900 464 3942 ln
475 3897 592 3951 collegio
601 3895 628 3940 S.
638 3895 760 3950 Gregorii
770 3895 970 3939 vallisoletana.
985 3896 1102 3940 Praeiuit
1118 3907 1217 3951 quoqne
1234 3895 1396 3950 Gregoriano
1411 3893 1528 3948 Collegio
1539 3893 1599 3939 Pin«

360 3972 429 4022 cine.
439 3981 471 4015 ac
480 3969 617 4014 coenobiis
628 3967 783 4019 Matritensi,
793 3973 873 4021 atque
885 3965 1045 4021 Segouiensl,
1056 3975 1082 4012 et
1094 3968 1118 4011 ln
1130 3969 1247 4012 omnibus
1258 3967 1290 4010 iis
1301 3967 1439 4010 fructuose.
1450 3965 1479 4010 ln
1489 3975 1519 4009 eo
1530 3967 1596 4011 enlm

362 4041 506 4097 singularis
516 4041 594 4086 enimi
605 4040 723 4094 probitas
732 4041 861 4093 einceb2t3
871 4046 950 4093 etque
961 4041 1016 4084 zelo
1026 4040 1166 4094 religiosae
1177 4041 1361 4084 obseruantiae
1370 4045 1441 4082 totas
1449 4037 1598 4082 efferuesce-

361 4116 417 4160 bet.
435 4113 465 4158 ln
479 4112 616 4157 Gallaecia
630 4111 746 4155 euolenit
762 4109 795 4154 ad
813 4111 935 4154 meliores
952 4121 1020 4154 anno
1038 4109 1193 4154 MDLXXll.
1210 4110 1378 4164 sepultusque
1396 4109 1444 4153 init
1463 4109 1489 4152 in
1508 4116 1600 4154 nostro

363 4184 498 4230 Connemu
508 4183 533 4227 S.
542 4183 663 4227 Marthae
670 4183 701 4226 de
710 4181 860 4235 llortlgnsn.
872 4180 982 4236 Scripsit
992 4181 1141 4236 Hispanice.
1154 4181 1212 4225 Lus
1223 4181 1266 4225 det
1277 4182 1357 4224 Alma
1368 4184 1459 4225 contra
1470 4180 1497 4223 ia
1508 4191 1600 4234 aegris·

363 4258 429 4307 eiad,
435 4268 454 4311 y
464 4256 633 4312 ignorantia:
652 4265 697 4298 sen
706 4253 860 4298 Doctrinem
871 4253 1055 4297 Christianam.
1068 4251 1245 4297 Salmanticse
1254 4253 1314 4297 155⁶.
1325 4255 1350 4296 ln
1363 4252 1383 4297 t.
1395 4258 1421 4295 et
1432 4253 1526 4296 iterum
1538 4251 1599 4302 1578.

362 4328 479 4374 liedinse
495 4326 733 4380 15⁶7.-A1phoosns
746 4324 897 4369 Fernandee
912 4323 1079 4369 Placentinus
1096 4325 1180 4369 minus
1201 4327 1270 4368 recte
1285 4325 1422 4378 distinguit
1440 4321 1598 4368 Doctrinam

365 4400 549 4445 Christianam
565 4409 580 4442 s
597 4399 703 4441 iumine
720 4395 994 4440 diriores-Traiano
1011 4397 1087 4441 riola
1108 4396 1235 4452 Cosradia
1253 4397 1286 4440 do
1305 4399 1345 4440 ios
1352 4397 1538 4452 jurarrrentos,
1552 4407 1598 4440 sea

361 4473 458 4517 librum
471 4473 497 4515 in
507 4471 690 4521 defensionem,
699 4477 726 4512 et
736 4469 959 4513 confirmationem
970 4467 1109 4514 societatis
1121 4469 1229 4514 nominis
1240 4467 1296 4513 Del.
1309 4468 1436 4513 Velamen
1445 4474 1486 4512 est
1496 4468 1599 4523 quadri-

362 4545 500 4600 partitum,
515 4549 542 4586 et
557 4543 606 4587 init
622 4551 759 4585 extumum
774 4539 936 4595 Antaerplae
954 4540 1081 4586 rese-oe
1097 4552 1128 4585 eo
1144 4541 1273 4584 Antonius
1284 4539 1404 4584 Senensis
1415 4539 1556 4584 Lusitanus
1571 4540 1597 4589 in

364 4615 437 4660 Biol.
448 4627 512 4671 pag.
524 4615 572 4662 2⁰&
581 4613 686 4658 Plodlus
695 4614 719 4657 ln
729 4613 894 4666 appendice,
904 4612 1018 4665 Joannes
1027 4611 1147 4664 Morieta,
1157 4611 1228 4656 Bibl.
1237 4611 1386 4666 Hispana„
1395 4611 1544 4664 Aerarium,
1551 4609 1598 4656 tsi.

360 4687 493 4732 etioraeca
506 4685 616 4730 Ordinis
627 4685 994 4739 Praedicatorum,centuris
1004 4690 1107 4738 quarte,
1119 4683 1151 4727 sd
1163 4693 1257 4726 annum
1268 4683 1327 4728 1572.
