3717 5400
811 522 876 581 Art.
899 522 969 581 1555
1449 522 1505 585 485

263 661 364 726 <iuba
383 661 423 729 Ρ.
443 662 623 730 Gonzalez
646 664 667 743 ¹,
688 665 820 731 Rector
842 666 917 746 eius
943 666 1096 747 collegii,
1119 668 1179 748 qui
1201 668 1342 747 excepti
1363 667 1504 732 fuerant

263 769 469 835 humaniter
490 780 525 834 et
550 773 715 837 collocati
737 771 750 805 ¹
770 773 807 837 in
829 773 1015 855 cujusdam
1040 775 1167 839 nobilis
1193 774 1261 839 viri
1285 774 1402 855 domo,
1430 776 1502 855 qui,

262 885 372 940 extra
385 878 510 942 urbem
524 879 716 961 proiectuS,
733 898 835 944 suam
849 882 937 962 ipsis
951 881 1095 946 domum
1110 882 1302 963 reliquerat
1316 878 1339 942 ³.

332 982 420 1049 1317.
463 984 552 1050 Cum
566 997 686 1051 autem
700 986 739 1051 P.
754 987 970 1052 Franciscus
987 988 1056 1050 17.a
1067 987 1276 1051 Decembris
1291 1005 1386 1052 anno
1401 1005 1503 1069 prae·

263 1088 375 1155 terito
387 1089 567 1157 Placentia
582 1094 762 1174 proiectus
773 1104 878 1174 esset,
890 1094 961 1159 29.a
973 1094 1129 1176 ejusdem
1140 1094 1315 1177 Hispalim
1326 1096 1501 1177 pervenit;

266 1214 354 1261 nam
366 1196 459 1263 festa
473 1202 634 1265 natalitia
648 1202 685 1265 in
695 1202 851 1281 quodam
864 1202 995 1283 oppido
1011 1202 1281 1284 praeceptoriae
1300 1201 1360 1266 S.l¹
1378 1203 1504 1286 Jacobi

263 1303 388 1385 (quem
403 1306 595 1385 Reynam⁴
622 1310 769 1388 vocant)
784 1318 969 1390 exegerat,
994 1326 1099 1391 quam
1121 1309 1274 1373 babebat
1287 1310 1444 1393 Joannes
1459 1310 1503 1374 de

268 1408 412 1493 Borgia,
425 1413 517 1477 filius
526 1414 602 1495 ejus
614 1413 638 1492 ⁸,
647 1417 706 1481 ubi
718 1418 773 1481 bis
784 1419 974 1481 multorum
986 1426 1128 1496 rogatu,
1142 1418 1375 1481 concionatus
1386 1426 1452 1497 est,
1467 1426 1502 1481 et

261 1524 669 1603 magnoperepopuium
683 1524 781 1587 illum
793 1525 1007 1599 consolatus;
1021 1533 1057 1587 et
1068 1540 1113 1586 ex
1125 1523 1203 1603 ipso
1215 1523 1341 1587 itinere
1352 1524 1501 1605 scripse·

263 1637 326 1689 rat
340 1625 378 1690 P.
394 1626 564 1693 Torrensi
578 1627 605 1708 ⁸,
622 1630 789 1695 Baeticae
803 1631 1037 1710 Provinciali,
1063 1640 1104 1695 ut
1128 1630 1303 1711 Hispalim
1322 1631 1462 1695 veniret
1476 1631 1498 1691 ².

333 1732 421 1800 1318.
464 1735 533 1800 Ubi
548 1746 666 1801 autem
680 1739 795 1801 nostri
805 1737 1036 1819 Hispalenses
1047 1736 1297 1801 intellexerunt
1308 1736 1501 1801 adventum

267 1838 310 1907 P.
325 1840 522 1921 Francisci,
540 1843 708 1908 Vicarius
721 1842 734 1875 ⁸
748 1844 1019 1926 Archiepiscopi
1033 1842 1056 1923 ⁹,
1070 1832 1131 1925 qui'
1139 1854 1175 1907 et
1189 1845 1376 1926 inquisitor
1391 1853 1445 1909 est
1462 1842 1497 1921 ⁴⁰,

262 1960 305 2010 et
325 1949 385 2012 alii
404 1949 565 2029 primarii
584 1951 653 2014 viri
672 1951 792 2015 statim
811 1968 892 2015 eum
911 1952 1129 2030 inviserant,
1145 1960 1180 2015 et
1196 1967 1319 2015 omnes
1338 1952 1497 2030 gratissi-

266 2073 367 2119 mum
381 2056 448 2121 sibi
463 2074 541 2121 esse
555 2056 744 2123 Societatis
758 2060 951 2123 adventum
965 2059 1002 2123 in
1021 2076 1100 2123 eam
1122 2058 1304 2123 civitatem
1320 2055 1497 2139 [ostende-

264 2160 377 2244 runt].
768 2147 772 2156 ’

332 2270 421 2335 1319.
464 2270 625 2353 Quinque
640 2290 686 2336 ex
696 2273 841 2352 nostris,
857 2283 931 2336 tres
944 2274 1149 2338 sacerdotes
1164 2282 1199 2337 et
1213 2272 1283 2337 duo
1295 2272 1354 2335 alii
1364 2272 1447 2336 laici
1461 2272 1495 2349 ¹¹,

263 2379 379 2442 multa
403 2379 534 2443 utiliter
560 2380 605 2443 ad
631 2380 874 2459 proximorum
897 2381 1068 2444 auxilium
1092 2380 1232 2462 Hispali
1255 2381 1374 2444 iacere
1395 2378 1497 2461 juxta

262 2484 456 2549 Societatis
479 2486 678 2549 institutum
703 2495 906 2567 coeperant,
933 2485 1130 2567 cujusmodi
1154 2495 1232 2553 erat
1254 2485 1499 2550 confessiones

262 2590 410 2671 audire,
427 2609 591 2657 carceres
606 2601 641 2655 et
655 2593 845 2672 hospitalia
866 2593 1040 2673 invisere,
1060 2604 1095 2657 et
1116 2594 1186 2657 alia
1205 2592 1394 2675 ejusmodi3
1417 2608 1499 2655 con-

262 2699 405 2763 cionari
419 2709 540 2764 tamen
553 2702 710 2765 nondum
725 2711 917 2781 coeperant
935 2700 969 2766 ¹¹.

309 2903 319 2938 ¹
347 2905 377 2950 P.
387 2903 563 2950 Gundiselvus
573 2905 710 2951 Gonzelez.
721 2907 791 2952 Ilia.
906 2962 909 2966 ¹

308 2976 321 3009 ¹
347 2976 402 3022 Has
409 2978 490 3022 etiem
497 2976 763 3032 vocesRGonealer,
771 2979 868 3024 Κρεῖον
877 2981 938 3035 ejus
945 2979 1051 3033 collegii
1059 2985 1085 3023 et
1093 2978 1285 3024 humanitem
1292 2978 1414 3026 collocati
1423 2991 1500 3024 manu

266 3047 379 3104 propria
387 3050 494 3104 scripsit
504 3049 641 3094 Polencus.

313 3116 325 3148 ⁸
349 3118 529 3166 Ferrlinendus
539 3119 624 3164 Ponce
635 3122 666 3166 de
676 3121 757 3175 Leon,
767 3122 839 3176 lota,
848 3134 909 3178 pag.
919 3123 968 3177 595,
979 3135 1003 3166 n.
1015 3121 1223 3167 lion-“Fam
1233 3121 1319 3166 Ponce
1326 3122 1358 3166 de
1365 3121 1446 3174 Leon,
1455 3121 1503 3166 Ca·

262 3192 369 3236 beilero
378 3192 571 3246 Velnthuatro,
580 3207 599 3249 y
609 3193 759 3239 Provinclei
770 3195 801 3238 de
809 3194 836 3238 le
844 3192 927 3239 Senta
937 3194 1112 3244 Hermandnd.
1121 3195 1246 3240 cristiano
1256 3196 1413 3250 ypladoso.„
1421 3194 1499 3239 Onrrz

264 3274 303 3306 nu
313 3261 420 3316 loiron,
431 3263 532 3308 Anales
541 3264 724 3309 eclesiasticos
729 3277 748 3319 y
759 3266 897 3309 seculares
906 3265 940 3308 de
951 3265 1063 3318 Sestilia,
1072 3277 1114 3310 an.
1126 3266 1186 3310 1555.

307 3331 320 3367 ⁴
344 3334 443 3387 Retna,
453 3334 575 3390 oppidum
590 3337 616 3380 ln
631 3337 767 3391 provincia
777 3337 834 3381 Pax
843 3337 1001 3392 Augustana
1011 3337 1152 3393 (Badajozl,
1168 3349 1218 3382 non
1233 3337 1309 3392 longe
1322 3339 1355 3382 eb
1369 3338 1434 3381 urbe
1443 3335 1501 3381 Lie-

261 3417 341 3459 rene,
351 3407 419 3460 quod
429 3407 455 3450 ln
465 3408 645 3461 spiritualibus
652 3409 806 3463 sublucebat
815 3408 901 3452 Priori
912 3408 1002 3453 Sancti
1013 3408 1103 3462 Marci,
1117 3410 1190 3454 urbis
1204 3409 1382 3464 Legionensls,
1397 3408 1501 3453 Ordinis
1582 3433 1590 3452 1

264 3477 390 3522 militaris
399 3478 489 3522 Sancti
499 3478 676 3530 iacobi—His
686 3482 789 3535 corrige
800 3479 969 3536 Crnsrnsoos,
980 3481 1032 3535 qul,
1043 3482 1114 3525 nulia
1128 3481 1256 3526 mentione
1271 3481 1343 3526 lecta
1358 3491 1501 3525 commora-

262 3549 345 3593 tionis
354 3549 443 3594 Patris
452 3549 587 3596 Francisci
597 3551 695 3606 Borgin
706 3553 732 3596 in
741 3553 836 3608 oppido
846 3552 945 3606 Reina,
955 3553 1002 3608 alt,
1013 3553 1030 3597 l.
1040 3563 1072 3608 c.,
1084 3553 1127 3598 lib.
1138 3564 1173 3604 iv,
1182 3565 1240 3608 cap.
1248 3563 1293 3608 ιιι,
1303 3552 1316 3607 §
1325 3553 1346 3597 2:
1357 3551 1502 3608 “Liegaron

268 3621 376 3674 rispern
387 3621 420 3665 de
429 3620 548 3666 Navideri
559 3622 705 3676 nSevllia.„

309 3691 322 3724 Ι
348 3691 538 3738 Praecedentia
551 3696 635 3758 verbe
649 3704 731 3748 quam
745 3695 984 3750 (praeceptorium)
999 3694 1115 3740 habebat
1128 3695 1293 3750 Joannesde
1303 3695 1415 3750 norgia,
1426 3695 1504 3751 filius

271 3763 330 3820 ejus
341 3764 395 3818 ipse
406 3765 514 3810 Polanci
524 3767 647 3811 librarius
656 3768 691 3810 ad
702 3778 775 3812 oram
788 3769 909 3822 paginae,
924 3769 999 3822 signo
1012 3775 1041 3810 ut
1055 3768 1098 3811 bic
1109 3768 1286 3812 insererentur
1297 3769 1426 3823 apposito,
1441 3769 1503 3812 scri·

264 3837 332 3890 psit.
341 3835 409 3881 Vide
417 3837 442 3881 in
453 3838 494 3881 bis
504 3837 671 3882 biouuurttrrs
681 3839 837 3895 Htsroructs,
848 3839 966 3884 Sanctus
975 3839 1141 3884 P'ranciscus
1148 3838 1260 3894 Borgia,
1270 3845 1289 3884 t.
1299 3847 1317 3894 t,
1328 3850 1389 3894 pag.
1398 3839 1450 3884 ⁶2³.

308 3905 321 3939 θ
348 3906 424 3952 Petri
433 3908 554 3954 blicherii
564 3909 595 3953 de
607 3909 711 3954 Torres.

309 3979 320 4009 ⁷
348 3979 483 4025 Hisetlam
492 3981 662 4036 corrigendus
670 3981 831 4026 Cremunoos
840 3983 922 4038 aiens,
933 3983 950 4026 1.
961 3993 992 4036 c.,
1003 3981 1043 4036 §a
1055 3984 1096 4026 “se
1110 3983 1245 4026 encamlno
1256 3981 1295 4038 (Ρ.
1307 3981 1475 4036 Frenclscus)
1486 3985 1502 4026 i.

261 4049 369 4095 Set-ilie
379 4063 427 4096 con
438 4053 463 4096 el
470 4053 555 4098 Padre
564 4053 668 4107 Torres,
679 4056 704 4097 el
712 4053 741 4097 Ρ.
752 4055 839 4099 Aram
849 4067 866 4111 y
876 4056 900 4098 el
911 4054 940 4098 P.
949 4052 1031 4098 Paulo
1041 4053 1204 4098 Hernaudez.

306 4121 320 4155 ⁸
346 4123 450 4180 Gespar
460 4123 606 4170 Cet-ventes
616 4126 647 4170 de
657 4125 775 4180 salazar,
788 4128 831 4169 vei
841 4126 872 4170 de
883 4125 978 4170 Gaeta.

307 4191 320 4227 ⁹
345 4193 415 4240 Vide
425 4207 513 4252 supra,
524 4209 584 4252 pag.
594 4197 642 4250 itt,
654 4209 678 4240 n.
689 4197 750 4251 1188,
761 4204 850 4242 annot.
860 4197 882 4243 3.

295 4264 318 4297 ¹⁰
344 4265 404 4321 Est,
418 4269 479 4312 licet
494 4275 668 4322 contractum,
682 4270 809 4325 scriptum
824 4270 936 4324 videtum
947 4270 1107 4314 scriberetur
1122 4276 1211 4314 temen
1226 4271 1319 4316 mellus
1333 4273 1401 4315 erat.
1415 4270 1464 4315 “Ei
1474 4272 1505 4316 li·

261 4339 393 4383 cenciano
403 4339 550 4385 Cernentes
559 4341 590 4385 de
601 4340 694 4392 Gaetu,
706 4353 755 4396 que
763 4343 926 4397 juntamente
938 4352 984 4386 era
994 4341 1140 4396 Inqulsldor
1151 4342 1318 4397 apostolico„
1328 4341 1504 4398 Sarrtvtiirz,

268 4409 553 4465 Lcmunfflnb

295 4480 317 4514 ¹⁸
344 4479 488 4537 Videlicet,
508 4483 557 4529 ΡΡ.
578 4484 755 4530 Gundisalvus
775 4485 916 4540 Gonznlez,
933 4487 1083 4540 Alphomus
1098 4487 1175 4536 (oiim
1190 4485 1317 4540 Basilius)
1333 4487 1364 4530 de
1380 4486 1459 4532 Avila
1476 4495 1504 4530 et

265 4549 380 4603 Joennes
389 4551 491 4605 Juarez.
502 4563 528 4599 et
539 4553 592 4600 FF.
599 4555 715 4601 Didecus
728 4557 782 4612 (qul
792 4563 819 4601 et
829 4556 951 4610 Jacobus)
965 4556 1051 4612 Lopez
1061 4564 1088 4602 et
1096 4557 1209 4610 ioannes
1219 4557 1365 4603 Gutierrez.
1375 4557 1506 4602 Saurtva·

261 4625 326 4677 nez,
335 4625 353 4668 l.
364 4635 396 4678 c.,
407 4637 432 4670 n.
442 4627 464 4668 2.

297 4695 319 4726 ¹¹
345 4695 422 4740 Haud
431 4697 499 4741 satis
507 4707 651 4751 congruere
661 4704 820 4753 postremum
829 4701 879 4745 hoe
889 4699 995 4746 videtur
1005 4711 1064 4745 cnm
1075 4701 1123 4754 bis,
1139 4713 1206 4755 quse
1217 4703 1233 4746 1.
1245 4713 1267 4746 c.
1285 4702 1364 4746 babet
1378 4701 1494 4746 Sarrrva

262 4767 325 4810 nez:
334 4767 403 4811 “Con
412 4769 440 4812 le
454 4769 572 4822 licencia,
586 4782 635 4824 que
648 4771 747 4814 obturo
761 4777 806 4815 ten
820 4778 909 4827 grata,
922 4776 1044 4816 conteneo
1058 4775 1082 4816 el
1093 4773 1121 4818 P.
1135 4773 1201 4826 Junn
1212 4773 1309 4818 Suarez
1324 4775 1496 4830 apredlcar.„
