3717 5400
827 482 889 540 Au.
916 480 986 539 troo
1053 524 1056 528 .
1471 480 1520 540 131

349 627 420 691 368.
466 627 658 707 cogitabat
673 628 715 690 de
731 627 996 708 praedicatione
1011 627 1160 707 singulis
1176 627 1299 690 diebus
1310 626 1522 707 Quadrage-

286 737 403 799 simae
417 736 453 798 in
467 746 590 799 nostro
605 736 736 816 templo
751 733 925 812 habenda.
943 734 1006 797 sed
1021 735 1103 815 quia
1118 734 1288 797 usitatum
1304 734 1340 797 id
1360 751 1432 797 non
1447 734 1521 798 sue·

294 852 350 906 rat
363 851 512 906 eatenus
527 852 648 905 nostro
663 843 700 905 in
721 842 865 920 templo,
887 841 1087 904 inconsulto
1109 840 1146 903 P.
1172 839 1311 920 Ignatio
1333 841 1369 904 id
1391 840 1521 905 lacien-

288 950 377 1014 dum
391 967 462 1012 non
477 948 626 1012 censuit:
643 956 677 1011 et
691 957 836 1029 propter
849 949 979 1010 multas
995 946 1070 1027 ejus
1082 948 1334 1027 occupationes
1347 947 1415 1012 hoc
1428 966 1522 1012 anno

292 1057 512 1120 consuetudo
527 1056 596 1119 ista
610 1055 741 1118 mutari
755 1071 826 1118 non
841 1054 969 1117 debere
985 1054 1063 1117 visa
1079 1061 1144 1116 est.
1161 1051 1313 1132 Quidam
1333 1055 1442 1118 etiam
1462 1055 1523 1118 alii

292 1164 329 1226 in
343 1172 467 1227 nostro
482 1163 613 1242 templo
628 1180 673 1225 ex
688 1161 887 1225 obedientia
902 1161 1104 1225 concionati
1118 1160 1277 1238 luerunt,
1294 1179 1359 1224 nec
1375 1161 1522 1227 infelici·

288 1281 346 1334 ‘ter
358 1289 399 1334 eo
411 1288 558 1333 munere
570 1269 681 1332 functi
697 1276 790 1332 sunt.
803 1268 909 1332 Pater
925 1277 1043 1330 autem
1056 1267 1264 1332 Pelletarius
1281 1267 1340 1332 SJ¹
1357 1268 1458 1333 Pauli
1477 1271 1521 1333 le·

288 1379 449 1442 ctionem
463 1377 532 1440 hoc
543 1364 636 1439 anno
648 1384 884 1456 prosequutus
895 1383 959 1451 est,
975 1392 1019 1436 ex
1035 1391 1104 1454 qua
1118 1392 1190 1437 non
1201 1392 1328 1455 parurn
1340 1375 1475 1439 fructus
1488 1387 1523 1440 et

289 1485 549 1549 consolationis
563 1482 759 1563 spiritualis
773 1483 819 1545 ad
834 1482 1014 1545 auditores
1028 1482 1273 1561 proveniebat.
1290 1481 1335 1546 Et
1355 1484 1522 1563 quamvis

295 1601 453 1672 tempore
468 1591 647 1670 gravioris
662 1600 782 1653 aestus
797 1607 839 1651 ea
853 1589 960 1651 luerit
972 1589 1186 1667 intermissa,
1201 1599 1390 1669 postquam
1401 1591 1453 1653 illi
1464 1590 1520 1654 de·

294 1699 512 1772 fervuerunt,
528 1705 710 1777 resumpta
726 1706 791 1774 est3
806 1695 868 1757 sed
883 1706 916 1757 et
936 1711 1040 1758 mane
1056 1695 1180 1759 diebus
1205 1696 1304 1759 festis
1329 1697 1423 1760 idem
1445 1716 1521 1778 per·

291 1822 403 1885 saepe
418 1806 651 1868 concionatus
664 1812 728 1867 est.

353 1911 425 1974 369.
470 1910 573 1990 Quod
588 1912 633 1974 ad
648 1911 889 1974 confessiones
905 1910 1042 1989 attinet,
1059 1911 1125 1972 hoc
1138 1911 1306 1974 brevibus
1319 1911 1448 1986 dicam,
1462 1930 1522 1976 no·

298 2030 453 2083 strorum
468 2035 576 2106 opera
591 2018 720 2081 multos
742 2035 763 2079 a
781 2017 1007 2097 gravissimis
1029 2018 1222 2081 sceleribus
1243 2027 1417 2081 avocatos
1439 2018 1520 2083 fuis-

289 2145 344 2190 se.
367 2125 550 2205 Quaedam
566 2125 672 2187 etiam
687 2124 824 2202 mulier,
840 2124 964 2204 primis
981 2125 1159 2188 mensibus
1173 2123 1277 2204 hujus
1297 2127 1391 2204 anni,
1413 2128 1521 2206 publi·

295 2232 347 2296 cis
369 2233 537 2313 peccatis
554 2233 591 2294 in
615 2231 741 2312 quibus
765 2231 917 2308 vixerat,
935 2230 1082 2310 relictiS‚
1106 2248 1364 2296 conversarum
1384 2233 1522 2312 religio·

295 2357 377 2402 nem
390 2339 553 2418 ingressa
569 2347 637 2401 est:
656 2338 725 2400 alia
740 2337 879 2416 ingredi
893 2337 995 2400 brevi
1015 2336 1205 2400 constituit.
1229 2338 1285 2402 Ex
1309 2339 1366 2402 his
1391 2349 1520 2419 autem,

290 2447 355 2527 qui
368 2454 492 2508 nostro
503 2445 699 2509 ministerio
715 2446 750 2507 in
765 2445 1000 2507 sacramentis
1015 2445 1247 2508 confessionis
1259 2455 1293 2508 et
1308 2447 1521 2510 communio-

295 2554 350 2617 nis
358 2554 559 2630 utebantur,
570 2553 768 2632 complures
781 2552 964 2631 utriusque
976 2568 1083 2614 sexus
1094 2551 1255 2615 homines
1267 2551 1311 2614 ad
1322 2553 1523 2633 ingressum

297 2661 333 2724 in
348 2660 556 2740 religionem
573 2658 790 2740 aspirabant.
807 2659 851 2721 Et
870 2676 915 2721 ex
934 2659 985 2722 eis
1008 2658 1115 2739 aliqui
1138 2660 1230 2723 alios
1252 2675 1272 2721 a
1291 2661 1450 2740 peccatis
1470 2677 1522 2725 re-

295 2768 448 2845 trahere,
465 2778 501 2829 et
515 2767 560 2830 ad
575 2766 835 2829 confessionem
849 2765 1025 2829 adducere
1041 2766 1252 2830 nitebantur.

355 2873 425 2937 370.
468 2874 623 2952 Insignis
639 2881 757 2936 autem
770 2872 837 2936 suit
855 2872 970 2935 virtus
986 2871 1169 2951 cujusdam
1182 2872 1404 2955 juvenculae,
1422 2876 1523 2957 cujus

292 2984 497 3045 castitatem
520 2998 602 3043 cum
623 2980 767 3061 quidam
788 2980 963 3060 precibus,
987 2979 1191 3042 muneribus
1211 2989 1246 3043 et
1264 2984 1522 3062 pollicitationi·

294 3088 363 3153 bus
377 3089 511 3152 frustra
526 3095 777 3168 oppugnasset,
795 3086 985 3166 quamdam
1001 3087 1201 3166 impudicae
1221 3088 1317 3151 vitae
1341 3087 1523 3156 mulierem

296 3196 479 3272 excitavit,
495 3204 533 3257 ut
548 3211 705 3275 peream
725 3193 860 3256 aditum
881 3193 946 3255 sibi
968 3192 1013 3254 ad
1032 3192 1260 3273 juvenculam
1279 3206 1433 3275 pararet.
1457 3198 1521 3261 llla

294 3320 396 3377 vero,
412 3320 503 3383 quae
518 3301 660 3381 saepius
675 3300 910 3363 sacramentis
925 3301 1059 3363 sanctis
1074 3301 1308 3379 muniebatur,
1323 3322 1393 3366 non
1409 3307 1522 3369 solum

293 3410 423 3473 restitit
437 3410 560 3490 pravis
575 3408 743 3486 consiliis
761 3417 796 3470 et
810 3406 948 3470 insidiis
963 3407 1158 3483 daemonis,
1186 3410 1249 3471 sed
1265 3409 1360 3473 illam
1382 3412 1521 3476 daemo-

295 3517 350 3580 nis
370 3517 557 3579 satellitem
576 3516 621 3577 ad
643 3514 775 3578 Christi
796 3514 1003 3593 obsequium
1024 3513 1187 3591 adduxit,
1209 3526 1243 3577 et
1265 3516 1310 3578 ad
1332 3517 1521 3584 confessio·

291 3640 376 3686 nem
391 3633 425 3686 et
439 3624 518 3702 ipsa
533 3620 722 3699 accedens,
744 3621 827 3683 dum
847 3634 920 3683 rete
941 3639 1069 3701 capere
1090 3622 1284 3701 nitebatur,
1306 3624 1394 3687 bene
1416 3636 1522 3706 capta

295 3729 371 3805 fuit,
388 3738 423 3792 et
437 3730 473 3793 in
489 3729 697 3792 servitutem
712 3728 844 3791 Christi
859 3727 1016 3791 redacta.

354 3836 425 3899 371.
469 3835 592 3899 Variis
609 3835 856 3898 occasionibus
875 3836 983 3915 aliqui
1004 3836 1049 3898 ad
1068 3836 1264 3914 Collegium
1289 3846 1449 3901 nostrum
1465 3858 1521 3903 ac·

290 3944 479 4021 cedebant,
495 3943 553 4005 vel
567 3941 659 4005 fabri
673 3941 821 4005 murarii
833 3952 869 4005 ut
885 3943 1017 4021 aliquid
1031 3942 1258 4022 fabricarent,
1275 3945 1333 4006 vel
1347 3962 1523 4024 pauperes

294 4058 333 4114 ut
346 4052 593 4129 eleemosynas
607 4057 777 4127 peterent,
794 4050 852 4111 vel
867 4049 927 4110 alii
942 4048 1083 4111 demum
1102 4057 1140 4111 ut
1151 4049 1255 4112 aliud
1275 4060 1437 4131 agerent;
1460 4052 1523 4115 sed

291 4157 367 4221 lere
381 4158 499 4220 nullus
514 4155 701 4220 recedebat
716 4154 800 4235 quin
814 4154 887 4217 fere
905 4153 912 4184 ¹
929 4155 975 4217 ad
994 4155 1253 4219 confessionem
1273 4155 1521 4222 adduceretur.

351 4264 423 4327 372.
468 4262 619 4342 Quidam
631 4261 729 4323 falsis
741 4261 953 4324 daemonum
966 4262 1179 4340 imaginibus
1191 4263 1314 4327 illusus
1325 4274 1430 4345 atque
1445 4266 1524 4329 aliis

290 4370 479 4435 fallacibus
503 4368 793 4448 cogitationibus,
825 4369 983 4449 quandiu
1009 4369 1150 4431 vixerat
1180 4386 1362 4451 nunquam
1386 4372 1528 4451 integre·

289 4477 486 4545 confessus.
503 4493 590 4539 suae
605 4475 857 4555 conscientiae,
873 4474 951 4538 Deo
968 4476 1175 4556 adjuvante,
1197 4477 1381 4541 satisfecit.

336 4714 345 4745 ¹
373 4715 424 4767 Slc:
435 4716 480 4761 sed
490 4718 603 4761 alterum
612 4727 644 4759 ex
655 4716 765 4771 blssm
773 4716 918 4761 redundare
931 4716 1041 4761 videtur.
