<?xml version="1.0" encoding="UTF-8"?>
<!DOCTYPE html PUBLIC "-//W3C//DTD XHTML 1.0 Transitional//EN"
    "http://www.w3.org/TR/xhtml1/DTD/xhtml1-transitional.dtd">
<html xmlns="http://www.w3.org/1999/xhtml" xml:lang="en" lang="en">
 <head>
  <title>
</title>
<meta http-equiv="Content-Type" content="text/html;charset=utf-8" />
  <meta name='ocr-system' content='tesseract 3.04.00' />
  <meta name='ocr-capabilities' content='ocr_page ocr_carea ocr_par ocr_line ocrx_word'/>
</head>
<body>
  <div class='ocr_page' id='page_1' title='image "./vitaignatiiloio01polagoog_0412.png"; bbox 0 0 3717 5400; ppageno 0'>
   <div class='ocr_carea' id='block_1_1' title="bbox 357 454 1129 529">
    <p class='ocr_par' dir='ltr' id='par_1_1' title="bbox 357 454 1129 529">
     <span class='ocr_line' id='line_1_1' title="bbox 357 454 1129 529; baseline -0.001 -16"><span class='ocrx_word' id='word_1_1' title='bbox 357 454 415 513; x_wconf 72' lang='lat' dir='ltr'><strong>«lib</strong></span> <span class='ocrx_word' id='word_1_2' title='bbox 814 456 942 515; x_wconf 75' lang='lat' dir='ltr'><strong>Cattos.</strong></span> <span class='ocrx_word' id='word_1_3' title='bbox 963 456 1039 515; x_wconf 88' lang='lat' dir='ltr'>Soc.</span> <span class='ocrx_word' id='word_1_4' title='bbox 1060 457 1129 529; x_wconf 73' lang='lat' dir='ltr'><strong>Jes.</strong></span> 
     </span>
    </p>
   </div>
   <div class='ocr_carea' id='block_1_2' title="bbox 357 601 1594 4108">
    <p class='ocr_par' dir='ltr' id='par_1_2' title="bbox 357 601 1588 2075">
     <span class='ocr_line' id='line_1_2' title="bbox 359 601 1588 682; baseline 0.002 -17"><span class='ocrx_word' id='word_1_5' title='bbox 359 602 476 665; x_wconf 90' lang='lat' dir='ltr'><strong>benda</strong></span> <span class='ocrx_word' id='word_1_6' title='bbox 489 602 596 665; x_wconf 90' lang='lat' dir='ltr'><strong>domo</strong></span> <span class='ocrx_word' id='word_1_7' title='bbox 609 612 644 665; x_wconf 90' lang='lat' dir='ltr'><strong>et</strong></span> <span class='ocrx_word' id='word_1_8' title='bbox 658 601 877 666; x_wconf 82' lang='lat' dir='ltr'><strong>habitatione</strong></span> <span class='ocrx_word' id='word_1_9' title='bbox 891 604 1036 682; x_wconf 88' lang='lat' dir='ltr'><strong>nostris;</strong></span> <span class='ocrx_word' id='word_1_10' title='bbox 1051 616 1087 665; x_wconf 92' lang='lat' dir='ltr'><strong>et</strong></span> <span class='ocrx_word' id='word_1_11' title='bbox 1101 606 1149 665; x_wconf 88' lang='lat' dir='ltr'><strong>ita</strong></span> <span class='ocrx_word' id='word_1_12' title='bbox 1166 604 1311 667; x_wconf 91' lang='lat' dir='ltr'><strong>omnino</strong></span> <span class='ocrx_word' id='word_1_13' title='bbox 1325 603 1500 667; x_wconf 87' lang='lat' dir='ltr'><strong>obfirmati</strong></span> <span class='ocrx_word' id='word_1_14' title='bbox 1515 622 1588 669; x_wconf 90' lang='lat' dir='ltr'><strong>ma·</strong></span> 
     </span>
     <span class='ocr_line' id='line_1_3' title="bbox 360 710 1586 791; baseline 0.002 -19"><span class='ocrx_word' id='word_1_15' title='bbox 360 710 504 785; x_wconf 79' lang='lat' dir='ltr'><strong>nebant,</strong></span> <span class='ocrx_word' id='word_1_16' title='bbox 519 722 554 772; x_wconf 87' lang='lat' dir='ltr'><strong>et</strong></span> <span class='ocrx_word' id='word_1_17' title='bbox 568 710 706 790; x_wconf 92' lang='lat' dir='ltr'><strong>aliquos</strong></span> <span class='ocrx_word' id='word_1_18' title='bbox 719 712 908 789; x_wconf 86' lang='lat' dir='ltr'><strong>religiosos</strong></span> <span class='ocrx_word' id='word_1_19' title='bbox 922 712 968 774; x_wconf 93' lang='lat' dir='ltr'><strong>ad</strong></span> <span class='ocrx_word' id='word_1_20' title='bbox 984 711 1052 773; x_wconf 88' lang='lat' dir='ltr'><strong>hoc</strong></span> <span class='ocrx_word' id='word_1_21' title='bbox 1066 712 1247 790; x_wconf 84' lang='lat' dir='ltr'><strong>negotium</strong></span> <span class='ocrx_word' id='word_1_22' title='bbox 1258 710 1409 775; x_wconf 81' lang='lat' dir='ltr'>Romam</span> <span class='ocrx_word' id='word_1_23' title='bbox 1418 710 1586 791; x_wconf 78' lang='lat' dir='ltr'><strong>Augusti-</strong></span> 
     </span>
     <span class='ocr_line' id='line_1_4' title="bbox 359 817 1585 897; baseline 0.002 -18"><span class='ocrx_word' id='word_1_24' title='bbox 359 817 459 880; x_wconf 89' lang='lat' dir='ltr'><strong>uiani</strong></span> <span class='ocrx_word' id='word_1_25' title='bbox 478 818 661 895; x_wconf 88' lang='lat' dir='ltr'><strong>miserunt;</strong></span> <span class='ocrx_word' id='word_1_26' title='bbox 682 818 825 897; x_wconf 90' lang='lat' dir='ltr'><strong>quidam</strong></span> <span class='ocrx_word' id='word_1_27' title='bbox 847 819 957 881; x_wconf 87' lang='lat' dir='ltr'><strong>etiam</strong></span> <span class='ocrx_word' id='word_1_28' title='bbox 980 818 1123 881; x_wconf 90' lang='lat' dir='ltr'><strong>nomine</strong></span> <span class='ocrx_word' id='word_1_29' title='bbox 1144 819 1361 882; x_wconf 88' lang='lat' dir='ltr'><strong>vicariorum</strong></span> <span class='ocrx_word' id='word_1_30' title='bbox 1380 836 1424 881; x_wconf 90' lang='lat' dir='ltr'><strong>ac</strong></span> <span class='ocrx_word' id='word_1_31' title='bbox 1443 818 1585 881; x_wconf 83' lang='lat' dir='ltr'><strong>clerico</strong></span> 
     </span>
     <span class='ocr_line' id='line_1_5' title="bbox 360 923 1585 1006; baseline 0.002 -19"><span class='ocrx_word' id='word_1_32' title='bbox 360 940 441 987; x_wconf 90' lang='lat' dir='ltr'><strong>rum</strong></span> <span class='ocrx_word' id='word_1_33' title='bbox 453 924 604 987; x_wconf 88' lang='lat' dir='ltr'><strong>aliorum</strong></span> <span class='ocrx_word' id='word_1_34' title='bbox 619 923 770 987; x_wconf 81' lang='lat' dir='ltr'><strong>Romam</strong></span> <span class='ocrx_word' id='word_1_35' title='bbox 784 926 893 988; x_wconf 84' lang='lat' dir='ltr'><strong>ivisse</strong></span> <span class='ocrx_word' id='word_1_36' title='bbox 908 925 1104 1001; x_wconf 88' lang='lat' dir='ltr'><strong>dicebatur,</strong></span> <span class='ocrx_word' id='word_1_37' title='bbox 1120 926 1181 1005; x_wconf 91' lang='lat' dir='ltr'><strong>qui</strong></span> <span class='ocrx_word' id='word_1_38' title='bbox 1191 938 1288 989; x_wconf 91' lang='lat' dir='ltr'><strong>totus</strong></span> <span class='ocrx_word' id='word_1_39' title='bbox 1301 938 1380 992; x_wconf 89' lang='lat' dir='ltr'><strong>erat</strong></span> <span class='ocrx_word' id='word_1_40' title='bbox 1399 925 1585 1006; x_wconf 86' lang='lat' dir='ltr'><strong>Arcbiepi-</strong></span> 
     </span>
     <span class='ocr_line' id='line_1_6' title="bbox 360 1031 1586 1111; baseline 0.002 -18"><span class='ocrx_word' id='word_1_41' title='bbox 360 1032 473 1111; x_wconf 91' lang='lat' dir='ltr'><strong>scopi,</strong></span> <span class='ocrx_word' id='word_1_42' title='bbox 488 1042 523 1094; x_wconf 89' lang='lat' dir='ltr'><strong>et</strong></span> <span class='ocrx_word' id='word_1_43' title='bbox 538 1032 717 1094; x_wconf 82' lang='lat' dir='ltr'><strong>ferebatur</strong></span> <span class='ocrx_word' id='word_1_44' title='bbox 729 1033 943 1111; x_wconf 85' lang='lat' dir='ltr'><strong>quingentos</strong></span> <span class='ocrx_word' id='word_1_45' title='bbox 957 1050 1085 1095; x_wconf 88' lang='lat' dir='ltr'><strong>aureos</strong></span> <span class='ocrx_word' id='word_1_46' title='bbox 1105 1032 1138 1095; x_wconf 90' lang='lat' dir='ltr'><strong>ei</strong></span> <span class='ocrx_word' id='word_1_47' title='bbox 1158 1050 1238 1095; x_wconf 88' lang='lat' dir='ltr'><strong>esse</strong></span> <span class='ocrx_word' id='word_1_48' title='bbox 1257 1033 1362 1095; x_wconf 88' lang='lat' dir='ltr'><strong>datos</strong></span> <span class='ocrx_word' id='word_1_49' title='bbox 1384 1031 1430 1093; x_wconf 90' lang='lat' dir='ltr'><strong>ad</strong></span> <span class='ocrx_word' id='word_1_50' title='bbox 1447 1031 1586 1095; x_wconf 85' lang='lat' dir='ltr'><strong>initium</strong></span> 
     </span>
     <span class='ocr_line' id='line_1_7' title="bbox 360 1138 1586 1219; baseline 0.001 -18"><span class='ocrx_word' id='word_1_51' title='bbox 360 1155 609 1219; x_wconf 84' lang='lat' dir='ltr'><strong>expensarum.</strong></span> <span class='ocrx_word' id='word_1_52' title='bbox 625 1138 670 1201; x_wconf 91' lang='lat' dir='ltr'><strong>Et</strong></span> <span class='ocrx_word' id='word_1_53' title='bbox 684 1138 870 1202; x_wconf 82' lang='lat' dir='ltr'><strong>differebat</strong></span> <span class='ocrx_word' id='word_1_54' title='bbox 883 1139 1138 1219; x_wconf 83' lang='lat' dir='ltr'><strong>prosectionem</strong></span> <span class='ocrx_word' id='word_1_55' title='bbox 1151 1140 1196 1203; x_wconf 89' lang='lat' dir='ltr'><strong>ad</strong></span> <span class='ocrx_word' id='word_1_56' title='bbox 1207 1140 1342 1203; x_wconf 86' lang='lat' dir='ltr'><strong>curiam</strong></span> <span class='ocrx_word' id='word_1_57' title='bbox 1358 1138 1586 1203; x_wconf 88' lang='lat' dir='ltr'><strong>Gubernatri-</strong></span> 
     </span>
     <span class='ocr_line' id='line_1_8' title="bbox 357 1244 1586 1327; baseline 0.002 -20"><span class='ocrx_word' id='word_1_58' title='bbox 357 1246 415 1307; x_wconf 87' lang='lat' dir='ltr'><strong>cis</strong></span> <span class='ocrx_word' id='word_1_59' title='bbox 430 1245 553 1309; x_wconf 88' lang='lat' dir='ltr'><strong>Abbas</strong></span> <span class='ocrx_word' id='word_1_60' title='bbox 570 1244 757 1322; x_wconf 89' lang='lat' dir='ltr'><strong>Veruelae;</strong></span> <span class='ocrx_word' id='word_1_61' title='bbox 773 1245 836 1308; x_wconf 88' lang='lat' dir='ltr'><strong>sed</strong></span> <span class='ocrx_word' id='word_1_62' title='bbox 849 1246 881 1308; x_wconf 90' lang='lat' dir='ltr'><strong>si</strong></span> <span class='ocrx_word' id='word_1_63' title='bbox 895 1264 967 1309; x_wconf 92' lang='lat' dir='ltr'><strong>non</strong></span> <span class='ocrx_word' id='word_1_64' title='bbox 985 1247 1188 1325; x_wconf 80' lang='lat' dir='ltr'><strong>recedebat,</strong></span> <span class='ocrx_word' id='word_1_65' title='bbox 1205 1246 1311 1309; x_wconf 89' lang='lat' dir='ltr'><strong>lortia</strong></span> <span class='ocrx_word' id='word_1_66' title='bbox 1325 1258 1448 1310; x_wconf 89' lang='lat' dir='ltr'><strong>contra</strong></span> <span class='ocrx_word' id='word_1_67' title='bbox 1470 1248 1586 1327; x_wconf 87' lang='lat' dir='ltr'><strong>ipsum</strong></span> 
     </span>
     <span class='ocr_line' id='line_1_9' title="bbox 360 1351 1586 1433; baseline 0.002 -18"><span class='ocrx_word' id='word_1_68' title='bbox 360 1362 464 1415; x_wconf 85' lang='lat' dir='ltr'><strong>erant</strong></span> <span class='ocrx_word' id='word_1_69' title='bbox 476 1351 650 1430; x_wconf 72' lang='lat' dir='ltr'><strong>remedia,</strong></span> <span class='ocrx_word' id='word_1_70' title='bbox 671 1354 749 1431; x_wconf 88' lang='lat' dir='ltr'><strong>ipso</strong></span> <span class='ocrx_word' id='word_1_71' title='bbox 768 1364 888 1416; x_wconf 89' lang='lat' dir='ltr'><strong>autem</strong></span> <span class='ocrx_word' id='word_1_72' title='bbox 906 1353 1105 1432; x_wconf 87' lang='lat' dir='ltr'><strong>recedente,</strong></span> <span class='ocrx_word' id='word_1_73' title='bbox 1125 1353 1435 1433; x_wconf 80' lang='lat' dir='ltr'><strong>Caesaraugustae</strong></span> <span class='ocrx_word' id='word_1_74' title='bbox 1456 1354 1586 1431; x_wconf 92' lang='lat' dir='ltr'><strong>omnia,</strong></span> 
     </span>
     <span class='ocr_line' id='line_1_10' title="bbox 357 1458 1584 1541; baseline -0.003 -18"><span class='ocrx_word' id='word_1_75' title='bbox 357 1476 453 1538; x_wconf 85' lang='lat' dir='ltr'><strong>quae</strong></span> <span class='ocrx_word' id='word_1_76' title='bbox 467 1460 513 1522; x_wconf 89' lang='lat' dir='ltr'><strong>ad</strong></span> <span class='ocrx_word' id='word_1_77' title='bbox 528 1458 742 1523; x_wconf 88' lang='lat' dir='ltr'><strong>Societatem</strong></span> <span class='ocrx_word' id='word_1_78' title='bbox 756 1462 993 1541; x_wconf 87' lang='lat' dir='ltr'><strong>pertinebant,</strong></span> <span class='ocrx_word' id='word_1_79' title='bbox 1008 1476 1105 1524; x_wconf 87' lang='lat' dir='ltr'><strong>recte</strong></span> <span class='ocrx_word' id='word_1_80' title='bbox 1120 1461 1349 1541; x_wconf 84' lang='lat' dir='ltr'><strong>transigenda</strong></span> <span class='ocrx_word' id='word_1_81' title='bbox 1362 1462 1584 1540; x_wconf 84' lang='lat' dir='ltr'><strong>sperabatur.</strong></span> 
     </span>
     <span class='ocr_line' id='line_1_11' title="bbox 363 1566 1588 1649; baseline 0 -20"><span class='ocrx_word' id='word_1_82' title='bbox 363 1566 407 1630; x_wconf 89' lang='lat' dir='ltr'><strong>Et</strong></span> <span class='ocrx_word' id='word_1_83' title='bbox 421 1585 608 1647; x_wconf 90' lang='lat' dir='ltr'><strong>perunum</strong></span> <span class='ocrx_word' id='word_1_84' title='bbox 622 1586 666 1630; x_wconf 85' lang='lat' dir='ltr'><strong>ex</strong></span> <span class='ocrx_word' id='word_1_85' title='bbox 681 1568 951 1647; x_wconf 84' lang='lat' dir='ltr'><strong>inquisitoribus</strong></span> <span class='ocrx_word' id='word_1_86' title='bbox 966 1570 1228 1649; x_wconf 89' lang='lat' dir='ltr'><strong>procedendum</strong></span> <span class='ocrx_word' id='word_1_87' title='bbox 1243 1580 1321 1631; x_wconf 88' lang='lat' dir='ltr'><strong>erat</strong></span> <span class='ocrx_word' id='word_1_88' title='bbox 1333 1568 1378 1631; x_wconf 90' lang='lat' dir='ltr'><strong>ad</strong></span> <span class='ocrx_word' id='word_1_89' title='bbox 1392 1568 1588 1631; x_wconf 84' lang='lat' dir='ltr'><strong>revocatio·</strong></span> 
     </span>
     <span class='ocr_line' id='line_1_12' title="bbox 362 1672 1588 1755; baseline 0 -18"><span class='ocrx_word' id='word_1_90' title='bbox 362 1692 445 1737; x_wconf 88' lang='lat' dir='ltr'><strong>nem</strong></span> <span class='ocrx_word' id='word_1_91' title='bbox 459 1672 621 1755; x_wconf 88' lang='lat' dir='ltr'><strong>[eorum],</strong></span> <span class='ocrx_word' id='word_1_92' title='bbox 636 1692 728 1755; x_wconf 86' lang='lat' dir='ltr'><strong>quae</strong></span> <span class='ocrx_word' id='word_1_93' title='bbox 742 1688 869 1739; x_wconf 87' lang='lat' dir='ltr'><strong>contra</strong></span> <span class='ocrx_word' id='word_1_94' title='bbox 887 1674 1101 1739; x_wconf 88' lang='lat' dir='ltr'><strong>Societatem</strong></span> <span class='ocrx_word' id='word_1_95' title='bbox 1121 1675 1259 1739; x_wconf 77' lang='lat' dir='ltr'><strong>fuerant</strong></span> <span class='ocrx_word' id='word_1_96' title='bbox 1279 1684 1463 1738; x_wconf 85' lang='lat' dir='ltr'><strong>attentata.</strong></span> <span class='ocrx_word' id='word_1_97' title='bbox 1484 1674 1588 1737; x_wconf 84' lang='lat' dir='ltr'><strong>Mise-</strong></span> 
     </span>
     <span class='ocr_line' id='line_1_13' title="bbox 363 1780 1586 1863; baseline 0 -20"><span class='ocrx_word' id='word_1_98' title='bbox 363 1792 421 1844; x_wconf 89' lang='lat' dir='ltr'><strong>rat</strong></span> <span class='ocrx_word' id='word_1_99' title='bbox 435 1782 531 1845; x_wconf 89' lang='lat' dir='ltr'><strong>enim</strong></span> <span class='ocrx_word' id='word_1_100' title='bbox 548 1780 700 1843; x_wconf 90' lang='lat' dir='ltr'><strong>Nuntius</strong></span> <span class='ocrx_word' id='word_1_101' title='bbox 717 1780 946 1861; x_wconf 89' lang='lat' dir='ltr'><strong>Apostolicus</strong></span> <span class='ocrx_word' id='word_1_102' title='bbox 967 1783 1013 1846; x_wconf 91' lang='lat' dir='ltr'><strong>ad</strong></span> <span class='ocrx_word' id='word_1_103' title='bbox 1034 1784 1149 1862; x_wconf 90' lang='lat' dir='ltr'><strong>ipsum</strong></span> <span class='ocrx_word' id='word_1_104' title='bbox 1168 1781 1284 1846; x_wconf 85' lang='lat' dir='ltr'><strong>Breve</strong></span> <span class='ocrx_word' id='word_1_105' title='bbox 1304 1782 1493 1863; x_wconf 87' lang='lat' dir='ltr'><strong>quoddam,</strong></span> <span class='ocrx_word' id='word_1_106' title='bbox 1516 1799 1586 1844; x_wconf 93' lang='lat' dir='ltr'><strong>non</strong></span> 
     </span>
     <span class='ocr_line' id='line_1_14' title="bbox 363 1888 1588 1967; baseline -0.001 -17"><span class='ocrx_word' id='word_1_107' title='bbox 363 1888 479 1951; x_wconf 90' lang='lat' dir='ltr'><strong>solum</strong></span> <span class='ocrx_word' id='word_1_108' title='bbox 492 1891 538 1951; x_wconf 91' lang='lat' dir='ltr'><strong>ad</strong></span> <span class='ocrx_word' id='word_1_109' title='bbox 554 1888 841 1966; x_wconf 87' lang='lat' dir='ltr'><strong>cognoscendum</strong></span> <span class='ocrx_word' id='word_1_110' title='bbox 860 1906 1051 1967; x_wconf 90' lang='lat' dir='ltr'><strong>processus</strong></span> <span class='ocrx_word' id='word_1_111' title='bbox 1070 1889 1227 1965; x_wconf 89' lang='lat' dir='ltr'><strong>habitos,</strong></span> <span class='ocrx_word' id='word_1_112' title='bbox 1248 1889 1440 1952; x_wconf 87' lang='lat' dir='ltr'><strong>sedetiam</strong></span> <span class='ocrx_word' id='word_1_113' title='bbox 1460 1888 1506 1951; x_wconf 91' lang='lat' dir='ltr'><strong>ad</strong></span> <span class='ocrx_word' id='word_1_114' title='bbox 1526 1906 1588 1950; x_wconf 88' lang='lat' dir='ltr'><strong>eos</strong></span> 
     </span>
     <span class='ocr_line' id='line_1_15' title="bbox 363 1995 1327 2075; baseline -0.002 -16"><span class='ocrx_word' id='word_1_115' title='bbox 363 1995 573 2075; x_wconf 88' lang='lat' dir='ltr'><strong>puniendos,</strong></span> <span class='ocrx_word' id='word_1_116' title='bbox 588 1996 648 2075; x_wconf 91' lang='lat' dir='ltr'><strong>qui</strong></span> <span class='ocrx_word' id='word_1_117' title='bbox 661 1998 754 2058; x_wconf 91' lang='lat' dir='ltr'><strong>male</strong></span> <span class='ocrx_word' id='word_1_118' title='bbox 768 1995 804 2057; x_wconf 95' lang='lat' dir='ltr'><strong>in</strong></span> <span class='ocrx_word' id='word_1_119' title='bbox 818 1996 888 2057; x_wconf 91' lang='lat' dir='ltr'><strong>hoc</strong></span> <span class='ocrx_word' id='word_1_120' title='bbox 902 1997 1046 2075; x_wconf 86' lang='lat' dir='ltr'><strong>negotio</strong></span> <span class='ocrx_word' id='word_1_121' title='bbox 1058 1998 1327 2075; x_wconf 87' lang='lat' dir='ltr'><strong>processissent.</strong></span> 
     </span>
    </p>

    <p class='ocr_par' dir='ltr' id='par_1_3' title="bbox 362 2098 1590 3130">
     <span class='ocr_line' id='line_1_16' title="bbox 424 2098 1587 2183; baseline -0.002 -18"><span class='ocrx_word' id='word_1_122' title='bbox 424 2098 513 2165; x_wconf 79' lang='lat'>1091.</span> <span class='ocrx_word' id='word_1_123' title='bbox 556 2101 752 2166; x_wconf 85' lang='lat' dir='ltr'><strong>Constabat</strong></span> <span class='ocrx_word' id='word_1_124' title='bbox 773 2112 893 2165; x_wconf 89' lang='lat' dir='ltr'><strong>autem</strong></span> <span class='ocrx_word' id='word_1_125' title='bbox 912 2113 1056 2166; x_wconf 90' lang='lat' dir='ltr'><strong>nostros</strong></span> <span class='ocrx_word' id='word_1_126' title='bbox 1075 2103 1205 2183; x_wconf 92' lang='lat' dir='ltr'><strong>optime</strong></span> <span class='ocrx_word' id='word_1_127' title='bbox 1224 2102 1457 2183; x_wconf 73' lang='lat' dir='ltr'><strong>processisse,</strong></span> <span class='ocrx_word' id='word_1_128' title='bbox 1484 2112 1518 2164; x_wconf 90' lang='lat' dir='ltr'><strong>et</strong></span> <span class='ocrx_word' id='word_1_129' title='bbox 1538 2102 1587 2164; x_wconf 88' lang='lat' dir='ltr'><strong>ita</strong></span> 
     </span>
     <span class='ocr_line' id='line_1_17' title="bbox 362 2208 1589 2292; baseline -0.002 -20"><span class='ocrx_word' id='word_1_130' title='bbox 362 2227 429 2289; x_wconf 91' lang='lat' dir='ltr'><strong>pro</strong></span> <span class='ocrx_word' id='word_1_131' title='bbox 443 2221 541 2272; x_wconf 89' lang='lat' dir='ltr'><strong>certo</strong></span> <span class='ocrx_word' id='word_1_132' title='bbox 556 2210 753 2272; x_wconf 89' lang='lat' dir='ltr'><strong>habebatur</strong></span> <span class='ocrx_word' id='word_1_133' title='bbox 767 2226 939 2273; x_wconf 91' lang='lat' dir='ltr'><strong>censuras</strong></span> <span class='ocrx_word' id='word_1_134' title='bbox 953 2228 974 2271; x_wconf 90' lang='lat' dir='ltr'><strong>a</strong></span> <span class='ocrx_word' id='word_1_135' title='bbox 989 2220 1113 2273; x_wconf 91' lang='lat' dir='ltr'><strong>nostro</strong></span> <span class='ocrx_word' id='word_1_136' title='bbox 1126 2209 1251 2292; x_wconf 88' lang='lat' dir='ltr'><strong>Judice</strong></span> <span class='ocrx_word' id='word_1_137' title='bbox 1270 2211 1433 2273; x_wconf 89' lang='lat' dir='ltr'><strong>decretas</strong></span> <span class='ocrx_word' id='word_1_138' title='bbox 1453 2208 1589 2271; x_wconf 88' lang='lat' dir='ltr'><strong>validas</strong></span> 
     </span>
     <span class='ocr_line' id='line_1_18' title="bbox 362 2314 1589 2396; baseline -0.002 -17"><span class='ocrx_word' id='word_1_139' title='bbox 362 2316 474 2379; x_wconf 83' lang='lat' dir='ltr'><strong>luisse</strong></span> <span class='ocrx_word' id='word_1_140' title='bbox 488 2316 734 2393; x_wconf 86' lang='lat' dir='ltr'><strong>declarandas;</strong></span> <span class='ocrx_word' id='word_1_141' title='bbox 749 2319 866 2378; x_wconf 90' lang='lat' dir='ltr'><strong>nullas</strong></span> <span class='ocrx_word' id='word_1_142' title='bbox 875 2326 994 2379; x_wconf 89' lang='lat' dir='ltr'><strong>autem</strong></span> <span class='ocrx_word' id='word_1_143' title='bbox 1007 2334 1068 2379; x_wconf 89' lang='lat' dir='ltr'><strong>eas</strong></span> <span class='ocrx_word' id='word_1_144' title='bbox 1078 2332 1169 2396; x_wconf 88' lang='lat' dir='ltr'><strong>quae</strong></span> <span class='ocrx_word' id='word_1_145' title='bbox 1182 2328 1306 2379; x_wconf 90' lang='lat' dir='ltr'><strong>contra</strong></span> <span class='ocrx_word' id='word_1_146' title='bbox 1319 2330 1460 2379; x_wconf 87' lang='lat' dir='ltr'><strong>nostros</strong></span> <span class='ocrx_word' id='word_1_147' title='bbox 1471 2314 1589 2377; x_wconf 90' lang='lat' dir='ltr'><strong>decre·</strong></span> 
     </span>
     <span class='ocr_line' id='line_1_19' title="bbox 364 2422 1590 2503; baseline -0.001 -18"><span class='ocrx_word' id='word_1_148' title='bbox 364 2433 424 2485; x_wconf 87' lang='lat' dir='ltr'><strong>tae</strong></span> <span class='ocrx_word' id='word_1_149' title='bbox 438 2423 588 2486; x_wconf 81' lang='lat' dir='ltr'><strong>fuerant.</strong></span> <span class='ocrx_word' id='word_1_150' title='bbox 604 2422 674 2487; x_wconf 88' lang='lat' dir='ltr'><strong>Sed</strong></span> <span class='ocrx_word' id='word_1_151' title='bbox 689 2425 749 2486; x_wconf 85' lang='lat' dir='ltr'><strong>via</strong></span> <span class='ocrx_word' id='word_1_152' title='bbox 763 2424 1030 2502; x_wconf 83' lang='lat' dir='ltr'><strong>expeditissima</strong></span> <span class='ocrx_word' id='word_1_153' title='bbox 1046 2427 1124 2487; x_wconf 89' lang='lat' dir='ltr'><strong>visa</strong></span> <span class='ocrx_word' id='word_1_154' title='bbox 1147 2436 1216 2501; x_wconf 89' lang='lat' dir='ltr'><strong>est,</strong></span> <span class='ocrx_word' id='word_1_155' title='bbox 1235 2434 1271 2487; x_wconf 90' lang='lat' dir='ltr'><strong>ut</strong></span> <span class='ocrx_word' id='word_1_156' title='bbox 1290 2423 1590 2503; x_wconf 86' lang='lat' dir='ltr'><strong>Arcbiepiscopus</strong></span> 
     </span>
     <span class='ocr_line' id='line_1_20' title="bbox 362 2529 1589 2611; baseline -0.002 -18"><span class='ocrx_word' id='word_1_157' title='bbox 362 2530 566 2594; x_wconf 90' lang='lat' dir='ltr'><strong>declararet</strong></span> <span class='ocrx_word' id='word_1_158' title='bbox 585 2532 990 2593; x_wconf 82' lang='lat' dir='ltr'><strong>excommunicationem</strong></span> <span class='ocrx_word' id='word_1_159' title='bbox 1008 2548 1072 2611; x_wconf 90' lang='lat' dir='ltr'><strong>per</strong></span> <span class='ocrx_word' id='word_1_160' title='bbox 1091 2530 1337 2595; x_wconf 91' lang='lat' dir='ltr'><strong>Guardianum</strong></span> <span class='ocrx_word' id='word_1_161' title='bbox 1351 2529 1589 2594; x_wconf 83' lang='lat' dir='ltr'><strong>franciscano-</strong></span> 
     </span>
     <span class='ocr_line' id='line_1_21' title="bbox 362 2636 1590 2718; baseline -0.002 -17"><span class='ocrx_word' id='word_1_162' title='bbox 362 2654 442 2701; x_wconf 91' lang='lat' dir='ltr'><strong>rum</strong></span> <span class='ocrx_word' id='word_1_163' title='bbox 456 2638 577 2714; x_wconf 89' lang='lat' dir='ltr'><strong>latam,</strong></span> <span class='ocrx_word' id='word_1_164' title='bbox 594 2637 806 2701; x_wconf 88' lang='lat' dir='ltr'><strong>instantibus</strong></span> <span class='ocrx_word' id='word_1_165' title='bbox 821 2636 1105 2718; x_wconf 83' lang='lat' dir='ltr'><strong>Augustinianis,</strong></span> <span class='ocrx_word' id='word_1_166' title='bbox 1121 2648 1246 2702; x_wconf 89' lang='lat' dir='ltr'><strong>contra</strong></span> <span class='ocrx_word' id='word_1_167' title='bbox 1262 2636 1491 2716; x_wconf 88' lang='lat' dir='ltr'><strong>Societatem,</strong></span> <span class='ocrx_word' id='word_1_168' title='bbox 1515 2636 1590 2699; x_wconf 92' lang='lat' dir='ltr'><strong>nul·</strong></span> 
     </span>
     <span class='ocr_line' id='line_1_22' title="bbox 366 2744 1590 2825; baseline 0 -19"><span class='ocrx_word' id='word_1_169' title='bbox 366 2747 438 2807; x_wconf 90' lang='lat' dir='ltr'><strong>lam</strong></span> <span class='ocrx_word' id='word_1_170' title='bbox 452 2744 560 2807; x_wconf 83' lang='lat' dir='ltr'><strong>luisse</strong></span> <span class='ocrx_word' id='word_1_171' title='bbox 575 2756 720 2824; x_wconf 89' lang='lat' dir='ltr'><strong>propter</strong></span> <span class='ocrx_word' id='word_1_172' title='bbox 733 2745 977 2825; x_wconf 87' lang='lat' dir='ltr'><strong>interpositam</strong></span> <span class='ocrx_word' id='word_1_173' title='bbox 994 2746 1268 2825; x_wconf 90' lang='lat' dir='ltr'><strong>appellationem</strong></span> <span class='ocrx_word' id='word_1_174' title='bbox 1287 2745 1306 2804; x_wconf 91' lang='lat'><strong>¹.</strong></span> <span class='ocrx_word' id='word_1_175' title='bbox 1320 2745 1364 2808; x_wconf 91' lang='lat' dir='ltr'><strong>Et</strong></span> <span class='ocrx_word' id='word_1_176' title='bbox 1378 2745 1428 2806; x_wconf 88' lang='lat' dir='ltr'><strong>ita</strong></span> <span class='ocrx_word' id='word_1_177' title='bbox 1443 2761 1590 2824; x_wconf 89' lang='lat' dir='ltr'><strong>prorsus</strong></span> 
     </span>
     <span class='ocr_line' id='line_1_23' title="bbox 365 2850 1589 2932; baseline -0.002 -18"><span class='ocrx_word' id='word_1_178' title='bbox 365 2852 512 2928; x_wconf 83' lang='lat' dir='ltr'><strong>accidit;</strong></span> <span class='ocrx_word' id='word_1_179' title='bbox 543 2869 625 2914; x_wconf 89' lang='lat' dir='ltr'><strong>nam</strong></span> <span class='ocrx_word' id='word_1_180' title='bbox 653 2850 955 2932; x_wconf 88' lang='lat' dir='ltr'><strong>Arcltiepiscopus</strong></span> <span class='ocrx_word' id='word_1_181' title='bbox 983 2863 1144 2915; x_wconf 90' lang='lat' dir='ltr'><strong>nostram</strong></span> <span class='ocrx_word' id='word_1_182' title='bbox 1164 2850 1335 2930; x_wconf 89' lang='lat' dir='ltr'><strong>justitiam</strong></span> <span class='ocrx_word' id='word_1_183' title='bbox 1359 2852 1427 2914; x_wconf 89' lang='lat' dir='ltr'><strong>hac</strong></span> <span class='ocrx_word' id='word_1_184' title='bbox 1452 2851 1589 2913; x_wconf 87' lang='lat' dir='ltr'><strong>ratione</strong></span> 
     </span>
     <span class='ocr_line' id='line_1_24' title="bbox 364 2957 1589 3039; baseline -0.001 -18"><span class='ocrx_word' id='word_1_185' title='bbox 364 2975 429 3038; x_wconf 89' lang='lat' dir='ltr'><strong>per</strong></span> <span class='ocrx_word' id='word_1_186' title='bbox 443 2957 455 2989; x_wconf 86' lang='lat'><strong>¹</strong></span> <span class='ocrx_word' id='word_1_187' title='bbox 469 2975 570 3022; x_wconf 89' lang='lat' dir='ltr'><strong>suam</strong></span> <span class='ocrx_word' id='word_1_188' title='bbox 585 2961 798 3022; x_wconf 88' lang='lat' dir='ltr'><strong>sententiam</strong></span> <span class='ocrx_word' id='word_1_189' title='bbox 812 2960 1027 3038; x_wconf 88' lang='lat' dir='ltr'><strong>declaravit;</strong></span> <span class='ocrx_word' id='word_1_190' title='bbox 1044 2971 1078 3022; x_wconf 90' lang='lat' dir='ltr'><strong>et</strong></span> <span class='ocrx_word' id='word_1_191' title='bbox 1093 2977 1156 3039; x_wconf 88' lang='lat' dir='ltr'><strong>per</strong></span> <span class='ocrx_word' id='word_1_192' title='bbox 1173 2959 1342 3021; x_wconf 86' lang='lat' dir='ltr'><strong>ecclesias</strong></span> <span class='ocrx_word' id='word_1_193' title='bbox 1357 2978 1399 3022; x_wconf 89' lang='lat' dir='ltr'><strong>ea</strong></span> <span class='ocrx_word' id='word_1_194' title='bbox 1415 2969 1467 3020; x_wconf 92' lang='lat' dir='ltr'><strong>est</strong></span> <span class='ocrx_word' id='word_1_195' title='bbox 1482 2958 1589 3038; x_wconf 91' lang='lat' dir='ltr'><strong>publi·</strong></span> 
     </span>
     <span class='ocr_line' id='line_1_25' title="bbox 364 3063 486 3130; baseline 0.016 -2"><span class='ocrx_word' id='word_1_196' title='bbox 364 3074 449 3128; x_wconf 88' lang='lat' dir='ltr'><strong>cata</strong></span> <span class='ocrx_word' id='word_1_197' title='bbox 463 3063 486 3130; x_wconf 82' lang='lat'><strong>⁸.</strong></span> 
     </span>
    </p>

    <p class='ocr_par' dir='ltr' id='par_1_4' title="bbox 363 3171 1594 4108">
     <span class='ocr_line' id='line_1_26' title="bbox 426 3171 1591 3254; baseline 0 -20"><span class='ocrx_word' id='word_1_198' title='bbox 426 3171 514 3236; x_wconf 83' lang='lat'>1092.</span> <span class='ocrx_word' id='word_1_199' title='bbox 557 3173 603 3237; x_wconf 90' lang='lat' dir='ltr'><strong>Et</strong></span> <span class='ocrx_word' id='word_1_200' title='bbox 616 3175 700 3254; x_wconf 92' lang='lat' dir='ltr'><strong>quia</strong></span> <span class='ocrx_word' id='word_1_201' title='bbox 715 3175 970 3237; x_wconf 89' lang='lat' dir='ltr'><strong>consulendum</strong></span> <span class='ocrx_word' id='word_1_202' title='bbox 983 3185 1060 3236; x_wconf 89' lang='lat' dir='ltr'><strong>erat</strong></span> <span class='ocrx_word' id='word_1_203' title='bbox 1072 3188 1277 3237; x_wconf 89' lang='lat' dir='ltr'><strong>nostrorum</strong></span> <span class='ocrx_word' id='word_1_204' title='bbox 1288 3175 1402 3236; x_wconf 90' lang='lat' dir='ltr'><strong>bonae</strong></span> <span class='ocrx_word' id='word_1_205' title='bbox 1414 3173 1591 3235; x_wconf 81' lang='lat' dir='ltr'><strong>existima·</strong></span> 
     </span>
     <span class='ocr_line' id='line_1_27' title="bbox 363 3278 1592 3360; baseline -0.001 -20"><span class='ocrx_word' id='word_1_206' title='bbox 363 3278 453 3342; x_wconf 90' lang='lat' dir='ltr'><strong>tioni</strong></span> <span class='ocrx_word' id='word_1_207' title='bbox 467 3280 562 3359; x_wconf 87' lang='lat' dir='ltr'><strong>apud</strong></span> <span class='ocrx_word' id='word_1_208' title='bbox 576 3283 756 3360; x_wconf 91' lang='lat' dir='ltr'><strong>populum,</strong></span> <span class='ocrx_word' id='word_1_209' title='bbox 777 3281 1009 3360; x_wconf 85' lang='lat' dir='ltr'><strong>Magistratus</strong></span> <span class='ocrx_word' id='word_1_210' title='bbox 1028 3298 1071 3342; x_wconf 89' lang='lat' dir='ltr'><strong>ac</strong></span> <span class='ocrx_word' id='word_1_211' title='bbox 1092 3280 1245 3344; x_wconf 86' lang='lat' dir='ltr'><strong>Senatus</strong></span> <span class='ocrx_word' id='word_1_212' title='bbox 1264 3291 1407 3342; x_wconf 89' lang='lat' dir='ltr'><strong>nostros</strong></span> <span class='ocrx_word' id='word_1_213' title='bbox 1427 3297 1491 3359; x_wconf 87' lang='lat' dir='ltr'><strong>per</strong></span> <span class='ocrx_word' id='word_1_214' title='bbox 1505 3295 1592 3340; x_wconf 89' lang='lat' dir='ltr'><strong>nun·</strong></span> 
     </span>
     <span class='ocr_line' id='line_1_28' title="bbox 364 3386 1592 3468; baseline 0 -20"><span class='ocrx_word' id='word_1_215' title='bbox 364 3386 453 3449; x_wconf 87' lang='lat' dir='ltr'><strong>tium</strong></span> <span class='ocrx_word' id='word_1_216' title='bbox 467 3386 617 3449; x_wconf 90' lang='lat' dir='ltr'><strong>Pedrola</strong></span> <span class='ocrx_word' id='word_1_217' title='bbox 628 3398 792 3465; x_wconf 85' lang='lat' dir='ltr'><strong>evocant,</strong></span> <span class='ocrx_word' id='word_1_218' title='bbox 809 3388 1031 3451; x_wconf 88' lang='lat' dir='ltr'><strong>venientibus</strong></span> <span class='ocrx_word' id='word_1_219' title='bbox 1046 3388 1189 3450; x_wconf 90' lang='lat' dir='ltr'><strong>obviam</strong></span> <span class='ocrx_word' id='word_1_220' title='bbox 1205 3387 1413 3468; x_wconf 89' lang='lat' dir='ltr'><strong>procedunt,</strong></span> <span class='ocrx_word' id='word_1_221' title='bbox 1427 3396 1461 3448; x_wconf 94' lang='lat' dir='ltr'><strong>et</strong></span> <span class='ocrx_word' id='word_1_222' title='bbox 1473 3403 1592 3465; x_wconf 91' lang='lat' dir='ltr'><strong>quarn·</strong></span> 
     </span>
     <span class='ocr_line' id='line_1_29' title="bbox 366 3491 1590 3569; baseline 0 -16"><span class='ocrx_word' id='word_1_223' title='bbox 366 3492 422 3555; x_wconf 89' lang='lat' dir='ltr'><strong>vis</strong></span> <span class='ocrx_word' id='word_1_224' title='bbox 445 3494 559 3556; x_wconf 89' lang='lat' dir='ltr'><strong>nostri</strong></span> <span class='ocrx_word' id='word_1_225' title='bbox 577 3494 754 3557; x_wconf 89' lang='lat' dir='ltr'><strong>humiliter</strong></span> <span class='ocrx_word' id='word_1_226' title='bbox 775 3503 982 3556; x_wconf 88' lang='lat' dir='ltr'><strong>recusarent</strong></span> <span class='ocrx_word' id='word_1_227' title='bbox 1008 3511 1051 3556; x_wconf 89' lang='lat' dir='ltr'><strong>ne</strong></span> <span class='ocrx_word' id='word_1_228' title='bbox 1070 3494 1131 3556; x_wconf 90' lang='lat' dir='ltr'><strong>tali</strong></span> <span class='ocrx_word' id='word_1_229' title='bbox 1154 3511 1216 3557; x_wconf 89' lang='lat' dir='ltr'><strong>eos</strong></span> <span class='ocrx_word' id='word_1_230' title='bbox 1241 3495 1375 3556; x_wconf 88' lang='lat' dir='ltr'><strong>honore</strong></span> <span class='ocrx_word' id='word_1_231' title='bbox 1401 3491 1590 3569; x_wconf 86' lang='lat' dir='ltr'><strong>afficerent,</strong></span> 
     </span>
     <span class='ocr_line' id='line_1_30' title="bbox 364 3597 1592 3681; baseline -0.001 -20"><span class='ocrx_word' id='word_1_232' title='bbox 364 3609 483 3662; x_wconf 88' lang='lat' dir='ltr'><strong>tamen</strong></span> <span class='ocrx_word' id='word_1_233' title='bbox 497 3600 688 3680; x_wconf 87' lang='lat' dir='ltr'><strong>impetrare</strong></span> <span class='ocrx_word' id='word_1_234' title='bbox 702 3601 738 3664; x_wconf 92' lang='lat' dir='ltr'><strong>id</strong></span> <span class='ocrx_word' id='word_1_235' title='bbox 752 3601 895 3664; x_wconf 86' lang='lat' dir='ltr'><strong>minime</strong></span> <span class='ocrx_word' id='word_1_236' title='bbox 911 3610 1113 3681; x_wconf 88' lang='lat' dir='ltr'><strong>potuerunt;</strong></span> <span class='ocrx_word' id='word_1_237' title='bbox 1132 3601 1382 3664; x_wconf 88' lang='lat' dir='ltr'><strong>contumeliam</strong></span> <span class='ocrx_word' id='word_1_238' title='bbox 1397 3601 1490 3663; x_wconf 90' lang='lat' dir='ltr'><strong>enim</strong></span> <span class='ocrx_word' id='word_1_239' title='bbox 1505 3597 1592 3680; x_wconf 91' lang='lat' dir='ltr'><strong>ipsis</strong></span> 
     </span>
     <span class='ocr_line' id='line_1_31' title="bbox 365 3704 1592 3788; baseline 0.002 -22"><span class='ocrx_word' id='word_1_240' title='bbox 365 3704 493 3784; x_wconf 88' lang='lat' dir='ltr'><strong>injuste</strong></span> <span class='ocrx_word' id='word_1_241' title='bbox 504 3707 639 3770; x_wconf 90' lang='lat' dir='ltr'><strong>illatam</strong></span> <span class='ocrx_word' id='word_1_242' title='bbox 650 3706 744 3786; x_wconf 87' lang='lat' dir='ltr'><strong>justo</strong></span> <span class='ocrx_word' id='word_1_243' title='bbox 756 3708 890 3770; x_wconf 89' lang='lat' dir='ltr'><strong>honore</strong></span> <span class='ocrx_word' id='word_1_244' title='bbox 898 3707 1198 3788; x_wconf 88' lang='lat' dir='ltr'><strong>compensandam</strong></span> <span class='ocrx_word' id='word_1_245' title='bbox 1210 3723 1288 3770; x_wconf 88' lang='lat' dir='ltr'><strong>esse</strong></span> <span class='ocrx_word' id='word_1_246' title='bbox 1299 3707 1474 3784; x_wconf 91' lang='lat' dir='ltr'><strong>dicebant,</strong></span> <span class='ocrx_word' id='word_1_247' title='bbox 1487 3707 1592 3785; x_wconf 87' lang='lat' dir='ltr'><strong>immo</strong></span> 
     </span>
     <span class='ocr_line' id='line_1_32' title="bbox 364 3812 1592 3896; baseline 0.001 -22"><span class='ocrx_word' id='word_1_248' title='bbox 364 3823 400 3874; x_wconf 88' lang='lat' dir='ltr'><strong>et</strong></span> <span class='ocrx_word' id='word_1_249' title='bbox 415 3813 683 3876; x_wconf 87' lang='lat' dir='ltr'><strong>obliterandam.</strong></span> <span class='ocrx_word' id='word_1_250' title='bbox 700 3812 756 3876; x_wconf 93' lang='lat' dir='ltr'><strong>Ad</strong></span> <span class='ocrx_word' id='word_1_251' title='bbox 768 3824 909 3893; x_wconf 89' lang='lat' dir='ltr'><strong>portam</strong></span> <span class='ocrx_word' id='word_1_252' title='bbox 924 3831 1035 3896; x_wconf 90' lang='lat' dir='ltr'><strong>usque</strong></span> <span class='ocrx_word' id='word_1_253' title='bbox 1061 3815 1181 3894; x_wconf 88' lang='lat' dir='ltr'><strong>igitur,</strong></span> <span class='ocrx_word' id='word_1_254' title='bbox 1209 3823 1350 3894; x_wconf 87' lang='lat' dir='ltr'><strong>praeter</strong></span> <span class='ocrx_word' id='word_1_255' title='bbox 1375 3812 1592 3893; x_wconf 88' lang='lat' dir='ltr'><strong>Episcopum</strong></span> 
     </span>
     <span class='ocr_line' id='line_1_33' title="bbox 366 3917 1593 4003; baseline 0 -21"><span class='ocrx_word' id='word_1_256' title='bbox 366 3917 561 3982; x_wconf 88' lang='lat' dir='ltr'><strong>Oscensem</strong></span> <span class='ocrx_word' id='word_1_257' title='bbox 576 3919 598 3998; x_wconf 85' lang='lat'><strong>⁴,</strong></span> <span class='ocrx_word' id='word_1_258' title='bbox 615 3919 859 4000; x_wconf 84' lang='lat' dir='ltr'><strong>Magistratus,</strong></span> <span class='ocrx_word' id='word_1_259' title='bbox 877 3920 1020 4002; x_wconf 87' lang='lat' dir='ltr'><strong>Justitia</strong></span> <span class='ocrx_word' id='word_1_260' title='bbox 1035 3921 1170 3985; x_wconf 90' lang='lat' dir='ltr'><strong>scilicet</strong></span> <span class='ocrx_word' id='word_1_261' title='bbox 1190 3921 1407 4001; x_wconf 86' lang='lat' dir='ltr'><strong>Aragoniae,</strong></span> <span class='ocrx_word' id='word_1_262' title='bbox 1428 3920 1543 4003; x_wconf 76' lang='lat' dir='ltr'><strong>jurati</strong></span> <span class='ocrx_word' id='word_1_263' title='bbox 1558 3930 1593 3982; x_wconf 87' lang='lat' dir='ltr'><strong>et</strong></span> 
     </span>
     <span class='ocr_line' id='line_1_34' title="bbox 367 4023 1594 4108; baseline 0.001 -20"><span class='ocrx_word' id='word_1_264' title='bbox 367 4023 535 4105; x_wconf 90' lang='lat' dir='ltr'><strong>Deputati</strong></span> <span class='ocrx_word' id='word_1_265' title='bbox 549 4029 661 4106; x_wconf 83' lang='lat' dir='ltr'><strong>regni,</strong></span> <span class='ocrx_word' id='word_1_266' title='bbox 683 4028 798 4090; x_wconf 90' lang='lat' dir='ltr'><strong>etalii</strong></span> <span class='ocrx_word' id='word_1_267' title='bbox 824 4027 991 4092; x_wconf 88' lang='lat' dir='ltr'><strong>officiales</strong></span> <span class='ocrx_word' id='word_1_268' title='bbox 1017 4029 1117 4108; x_wconf 85' lang='lat' dir='ltr'><strong>regii,</strong></span> <span class='ocrx_word' id='word_1_269' title='bbox 1134 4047 1177 4092; x_wconf 90' lang='lat' dir='ltr'><strong>ac</strong></span> <span class='ocrx_word' id='word_1_270' title='bbox 1198 4027 1210 4058; x_wconf 79' lang='lat'>³</span> <span class='ocrx_word' id='word_1_271' title='bbox 1233 4027 1443 4092; x_wconf 86' lang='lat' dir='ltr'><strong>nobilissimi</strong></span> <span class='ocrx_word' id='word_1_272' title='bbox 1466 4027 1594 4108; x_wconf 88' lang='lat' dir='ltr'><strong>quique</strong></span> 
     </span>
    </p>
   </div>
   <div class='ocr_carea' id='block_1_3' title="bbox 375 4219 575 4230">
    <p class='ocr_par' dir='ltr' id='par_1_5' title="bbox 375 4219 575 4230">
     <span class='ocr_line' id='line_1_35' title="bbox 375 4219 575 4230; baseline 0.01 -2"><span class='ocrx_word' id='word_1_273' title='bbox 375 4219 575 4230; x_wconf 77' lang='lat'><em>—-——.——</em></span> 
     </span>
    </p>
   </div>
   <div class='ocr_carea' id='block_1_4' title="bbox 364 4338 1598 4756">
    <p class='ocr_par' dir='ltr' id='par_1_6' title="bbox 364 4338 1598 4464">
     <span class='ocr_line' id='line_1_36' title="bbox 408 4338 1598 4400; baseline 0.006 -18"><span class='ocrx_word' id='word_1_274' title='bbox 408 4338 417 4371; x_wconf 90' lang='lat'><strong>¹</strong></span> <span class='ocrx_word' id='word_1_275' title='bbox 446 4338 539 4383; x_wconf 90' lang='lat' dir='ltr'><strong>Totum</strong></span> <span class='ocrx_word' id='word_1_276' title='bbox 551 4341 608 4395; x_wconf 85' lang='lat' dir='ltr'><strong>boc,</strong></span> <span class='ocrx_word' id='word_1_277' title='bbox 619 4353 634 4384; x_wconf 84' lang='lat' dir='ltr'><strong>a</strong></span> <span class='ocrx_word' id='word_1_278' title='bbox 644 4342 752 4386; x_wconf 83' lang='lat' dir='ltr'><strong>vocibus</strong></span> <span class='ocrx_word' id='word_1_279' title='bbox 764 4342 816 4385; x_wconf 81' lang='lat' dir='ltr'><strong>Sed</strong></span> <span class='ocrx_word' id='word_1_280' title='bbox 826 4344 881 4392; x_wconf 80' lang='lat' dir='ltr'><strong>via,</strong></span> <span class='ocrx_word' id='word_1_281' title='bbox 889 4353 967 4384; x_wconf 78' lang='lat' dir='ltr'><strong>manu</strong></span> <span class='ocrx_word' id='word_1_282' title='bbox 978 4342 1083 4396; x_wconf 88' lang='lat' dir='ltr'><strong>propria</strong></span> <span class='ocrx_word' id='word_1_283' title='bbox 1094 4342 1202 4386; x_wconf 80' lang='lat' dir='ltr'><strong>irseruit</strong></span> <span class='ocrx_word' id='word_1_284' title='bbox 1212 4341 1416 4387; x_wconf 71' lang='lat' dir='ltr'><strong>Putamus-Cf.</strong></span> <span class='ocrx_word' id='word_1_285' title='bbox 1427 4355 1506 4399; x_wconf 79' lang='lat' dir='ltr'><strong>supra</strong></span> <span class='ocrx_word' id='word_1_286' title='bbox 1516 4345 1598 4400; x_wconf 86' lang='lat' dir='ltr'><strong>dicttt,</strong></span> 
     </span>
     <span class='ocr_line' id='line_1_37' title="bbox 364 4411 600 4464; baseline 0.008 -10"><span class='ocrx_word' id='word_1_287' title='bbox 364 4421 427 4464; x_wconf 69' lang='lat' dir='ltr'><strong>pag.</strong></span> <span class='ocrx_word' id='word_1_288' title='bbox 438 4411 486 4462; x_wconf 71' lang='grc'><strong>404,</strong></span> <span class='ocrx_word' id='word_1_289' title='bbox 504 4423 528 4455; x_wconf 90' lang='lat' dir='ltr'><strong>n.</strong></span> <span class='ocrx_word' id='word_1_290' title='bbox 542 4412 600 4456; x_wconf 74' lang='lat' dir='ltr'><strong>toet.</strong></span> 
     </span>
    </p>

    <p class='ocr_par' dir='ltr' id='par_1_7' title="bbox 407 4483 1258 4540">
     <span class='ocr_line' id='line_1_38' title="bbox 407 4483 1258 4540; baseline 0.005 -14"><span class='ocrx_word' id='word_1_291' title='bbox 407 4483 418 4513; x_wconf 80' lang='lat'><strong>¹</strong></span> <span class='ocrx_word' id='word_1_292' title='bbox 444 4483 515 4527; x_wconf 82' lang='lat' dir='ltr'><strong>Haec</strong></span> <span class='ocrx_word' id='word_1_293' title='bbox 525 4485 605 4527; x_wconf 86' lang='lat' dir='ltr'><strong>etiam</strong></span> <span class='ocrx_word' id='word_1_294' title='bbox 615 4487 743 4529; x_wconf 76' lang='lat' dir='ltr'><strong>vocabula</strong></span> <span class='ocrx_word' id='word_1_295' title='bbox 752 4487 803 4530; x_wconf 82' lang='lat' dir='ltr'><strong>hac</strong></span> <span class='ocrx_word' id='word_1_296' title='bbox 813 4487 918 4529; x_wconf 81' lang='lat' dir='ltr'><strong>ratione</strong></span> <span class='ocrx_word' id='word_1_297' title='bbox 925 4491 978 4540; x_wconf 82' lang='lat' dir='ltr'><strong>per</strong></span> <span class='ocrx_word' id='word_1_298' title='bbox 987 4493 1046 4528; x_wconf 84' lang='lat' dir='ltr'><strong>sunt</strong></span> <span class='ocrx_word' id='word_1_299' title='bbox 1057 4485 1162 4529; x_wconf 85' lang='lat' dir='ltr'><strong>Polttncl</strong></span> <span class='ocrx_word' id='word_1_300' title='bbox 1173 4497 1258 4530; x_wconf 86' lang='lat' dir='ltr'><strong>manu.</strong></span> 
     </span>
    </p>

    <p class='ocr_par' dir='ltr' id='par_1_8' title="bbox 407 4552 1338 4613">
     <span class='ocr_line' id='line_1_39' title="bbox 407 4552 1338 4613; baseline 0.005 -15"><span class='ocrx_word' id='word_1_301' title='bbox 407 4552 419 4585; x_wconf 74' lang='lat'><strong>³</strong></span> <span class='ocrx_word' id='word_1_302' title='bbox 447 4558 473 4598; x_wconf 84' lang='lat' dir='ltr'><strong>et</strong></span> <span class='ocrx_word' id='word_1_303' title='bbox 480 4561 532 4609; x_wconf 84' lang='lat' dir='ltr'><strong>per</strong></span> <span class='ocrx_word' id='word_1_304' title='bbox 542 4556 670 4600; x_wconf 85' lang='lat' dir='ltr'><strong>ecclesias</strong></span> <span class='ocrx_word' id='word_1_305' title='bbox 680 4561 720 4600; x_wconf 82' lang='lat' dir='ltr'><strong>est</strong></span> <span class='ocrx_word' id='word_1_306' title='bbox 728 4559 878 4613; x_wconf 71' lang='lat' dir='ltr'><strong>publicata.</strong></span> <span class='ocrx_word' id='word_1_307' title='bbox 890 4556 1018 4601; x_wconf 80' lang='lat' dir='ltr'><strong>Polancus</strong></span> <span class='ocrx_word' id='word_1_308' title='bbox 1028 4557 1083 4610; x_wconf 85' lang='lat' dir='ltr'><strong>ipse</strong></span> <span class='ocrx_word' id='word_1_309' title='bbox 1095 4558 1127 4600; x_wconf 90' lang='lat' dir='ltr'><strong>ad</strong></span> <span class='ocrx_word' id='word_1_310' title='bbox 1136 4569 1208 4602; x_wconf 80' lang='lat' dir='ltr'><strong>oram</strong></span> <span class='ocrx_word' id='word_1_311' title='bbox 1219 4560 1338 4612; x_wconf 81' lang='lat' dir='ltr'><strong>paginae.</strong></span> 
     </span>
    </p>

    <p class='ocr_par' dir='ltr' id='par_1_9' title="bbox 407 4626 1246 4684">
     <span class='ocr_line' id='line_1_40' title="bbox 407 4626 1246 4684; baseline 0.006 -16"><span class='ocrx_word' id='word_1_312' title='bbox 407 4626 419 4658; x_wconf 80' lang='lat'><strong>⁴</strong></span> <span class='ocrx_word' id='word_1_313' title='bbox 444 4633 557 4682; x_wconf 80' lang='lat' dir='ltr'><strong>praeter</strong></span> <span class='ocrx_word' id='word_1_314' title='bbox 567 4628 731 4684; x_wconf 81' lang='lat' dir='ltr'><strong>Episcopum</strong></span> <span class='ocrx_word' id='word_1_315' title='bbox 744 4630 895 4674; x_wconf 83' lang='lat' dir='ltr'><strong>Oscensem.</strong></span> <span class='ocrx_word' id='word_1_316' title='bbox 905 4629 1035 4672; x_wconf 82' lang='lat' dir='ltr'><strong>Poiancus</strong></span> <span class='ocrx_word' id='word_1_317' title='bbox 1045 4640 1122 4673; x_wconf 87' lang='lat' dir='ltr'><strong>manu</strong></span> <span class='ocrx_word' id='word_1_318' title='bbox 1133 4631 1246 4684; x_wconf 87' lang='lat' dir='ltr'><strong>propria.</strong></span> 
     </span>
    </p>

    <p class='ocr_par' dir='ltr' id='par_1_10' title="bbox 404 4699 1101 4756">
     <span class='ocr_line' id='line_1_41' title="bbox 404 4699 1101 4756; baseline 0 -12"><span class='ocrx_word' id='word_1_319' title='bbox 404 4699 418 4732; x_wconf 80' lang='lat'>⁸</span> <span class='ocrx_word' id='word_1_320' title='bbox 443 4699 606 4756; x_wconf 83' lang='lat' dir='ltr'><strong>lustitia.....</strong></span> <span class='ocrx_word' id='word_1_321' title='bbox 617 4704 695 4756; x_wconf 75' lang='lat' dir='ltr'><strong>regii,</strong></span> <span class='ocrx_word' id='word_1_322' title='bbox 705 4713 745 4746; x_wconf 84' lang='lat' dir='ltr'><strong>nc.</strong></span> <span class='ocrx_word' id='word_1_323' title='bbox 757 4703 884 4746; x_wconf 81' lang='lat' dir='ltr'><strong>Polttncus</strong></span> <span class='ocrx_word' id='word_1_324' title='bbox 893 4712 970 4745; x_wconf 81' lang='lat' dir='ltr'><strong>manu</strong></span> <span class='ocrx_word' id='word_1_325' title='bbox 987 4701 1101 4754; x_wconf 89' lang='lat' dir='ltr'><strong>propria.</strong></span> 
     </span>
    </p>
   </div>
   <div class='ocr_carea' id='block_1_5' title="bbox 0 0 1871 5396">
    <p class='ocr_par' dir='ltr' id='par_1_11' title="bbox 0 0 1871 5396">
     <span class='ocr_line' id='line_1_42' title="bbox 0 0 1871 5396; baseline 0 0"><span class='ocrx_word' id='word_1_326' title='bbox 0 0 1871 5396; x_wconf 95' lang='lat' dir='ltr'><strong> </strong></span> 
     </span>
    </p>
   </div>
  </div>
 </body>
</html>
