3717 5400
349 458 405 518 280
806 457 935 520 Cuaou.
955 459 1034 542 Soc,
1053 461 1123 532 Jas.

352 603 513 684 tinuisse,
529 604 623 686 quod
637 615 797 686 speraret
812 621 915 670 suum
939 607 1098 683 fratrem,
1121 608 1180 688 qui
1195 625 1260 670 nec
1286 608 1495 686 rationibuS,
1512 627 1579 674 nec

353 711 479 776 morbo
493 712 626 775 sororis
640 712 777 776 moveri
792 723 968 794 potuerat,
986 723 1064 792 post
1079 714 1190 795 ipsius
1204 724 1366 793 mortem,
1378 733 1443 796 pro
1455 714 1583 780 adver·

353 819 461 897 sario,
477 831 647 900 patronus
661 828 696 883 et
717 819 879 884 defensor
898 821 1038 884 futurus
1054 832 1147 884 esset
1163 819 1366 900 Societatis,
1387 821 1488 900 cuius
1503 839 1582 887 ora·

355 924 507 989 tionibus
521 927 624 989 unice
638 944 677 990 se
692 928 975 1006 commendabat;
988 937 1023 991 et
1036 928 1125 990 haec
1141 929 1264 992 ultima
1278 928 1389 992 verba
1404 929 1449 992 ab
1463 945 1507 991 ea
1521 947 1583 994 au·

355 1031 444 1095 divit
458 1031 497 1096 P.
512 1033 730 1110 Leonardus
748 1035 911 1114 quamvis
926 1044 1078 1115 quatuor
1094 1035 1173 1098 aliis
1187 1035 1313 1098 diebus
1323 1053 1395 1099 non
1406 1035 1583 1116 loquendo

354 1138 392 1202 in
407 1155 522 1218 agone
537 1139 652 1204 suerit.
675 1139 719 1204 Et
740 1158 820 1204 cum
840 1142 983 1222 plurimi
1006 1159 1086 1206 eam
1110 1142 1311 1220 visitarent,
1336 1142 1434 1205 sama
1448 1159 1512 1221 per
1527 1159 1584 1206 ur·

353 1245 434 1309 bem
446 1263 573 1326 sparsa
585 1256 649 1323 cst,
666 1249 758 1328 quod
774 1266 819 1310 ex
834 1247 1094 1326 afflictionibus,
1110 1265 1199 1327 quas
1218 1267 1240 1312 a
1259 1248 1370 1313 fratre
1390 1266 1454 1311 suo
1475 1265 1584 1328 passa

353 1363 443 1432 erat,
458 1364 667 1434 moreretur,
684 1355 745 1416 sed
759 1356 862 1419 tertia
874 1354 963 1418 seria
975 1365 1055 1436 post
1065 1356 1302 1436 Epiphaniam
1313 1355 1471 1434 Domini,
1483 1354 1583 1420 finito

358 1477 462 1524 sacro
477 1471 511 1524 et
525 1471 672 1541 accepta
688 1463 791 1526 simul
808 1461 1040 1538 absolutione,
1057 1463 1225 1540 migravit
1242 1463 1288 1526 ad
1302 1462 1495 1526 Dominum
1512 1462 1533 1541 ¹3
1549 1471 1585 1526 et

357 1569 529 1649 sequenti,
545 1586 626 1632 cum
638 1585 770 1648 magna
786 1569 975 1632 devotione
986 1581 1020 1633 et
1028 1570 1225 1650 frequentia
1237 1569 1431 1647 hominum,
1444 1571 1584 1650 sepulta

357 1676 462 1738 estin
477 1677 607 1756 templo
621 1674 771 1740 fratrum
791 1676 980 1739 minorum.
997 1676 1083 1740 Erat
1102 1678 1197 1740 enim
1211 1695 1257 1740 ex
1271 1677 1485 1758 primoribus
1500 1676 1585 1740 civi-

359 1782 442 1844 tatis
456 1795 491 1845 et
505 1782 627 1846 vivum
643 1785 825 1863 exemplar
839 1783 1034 1862 patientiae
1050 1801 1093 1847 ac
1107 1784 1279 1847 virtutum
1292 1800 1404 1863 usque
1419 1784 1455 1846 in
1466 1782 1583 1846 tinem.

414 1887 484 1950 767.
528 1889 663 1954 Eodem
688 1889 744 1952 die
770 1906 852 1952 cum
884 1890 1080 1953 amicorum
1113 1890 1262 1954 consilio
1291 1888 1318 1952 P
1363 1889 1583 1964 Leonardus,

356 1995 607 2058 comitantibus
627 1995 751 2058 amicis
772 1995 983 2076 quibusdam
1008 1996 1260 2060 ecclesiasticis
1274 2014 1317 2059 ac
1331 1996 1521 2073 nobilibus,
1537 1995 1584 2060 ad

356 2105 541 2166 consulum
555 2103 699 2166 domum
713 2121 750 2165 se
766 2103 913 2181 confert,
928 2104 987 2167 ubi
999 2111 1095 2166 totus
1106 2120 1187 2165 eum
1198 2112 1344 2166 senatus
1360 2102 1583 2183 expectabat,

340 2209 517 2289 ,dixitque
531 2227 570 2273 se
585 2209 800 2273 intellexisse
824 2211 994 2274 nuncium
1019 2226 1097 2272 esse
1123 2208 1167 2272 ab
1189 2209 1240 2272 eis
1260 2209 1408 2272 missum
1432 2219 1470 2272 ut
1495 2209 1585 2288 ipso·

357 2317 592 2380 rumnomine
606 2316 823 2396 significaret
849 2317 915 2380 sibi
940 2325 978 2378 ut
1000 2335 1044 2378 ex
1069 2317 1156 2380 urbe
1180 2316 1376 2394 recederet,
1402 2332 1532 2394 cupere
1547 2331 1586 2377 se

356 2424 513 2487 rationes
538 2423 641 2502 scire,
665 2440 756 2504 quae
782 2424 878 2504 ipsos
905 2433 1109 2502 moverent;
1132 2440 1215 2486 nam
1238 2423 1269 2485 si
1294 2422 1383 2485 bene
1405 2420 1585 2486 informati

355 2541 486 2608 essent,
502 2547 572 2594 non
587 2530 750 2594 dubitare
771 2549 809 2593 se
831 2531 927 2610 quod
951 2530 1164 2594 sententiam
1184 2538 1302 2592 essent
1321 2529 1501 2592 mutaturi.
1519 2527 1586 2592 Ob·

356 2637 434 2701 tulit
449 2637 556 2701 etiam
568 2639 705 2702 litteras
725 2639 952 2719 apostolicas
973 2638 1100 2719 quibus
1119 2637 1162 2700 de
1184 2635 1453 2701 confirmatione
1469 2634 1586 2701 Socie⁴

356 2746 440 2807 tatis
454 2754 488 2809 et
503 2744 758 2825 approbatione
772 2754 965 2810 constaret.
986 2743 1056 2809 Sed
1080 2745 1130 2807 illi
1155 2760 1217 2807 eas
1242 2744 1364 2807 videre
1379 2745 1581 2821 noluerunt;

356 2852 419 2914 sed
433 2861 570 2915 tantum
584 2851 756 2933 quasdam
770 2868 900 2915 causas
915 2854 1088 2931 legerunt,
1108 2865 1254 2932 propter
1275 2867 1364 2931 quas
1383 2868 1465 2913 eum
1485 2848 1585 2929 ejice·

356 2969 447 3022 rent:
467 2958 597 3040 prima,
624 2959 718 3038 quod
737 2959 801 3022 sub
827 2976 1014 3040 vesperam
1040 2958 1223 3022 civitatem
1237 2958 1361 3022 fuisset
1390 2958 1586 3036 ingressum

360 3066 516 3128 secunda
530 3066 625 3145 quod
636 3064 777 3128 fecisset
797 3066 1056 3143 conventicula;
1083 3066 1187 3128 tertia
1213 3065 1306 3144 quod
1330 3066 1522 3127 excitasset
1535 3074 1586 3126 tu·

359 3173 508 3235 multum
522 3174 558 3236 in
573 3173 727 3236 civitate.
744 3170 933 3235 Addebant
948 3181 983 3234 et
998 3172 1099 3249 aliaS,
1116 3170 1209 3251 quod
1230 3172 1318 3234 satis
1336 3173 1467 3235 multos
1488 3170 1587 3251 spiri·

356 3281 471 3343 tuales
484 3280 766 3356 concionatores,
786 3288 819 3341 et
834 3278 1012 3355 doctoreS,
1034 3279 1262 3356 monasteria,
1283 3286 1318 3341 et
1337 3277 1536 3358 religiosos,
1553 3289 1588 3340 et

357 3402 531 3466 pauperes
547 3386 716 3449 baberent
731 3380 752 3447 ¹.
769 3382 839 3449 Sed
858 3402 939 3448 cum
959 3385 1174 3464 respondere
1200 3384 1375 3464 coepisset
1395 3394 1430 3447 et
1452 3384 1589 3465 primas

359 3493 440 3555 illas
454 3492 610 3556 rationes
624 3508 696 3555 non
709 3509 788 3555 esse
803 3508 909 3554 veras
926 3492 1139 3569 ostenderet,
1155 3491 1243 3554 nihil
1258 3508 1381 3554 eorum
1392 3508 1430 3553 se
1441 3491 1589 3554 credere

359 3599 600 3673 ostenderunt;
618 3608 652 3662 et
666 3616 733 3662 nec
747 3598 890 3661 Patrem
914 3598 1140 3661 Leonardum
1151 3616 1217 3661 nec
1227 3597 1336 3661 alium
1350 3598 1393 3660 de
1409 3595 1589 3661 Societate

361 3704 574 3784 Noviomagi
589 3706 828 3769 habitaturum
854 3722 944 3783 esse;
971 3714 1005 3767 et
1030 3705 1124 3784 quod
1149 3714 1232 3767 ante
1256 3703 1349 3767 diem
1375 3702 1589 3767 dominicam

361 3823 566 3893 sequentem
580 3830 624 3874 ex
639 3813 724 3875 urbe
740 3812 911 3873 decedere
927 3810 1080 3873 deberet.
1108 3810 1196 3873 Cum
1221 3821 1339 3874 autem
1364 3811 1589 3873 animadver-

361 3928 454 3982 teret
469 3918 508 3981 P.
524 3918 732 3982 Leonardus
747 3936 784 3981 se
807 3918 895 3981 nihil
914 3916 1099 3999 proficere,
1121 3918 1313 3981 condolens
1332 3920 1457 3981 amicis
1475 3934 1590 3981 reces-

360 4029 416 4091 sit.
433 4026 640 4107 Superiores
655 4026 906 4105 religiosorum
923 4035 957 4088 et
972 4024 1142 4104 majorem
1155 4035 1294 4105 partem
1305 4026 1528 4105 superiorum
1543 4026 1590 4089 ci·

366 4134 500 4213 vitatis,
517 4133 577 4213 qui
591 4132 664 4195 fere
679 4133 867 4195 lutherana
884 4132 1025 4195 haeresi
1040 4131 1160 4195 iniecti
1174 4143 1286 4207 erant,
1303 4134 1514 4196 nullomodo
1528 4132 1591 4197 So·

367 4242 530 4304 cietatem
545 4239 638 4303 ferre
653 4255 758 4319 posse
773 4239 958 4301 intellexit.

400 4556 407 4585 ¹
440 4553 506 4597 l'ide
519 4552 642 4597 Litterae
652 4553 883 4605 Qetauranestres,
893 4560 914 4597 t.
927 4563 964 4599 nr.
975 4564 1032 4605 pag.
1042 4550 1090 4595 251.

403 4628 413 4656 ἐ
441 4625 508 4669 Vide
517 4624 729 4679 Baauisoaanua,
741 4626 758 4669 l.
769 4636 799 4676 c..
811 4635 875 4679 pag.
892 4624 1105 4667 leb-Nonnullis
1114 4636 1147 4668 ex
1161 4624 1202 4668 his
1217 4624 1360 4669 rationibus
1374 4626 1508 4679 respondit
1517 4625 1594 4671 Cani·

362 4698 416 4740 sius
426 4697 522 4741 litteris
532 4696 704 4740 wichmanno
715 4696 812 4739 consuli
824 4695 892 4739 datis
903 4696 951 4738 23.Ι
962 4694 1030 4742 Mali.
