3717 5400
778 554 843 609 All.
865 548 937 609 1556
1407 543 1473 610 '515

237 700 355 774 batur,
377 700 495 777 potius
517 715 623 778 quam
649 714 772 760 eorum
797 696 891 760 votis
911 697 1176 778 acquiescebat,
1198 705 1376 759 eteorum
1394 698 1471 759 vul-

239 822 327 869 nera
343 814 503 885 retegere
518 803 715 869 conabatur
731 814 768 867 ut
784 814 1005 867 curarentur.

302 910 391 975 1402.
435 910 634 975 Conciones
649 912 693 974 ab
709 927 751 974 eo
770 910 973 992 frequentes
995 911 1214 992 petebantur,
1237 928 1319 974 cum
1338 913 1472 993 alioqui

240 1038 283 1083 ea
303 1020 433 1083 civitas
457 1018 613 1098 egregiis
632 1018 944 1082 concionatoribus
970 1018 1177 1082 abundaret.
1200 1018 1330 1082 Tribus
1351 1030 1472 1083 autem

239 1126 448 1190 monialium
463 1126 700 1201 monasteriis
717 1142 808 1204 quae
822 1125 1001 1206 Episcopo
1015 1123 1171 1204 subjecta
1186 1137 1299 1205 erant,
1312 1127 1388 1189 sine
1400 1128 1471 1189 alio

240 1234 382 1314 populo,
400 1232 543 1312 saepius
557 1232 847 1312 concionabatur,
861 1230 1019 1311 ejusdem
1029 1232 1302 1314 Archiepiscopi
1313 1234 1468 1307 hortatu;

240 1358 345 1422 quem
359 1338 560 1419 hujusmodi
575 1339 766 1403 conciones
782 1352 817 1402 et
839 1339 1081 1403 consessiones
1100 1341 1306 1403 monialium
1324 1357 1470 1419 magno·

240 1465 323 1527 pere
335 1447 596 1525 devinciebant,
610 1446 704 1526 quod
717 1446 960 1527 experimento
973 1457 1153 1511 constaret
1169 1448 1364 1527 perutiliter
1376 1449 1469 1512 hanc

240 1572 386 1635 operam
400 1554 486 1635 ipsis
501 1553 657 1632 impendi
675 1552 694 1616 ¹.
711 1552 749 1616 P.
772 1570 859 1617 vero
878 1552 1126 1633 provincialis,
1149 1554 1313 1635 quamvis
1335 1572 1471 1635 paucos

238 1662 314 1726 dies
337 1660 518 1725 Granatae
544 1668 794 1738 commoratus
822 1660 960 1724 audivit
984 1660 1210 1725 nihilominus
1234 1660 1471 1741 quarumdam

238 1770 487 1850 religiosarum
498 1770 684 1849 generales
696 1767 949 1846 consessiones,
963 1786 1027 1849 per
1038 1786 1127 1849 quas
1139 1769 1313 1833 Dominus
1325 1786 1471 1848 magno·

238 1894 322 1959 pere
337 1877 557 1958 spiritualem
572 1891 695 1939 earum
709 1873 908 1955 profectum
923 1877 1112 1954 promovit,
1130 1875 1220 1940 adeo
1242 1886 1279 1940 ut
1299 1894 1390 1957 quae
1402 1878 1474 1940 illis

239 1994 430 2065 praeerant
446 1984 747 2064 obstupescerent.
767 1981 935 2064 Reliquae
950 1992 1078 2060 autem,
1093 2000 1183 2063 quae
1198 1983 1384 2047 confessae
1398 2001 1472 2047 non

238 2092 390 2167 fuerant,
407 2090 573 2168 fructum,
590 2108 695 2171 quem
710 2108 853 2154 sorores
868 2102 1049 2171 ceperant,
1066 2092 1253 2166 intuentes,
1271 2108 1341 2155 non
1354 2093 1469 2154 solum

239 2216 300 2263 eas
315 2200 458 2276 imitari,
475 2199 538 2262 sed
552 2198 749 2278 spiritualia
765 2198 936 2262 exercitia
947 2199 1129 2279 suscipere
1148 2198 1348 2278 cupiebant.
1371 2196 1472 2277 Quae

240 2314 360 2370 autem
393 2306 471 2370 aliis
504 2314 690 2386 praeerat,
721 2306 883 2368 omnibus
916 2304 1100 2385 praedicta
1123 2306 1295 2369 exercitia
1319 2306 1470 2385 proponi

238 2428 456 2493 magnopere
478 2413 634 2494 optabat.
661 2421 695 2475 et
720 2412 798 2492 ipsa
823 2412 963 2493 praeire
982 2413 1145 2492 exemplo
1163 2412 1320 2493 reliquas
1340 2413 1470 2475 consti·

242 2529 371 2584 tuerat.

282 2626 370 2691 1403.
414 2626 483 2692 Sed
498 2628 623 2691 messis
638 2628 748 2690 multa
765 2644 785 2689 a
800 2637 873 2690 tam
889 2626 1012 2708 paucis
1027 2626 1201 2707 operariis
1222 2627 1342 2708 colligi
1361 2626 1470 2689 facile

238 2752 310 2798 non
325 2745 474 2817 poterat.
492 2734 693 2799 Mirandum
708 2751 780 2797 non
795 2745 849 2798 est
864 2735 959 2814 quod
973 2733 1276 2815 Archiepiscopus
1290 2735 1408 2813 potius
1422 2733 1470 2798 ad

237 2845 406 2923 populum
437 2841 670 2923 Hispanicum
685 2841 721 2905 in
743 2841 932 2904 virtutibus
950 2841 1151 2922 juvandum
1169 2857 1207 2904 se
1229 2851 1467 2920 converteret,

238 2965 344 3030 quam
360 2949 405 3013 ad
421 2949 629 3029 neophytos,
644 2965 795 3029 quorum
807 2947 880 3011 dlxi
891 2948 1019 3029 viginti
1031 2947 1141 3011 millia
1153 2947 1366 3011 familiarum
1379 2947 1470 3012 Gra·

238 3065 343 3121 natae
359 3056 496 3120 versari
510 3055 533 3134 ²,
550 3071 633 3119 nam
648 3054 691 3118 de
706 3055 834 3119 horum
845 3054 1091 3118 emendatione
1103 3071 1203 3135 spem
1213 3055 1471 3136 propemodum

131 3233 135 3242 ,
239 3163 477 3244 desponderat
492 3159 514 3226 ¹.

282 3269 369 3334 1404.
414 3269 643 3333 Accedebant
654 3269 767 3332 nostri
777 3269 984 3350 plerumque
995 3268 1041 3332 ad
1052 3269 1290 3332 consolandos
1299 3279 1335 3332 et
1343 3269 1469 3350 juvan-

238 3378 303 3442 dos
328 3377 497 3455 infirmos,
525 3376 572 3440 ad
597 3391 761 3439 carceres
783 3384 901 3438 autem
926 3392 999 3437 non
1025 3374 1171 3455 perinde
1195 3384 1374 3456 poterant,
1399 3376 1472 3440 duo

237 3485 332 3549 enim
343 3483 447 3548 valde
458 3483 638 3547 numerosi
647 3483 828 3546 Granatac
840 3490 933 3559 sunt,
948 3484 1038 3546 alter
1049 3483 1218 3559 civitatis,
1230 3484 1320 3546 alter
1333 3483 1471 3562 Regiae

237 3591 367 3656 Curiae
380 3588 404 3669 ⁴,
421 3591 457 3654 in
473 3605 562 3672 quos
577 3589 677 3653 multi
691 3588 847 3670 quotidie
869 3586 1116 3669 conjiciuntur;
1138 3589 1214 3652 dies
1230 3589 1325 3653 enim
1341 3589 1472 3671 aliquis

237 3699 385 3779 luitquo
397 3706 539 3761 centum
550 3696 926 3779 supraquinquaginta
938 3697 974 3759 in
984 3698 1134 3759 alteram
1145 3713 1190 3760 ex
1201 3695 1340 3760 duabus
1350 3706 1471 3762 custo·

237 3806 306 3870 diis
320 3805 446 3869 inclusi
461 3803 615 3868 suerunt.
632 3801 753 3882 ltaque
773 3803 900 3866 messis
915 3803 976 3866 illa
990 3818 1121 3883 magna
1138 3811 1226 3882 erat;
1249 3801 1312 3866 sed
1328 3819 1401 3866 non
1416 3801 1470 3868 ia·

238 3915 304 3978 oile
319 3913 432 3977 nostri
446 3913 479 3976 ei
492 3927 557 3992 pro
573 3911 790 3974 inclusorum
808 3909 955 3973 arbitrio
969 3925 1103 3973 vacare
1118 3919 1294 3989 poterant.

280 4019 366 4084 1405.
411 4018 588 4082 Putabant
603 4016 710 4096 aliqui
725 4015 811 4079 nihil
826 4015 947 4079 utilius
961 4014 1178 4080 Societatem
1192 4026 1353 4081 nostram
1367 4033 1472 4098 prae·

236 4137 332 4192 stare
342 4143 458 4208 posse,
475 4125 626 4204 quamsi
641 4124 711 4187 duo
726 4121 773 4186 ibi
788 4122 941 4202 collegia
955 4123 1256 4186 constituerentur
1271 4140 1354 4188 cum
1368 4126 1470 4189 scho-

236 4235 292 4311 lis,
308 4249 459 4314 quarum
476 4233 588 4295 altera
603 4229 744 4309 legendi
759 4238 793 4292 et
806 4228 984 4293 scribendi
996 4229 1171 4293 rationem
1182 4229 1337 4309 doceret,
1355 4233 1471 4295 altera

276 4438 285 4472 Ι
315 4437 381 4481 Vide
390 4447 479 4491 supra,
490 4447 553 4490 pag.
564 4435 613 4486 51²,
624 4447 640 4478 n
660 4433 720 4478 1895.

276 4509 288 4542 ¹
314 4507 382 4552 Vide
393 4519 479 4562 supra.
488 4519 548 4563 pag.
560 4507 608 4562 50⁶,
619 4519 644 4551 ιι.
657 4506 719 4551 1881.

275 4578 288 4612 ⁸
314 4579 449 4634 Temporis
458 4585 547 4625 tamen
557 4579 667 4624 decursu
676 4579 767 4622 borum
782 4577 972 4632 neophytorum
987 4577 1127 4630 speclalem
1143 4589 1232 4623 curam
1244 4580 1328 4633 gessit
1342 4579 1473 4634 Socletas,

235 4663 283 4697 nec
293 4651 347 4695 alne
358 4661 446 4696 eorum
457 4651 544 4706 aliquo
553 4651 681 4705 prolecto,
691 4655 720 4693 ut
730 4649 819 4694 videre
831 4655 870 4692 est
881 4647 950 4703 apud
960 4647 1017 4692 Ros
1026 4653 1054 4692 et
1062 4647 1235 4705 Ssurrvaflsz,
1245 4653 1402 4706 praesertlm
1410 4652 1472 4696 duta

235 4735 279 4769 ree
289 4729 378 4779 gestu·
387 4729 512 4768 enarrant
524 4723 612 4767 Patris
622 4722 729 4775 Joannls
741 4723 772 4765 de
783 4721 921 4765 Albotodo.

276 4797 288 4829 ⁴
314 4794 348 4840 111
359 4805 480 4840 carceres
490 4795 643 4839 dicebantur
654 4794 681 4837 lu
692 4793 779 4838 carcer
787 4794 820 4837 de
827 4793 855 4836 la
864 4791 969 4836 Cludad
976 4803 995 4846 y
1003 4791 1031 4834 la
1042 4791 1131 4836 carrel
1138 4792 1171 4835 de
1178 4793 1207 4836 la
1218 4793 1288 4838 Real
1298 4793 1472 4841 cancillerla.
