3717 5400
360 458 416 518 390
819 459 946 520 ennon.
967 457 1044 517 Soc.
1065 458 1135 530 Jss.

359 607 434 686 jam
449 607 589 670 titulum
604 617 805 670 mutaverat
820 606 857 668 in
879 604 1018 668 Ducem
1031 603 1218 668 Franchae
1238 605 1356 686 villae,
1375 605 1383 636 ¹
1399 617 1434 669 et
1453 625 1517 670 suo
1533 625 1598 688 ge-

362 731 461 791 nero,
478 713 524 776 D.
536 712 735 793 Ruigomez
749 711 772 790 ²,
790 713 930 775 comitis
945 712 1140 775 Melitensis
1154 712 1294 776 titulum
1305 713 1553 793 resignaverat
1566 713 1595 793 ³)

363 821 688 898 Caesaraugustam
700 819 816 896 rediit,
829 829 863 882 et
879 819 1011 882 nostris
1025 819 1182 882 subsidio
1194 819 1269 898 suit,
1283 819 1378 901 apud
1388 838 1479 900 quos
1490 823 1594 884 multi

363 928 433 991 viri
459 927 620 1007 primarii
650 935 875 989 sacramenta
907 925 1141 989 confessionis
1171 937 1206 989 et
1238 928 1495 990 communionis
1523 927 1590 992 ite-

363 1035 593 1115 quentabant.

426 1140 514 1204 1054.
557 1141 645 1205 Cum
661 1151 778 1204 autem
794 1141 991 1220 accepisset
1004 1140 1153 1218 litteras,
1171 1142 1297 1222 quibus
1311 1141 1354 1205 de
1369 1142 1512 1205 decreto
1527 1141 1590 1205 Pa·

364 1249 504 1312 risiensi
517 1249 630 1312 nostri
643 1247 925 1311 admonebantur
937 1257 971 1310 et
989 1245 1065 1326 ejus
1078 1250 1240 1328 exempla
1260 1248 1500 1328 mittebantur,
1520 1250 1591 1312 exi·

363 1356 531 1420 stimabat
547 1354 626 1417 ‘ille
641 1353 653 1385 ¹⁵
669 1355 713 1418 ab
728 1353 1009 1435 Archiepiscopo
1024 1355 1195 1418 Toletano
1206 1353 1218 1387 ⁸
1230 1363 1264 1418 et
1278 1354 1389 1418 fratre
1400 1355 1595 1420 Melchiore

364 1463 462 1527 Cano
477 1463 544 1526 hoc
560 1464 742 1526 decretum
758 1461 914 1540 adjutum
929 1462 1051 1542 fuisse;
1064 1480 1146 1525 nam
1161 1461 1235 1526 sere
1250 1463 1386 1540 eadem,
1400 1480 1490 1543 quae
1501 1465 1538 1526 in
1549 1482 1597 1528 eo

364 1571 605 1646 continentur,
622 1570 671 1632 illi
686 1582 811 1632 contra
828 1568 1040 1633 Societatem
1056 1569 1233 1633 adducere
1252 1571 1424 1650 solebant,
1446 1581 1480 1633 et
1498 1571 1589 1634 inter

365 1679 465 1758 alios,
477 1677 588 1740 frater
600 1677 781 1740 Fresneda
791 1677 813 1754 ⁷,
826 1676 934 1755 Regis
943 1676 1092 1757 Philippi
1103 1676 1356 1756 confessarius,
1369 1687 1493 1757 postea
1505 1676 1599 1742 Con*

366 1785 507 1848 chensis
521 1784 718 1864 Episcopus
732 1801 774 1846 ac
790 1783 1029 1848 Cordubensis
1043 1782 1066 1862 ⁸,
1083 1801 1206 1846 coram
1220 1783 1264 1847 D.
1282 1783 1478 1861 Ruigomez
1497 1785 1591 1849 simi·

364 1893 412 1955 lia
424 1894 533 1954 semel
558 1892 658 1954 dixit.
686 1890 774 1955 Cum
801 1899 919 1954 tamen
945 1890 1086 1954 Patrem
1105 1891 1275 1954 Tablares
1301 1890 1506 1970 audivisset,
1531 1893 1590 1971 qui

365 2008 450 2062 tunc
461 1999 530 2061 illis
546 1998 680 2076 aderat,
698 1996 920 2062 satisfactum
936 1999 1003 2062 sibi
1018 1998 1216 2062 affirmabat
1241 2016 1284 2060 ac
1306 2014 1409 2060 suum
1430 1997 1591 2074 favorem

364 2123 407 2168 ac
422 2105 594 2168 auxilium
607 2117 680 2168 tum
692 2105 728 2167 in
742 2105 972 2167 concionibus
984 2123 1025 2166 ac
1038 2105 1188 2184 privatis
1199 2104 1383 2184 colloquiis
1394 2104 1555 2183 promisit
1566 2103 1595 2172 ⁹„

366 2212 367 2216 ’
426 2209 513 2274 1055.
559 2211 860 2291 Archiepiscopus
873 2211 948 2291 ipse
960 2210 1164 2289 Toletanus,
1180 2211 1344 2291 quamvis
1355 2211 1493 2289 publice
1505 2211 1592 2274 nihil

363 2329 488 2382 contra
504 2317 720 2381 Societatem
734 2327 898 2396 tentaret,
917 2334 1042 2396 parum
1057 2335 1095 2380 se
1110 2318 1284 2381 fautorem
1300 2317 1431 2381 nostris
1446 2318 1593 2398 praebe-

363 2426 435 2504 bat,
451 2442 517 2488 nec
534 2434 652 2487 tamen
667 2425 949 2504 contradicebat,
970 2434 1005 2487 et
1026 2425 1143 2504 potius
1162 2425 1419 2487 humanitatem
1442 2427 1592 2489 exterio·

363 2549 438 2594 rem
453 2531 586 2594 nostris
600 2531 801 2594 exhibebat.

425 2637 513 2701 1056.
557 2637 659 2718 Quod
678 2648 798 2703 autem
815 2638 854 2700 P.
876 2638 996 2703 Canus
1020 2641 1116 2704 nulla
1130 2639 1267 2703 ratione
1288 2640 1500 2704 sententiam
1518 2657 1594 2703 mu«

300 2782 306 2817 ῃ
361 2756 465 2825 taret,
482 2746 550 2809 hoc
571 2744 645 2825 ejus
662 2756 811 2809 naturae
826 2747 1062 2825 tribuebatur,
1078 2766 1170 2827 quae
1183 2748 1382 2827 angelicam
1398 2747 1596 2828 apprehen*

361 2855 497 2916 sionem
513 2853 766 2916 immutabilem
781 2853 965 2917 dicebatur
977 2854 1107 2917 imitari
1121 2854 1154 2914 ¹⁰.
1168 2853 1237 2918 Sed
1253 2856 1345 2919 hanc
1357 2854 1596 2921 Parisiensem

404 3114 412 3145 ¹
442 3112 509 3156 Vide
519 3124 607 3167 supra,
618 3120 637 3155 t.
649 3124 682 3163 tv,
692 3112 718 3155 in
729 3112 816 3155 Indice
826 3124 904 3156 voees
914 3112 1080 3156 Huriadode
1091 3112 1222 3157 Mandata

402 3186 412 3217 1
440 3186 507 3229 Vide
516 3186 673 3240 praesertim
683 3196 772 3239 supra,
783 3190 804 3228 t.
818 3196 853 3237 tv,
865 3196 925 3239 pag.
936 3185 984 3235 288,
994 3192 1082 3229 annot.
1091 3185 1113 3239 2,
1122 3191 1147 3228 et
1159 3196 1221 3240 pag.
1229 3186 1278 3239 ³70,
1289 3199 1312 3229 n.
1322 3186 1374 3230 789.

400 3260 410 3287 ⁵
439 3257 505 3301 Vide
516 3268 613 3310 n.seq.,
625 3257 742 3300 annoni.

400 3332 411 3362 ⁴
438 3328 484 3373 Ma.
495 3330 575 3373 habet
586 3330 628 3372 hle
641 3330 814 3373 exi'stimabui
826 3332 929 3383 autem,·
939 3329 984 3373 sed
995 3330 1043 3372 hoc
1053 3331 1145 3373 autem
1155 3330 1300 3373 redundare
1311 3328 1424 3373 videtur.

401 3402 412 3432 ⁵
438 3400 480 3444 Ex
490 3401 530 3452 lis,
546 3412 612 3455 quae
622 3401 772 3444 immediate
783 3410 934 3455 sequnntur.
950 3401 1035 3444 evinci
1045 3402 1111 3444 satis
1122 3404 1194 3445 clare
1209 3402 1313 3445 videtur
1324 3413 1387 3446 voce
1397 3403 1448 3447 hac
1460 3402 1506 3445 ilie
1517 3402 1588 3445 intet-

363 3473 493 3527 ligendum
501 3484 557 3517 esse
568 3472 672 3515 Patrem
683 3472 790 3516 Petrum
800 3474 830 3515 de
842 3472 977 3516 Tablares.

402 3543 414 3574 θ
442 3543 539 3595 Joanne
550 3542 676 3587 Martinez
688 3542 789 3596 Siliceo,
801 3544 891 3597 dequo
900 3544 954 3597 jam
965 3543 1116 3597 saepissime
1128 3544 1154 3586 ln
1165 3545 1214 3587 boc
1225 3544 1360 3587 Chronico.

403 3615 414 3644 ⁷
443 3614 487 3657 Fr.
499 3614 648 3658 Bernardns
658 3615 688 3657 de
700 3613 841 3667 Fresneda,
850 3614 879 3658 Ο.
887 3614 913 3658 S.
925 3614 955 3657 F.
964 3613 1030 3658 Vide
1045 3614 1193 3667 Deseruere,
1201 3614 1434 3659 L'etabttssement
1444 3615 1477 3659 de
1485 3616 1511 3657 ia
1521 3614 1600 3659 Coena

362 3688 462 3741 pugnis
473 3686 506 3729 de
516 3685 598 3741 stus
609 3686 679 3729 dans
689 3686 729 3728 les
739 3686 887 3739 hys-Bas,
898 3698 959 3740 pag.
968 3686 1003 3739 33,
1012 3694 1100 3730 annot.
1112 3688 1131 3729 l.

400 3758 413 3791 ⁸
440 3758 578 3801 Promotus
589 3757 637 3801 iult
647 3758 726 3801 etiam
737 3757 770 3800 ad
782 3758 1038 3813 Archieplscopalem
1049 3758 1186 3802 ecclesiam
1197 3758 1478 3812 caesaraugustanam,
1489 3765 1518 3803 ut
1527 3760 1598 3803 bene

362 3830 441 3873 hahet
453 3829 600 3883 Deeratne,
610 3830 627 3872 l.
638 3840 670 3882 c.;
681 3840 772 3872 verum
783 3830 838 3882 eius
848 3830 1036 3883 possessionem
1046 3840 1095 3873 non
1104 3828 1197 3883 adivit,
1213 3831 1270 3874 ideo
1285 3831 1353 3874 lnter
1368 3830 1594 3883 caesarauguste-

360 3913 406 3944 nos
421 3901 638 3954 ,archiepiscopos
652 3912 702 3943 non
718 3909 868 3945 recensetur
879 3914 895 3944 a
910 3900 993 3953 Garis,
1009 3912 1056 3945 nec
1067 3913 1083 3945 a
1093 3901 1210 3956 pluribus
1226 3903 1293 3945 aliis.
1309 3902 1468 3946 Recensetur
1479 3909 1565 3948 tamen
1574 3917 1590 3947 a

360 3974 557 4026 diligentissimo
567 3970 607 4015 La
618 3970 729 4024 Forum.
742 3973 864 4015 Historia
876 3973 1044 4016 eclesiastica
1054 3974 1088 4016 de
1101 3974 1220 4027 Espaaa,
1232 3982 1250 4018 t.
1262 3986 1288 4026 v,
1299 3986 1358 4029 pag.
1370 3975 1419 4017 572.

400 4044 412 4077 ⁹
439 4044 488 4088 “m
503 4042 544 4087 Sr.
561 4044 618 4099 Ruy
634 4042 739 4096 domei,
749 4056 783 4101 ya
799 4044 886 4087 conde
898 4046 928 4087 de
945 4044 1078 4091 Melitose
1089 4046 1214 4089 escrlblrd
1224 4047 1249 4089 lo
1264 4058 1312 4099 qne
1324 4046 1357 4088 V.
1368 4046 1398 4089 R.
1408 4055 1508 4102 apunta
1520 4054 1593 4091 entre

362 4126 435 4160 otras
451 4126 533 4179 cosas,
545 4128 562 4171 y
578 4116 692 4159 tamhien
710 4118 735 4159 nl
747 4116 786 4159 Sr.
800 4115 904 4172 Vlrrey,
921 4128 1022 4171 auoque
1037 4128 1069 4160 no
1082 4128 1130 4170 por
1143 4124 1253 4161 ventura
1268 4128 1316 4161 con
1326 4124 1381 4161 este
1392 4130 1492 4174 correo,
1503 4130 1551 4173 que
1562 4130 1594 4161 no

361 4200 421 4232 creo
430 4198 477 4231 nos
488 4188 553 4231 dara
564 4189 650 4241 lugat.
664 4186 797 4232 Tendrase
813 4188 938 4233 memoria
955 4189 1101 4242 particular
1110 4191 1192 4240 (como
1207 4200 1234 4232 se
1250 4189 1284 4233 ha
1295 4190 1381 4233 tenido
1391 4192 1469 4234 hasta
1479 4192 1551 4246 aqui)
1563 4192 1595 4234 de

360 4261 532 4304 encomendar
543 4261 558 4301 a
570 4258 605 4303 Su
616 4258 685 4303 Stia.
699 4271 754 4315 ysu
765 4260 918 4303 llustrlslma
927 4271 989 4303 cass
1001 4272 1060 4317 muy
1071 4261 1270 4315 especialmentc
1282 4264 1298 4305 a
1308 4260 1372 4305 Dios
1382 4262 1494 4305 Nuestro
1504 4261 1596 4308 Sellor.

361 4338 377 4375 a
387 4332 463 4387 quien
472 4334 550 4385 plega
561 4332 643 4375 haber
661 4332 727 4376 dado
738 4332 812 4374 salud
823 4335 838 4373 a
849 4332 875 4374 11
891 4330 949 4375 Sra.
961 4331 1035 4375 Dona
1046 4332 1113 4381 Ana.
1129 4343 1202 4376 como
1219 4343 1284 4386 para
1300 4344 1330 4375 su
1345 4332 1433 4377 divino
1447 4333 1560 4377 servicio
1570 4336 1601 4377 lo

361 4404 519 4457 deseamos.„
529 4404 666 4454 Poluncus,
678 4414 710 4446 ex
720 4414 795 4455 com„
805 4402 876 4447 Patri
888 4402 966 4446 Petro
976 4404 1006 4446 de
1018 4403 1152 4453 Tablares.
1160 4403 1241 4459 tituil
1253 4405 1376 4448 losa-Et
1384 4404 1453 4449 inira
1464 4405 1490 4449 in
1498 4406 1594 4449 eisdem

362 4476 465 4519 litteris:
476 4474 592 4519 “Cuanto
602 4477 628 4518 al
639 4476 744 4518 decreto
755 4476 900 4519 Parislense
912 4486 944 4519 no
955 4487 982 4518 es
992 4477 1023 4518 de
1032 4475 1186 4519 maravillar
1198 4487 1229 4518 en
1240 4478 1351 4531 algunas
1366 4488 1442 4521 cosas
1459 4488 1602 4531 conventa

362 4559 410 4591 con
421 4548 460 4591 101
471 4554 610 4601 conceptos
620 4548 650 4591 de
661 4548 699 4590 los
710 4559 758 4601 que
769 4559 815 4591 son
826 4548 943 4591 movldos
953 4548 984 4590 de
994 4548 1151 4603 semejantes
1161 4559 1253 4591 caesim
1264 4561 1295 4592 en
1306 4560 1363 4592 esos
1373 4550 1481 4603 reinos,.

397 4618 420 4650 ¹⁰
447 4617 513 4661 Vide
525 4617 688 4673 Cunantuao,
705 4616 770 4662 Vitia
782 4620 826 4663 del
835 4618 922 4663 ritmo.
934 4619 976 4664 Sr.
987 4618 1020 4662 D.
1031 4620 1076 4663 Fr.
1087 4618 1291 4663 Melchorcano.
1300 4620 1363 4675 Cap.
1371 4632 1417 4676 xu,
1427 4621 1601 4665 Condiciones

362 4693 524 4747 ycardcter.
