3717 5400
867 518 932 577 Aa.
954 518 1024 576 155³»
1503 516 1561 579 533

391 665 479 728 1454.
523 665 619 730 Misit
633 664 730 729 Patri
745 664 884 745 Ignatio
899 665 1100 745 exemplum
1115 665 1327 742 donationis
1343 681 1451 745 quam
1466 661 1557 727 Mar·-

325 771 507 837 chionissa
532 773 576 835 de
601 771 730 851 Priego
753 782 787 835 et
802 770 846 835 D.
874 772 1057 850 Theresia‚
1078 770 1154 851 ejus
1175 789 1279 835 soror
1298 770 1319 850 ',
1340 772 1375 835 in
1394 773 1556 836 savorem

327 878 403 961 ejus
429 880 570 959 collegii
594 880 764 957 fecerant,
792 879 886 961 quod
909 878 1091 943 Montillae
1116 880 1279 943 inchoari
1300 879 1500 959 cupiebant;
1523 887 1558 942 et

328 986 530 1068 quindecim
545 998 606 1050 aut
625 986 754 1067 viginti
776 1005 821 1049 ex
838 987 972 1050 nostris
992 986 1140 1067 putabat
1159 988 1207 1050 ibi
1226 1005 1332 1067 posse
1351 986 1557 1063 sustentari,

328 1095 459 1174 partim
475 1111 520 1157 cx
534 1095 602 1157 hac
618 1094 809 1170 dotatione,
826 1094 957 1174 partim
967 1110 1013 1157 ex
1024 1095 1273 1175 eleemosynis;
1296 1094 1460 1175 quamvis
1481 1102 1559 1156 tan·

327 1210 403 1265 tum
419 1200 464 1262 ad
480 1212 631 1280 quatuor
645 1200 693 1263 ibi
707 1199 912 1264 retinendos
927 1200 1186 1264 Marchionissa
1203 1202 1387 1281 obligaret.
1404 1199 1473 1264 Sed
1484 1210 1559 1263 tam

327 1323 462 1389 paucos
478 1306 525 1369 ibi
542 1308 654 1371 teneri
674 1325 745 1370 non
764 1307 975 1387 expediebat
994 1317 1140 1388 propter
1160 1324 1307 1372 causam
1325 1308 1488 1388 superius
1508 1307 1560 1370 di·

328 1422 436 1493 ctam,
461 1414 555 1494 quod
577 1414 713 1477 scilicet
733 1432 803 1477 non
828 1423 974 1494 possent
992 1413 1272 1479 Constitutiones
1290 1422 1326 1478 et
1342 1413 1501 1495 Regulae
1521 1414 1558 1478 in

327 1530 429 1585 tanta
444 1522 624 1601 paucitate
640 1522 825 1586 observari
840 1524 862 1585 ¹.

396 1628 483 1691 1455.
532 1628 622 1693 Cum
649 1628 687 1693 P.
717 1628 933 1693 Franciscus
960 1630 1100 1711 Hispali
1129 1630 1332 1695 Cordubam
1360 1629 1558 1694 Februario

329 1752 461 1814 mense,
478 1744 516 1798 ut
531 1734 733 1799 dictumest
751 1732 774 1811 ⁵,
796 1736 964 1814 venisset,
988 1746 1022 1800 et
1042 1737 1297 1801 confessarium
1317 1737 1361 1801 de
1379 1736 1557 1801 Societate

328 1853 450 1906 nostra
466 1841 726 1905 Marchionissa
739 1839 752 1873 ⁴
765 1860 874 1923 penes
888 1860 927 1906 se
942 1844 1074 1907 habere
1088 1854 1244 1925 cuperet,
1261 1852 1296 1907 et
1310 1861 1419 1907 unum
1434 1845 1491 1907 vel
1510 1844 1559 1906 al·

328 1959 455 2029 terum,
472 1950 532 2030 qui
547 1967 676 2029 pueros
688 1949 887 2013 rudimenta
899 1959 934 2013 et
945 1950 1178 2014 christianam
1188 1951 1388 2014 doctrinam
1400 1952 1556 2029 doceret,

328 2057 372 2121 de
386 2057 454 2120 hoc
470 2057 655 2137 collegiolo
670 2055 871 2121 inchoando
886 2066 1005 2122 actum
1025 2066 1089 2137 est,
1111 2066 1145 2121 et
1164 2057 1202 2122 P.
1227 2057 1291 2122 Dr.
1314 2056 1422 2121 Plaza
1443 2054 1455 2088 ⁸
1475 2074 1558 2120 cum

328 2164 408 2227 aliis
428 2164 638 2244 quibusdam
658 2180 701 2226 eo
724 2162 916 2228 mittendus
936 2165 1036 2227 visus
1056 2174 1128 2243 est;
1149 2174 1184 2227 et
1205 2164 1254 2227 ita
1275 2164 1413 2228 initium
1435 2164 1558 2228 habuit

328 2269 424 2350 illud,
441 2269 534 2351 quod
550 2278 674 2351 postea
690 2270 735 2333 ad
747 2268 934 2351 justiorem
949 2270 1230 2352 magnitudinem
1245 2272 1416 2350 excrevit,
1433 2280 1472 2335 ut
1491 2288 1557 2335 suo

328 2378 406 2441 loco
422 2377 570 2441 dicetur.

389 2482 434 2547 Et
448 2485 537 2547 haec
552 2482 596 2547 de
612 2482 769 2564 Collegio
790 2483 1011 2575 Cordubensi
1025 2502 1069 2549 ac
1091 2484 1257 2549 Baeticae
1279 2486 1559 2568 provincialibus

328 2592 399 2655 sint
414 2590 509 2654 dicta
525 2600 558 2654 et
574 2590 617 2654 de
632 2599 706 2655 tota
721 2590 911 2656 Provincia
925 2590 1103 2656 Baeticae.

549 3018 614 3083 DE
635 3017 863 3085 PRINCIPIO
884 3020 1103 3087 COLLEGII
1125 3021 1339 3087 MURCIAE

391 3341 478 3404 1456.
522 3340 818 3423 carthaginensis
843 3343 1042 3423 Episcopus
1067 3343 1210 3406 natione
1236 3344 1409 3406 lusitanus
1430 3340 1442 3374 ⁸
1463 3350 1498 3406 et
1519 3341 1558 3406 P.

328 3445 522 3513 Francisco
544 3449 698 3529 Borgiae
723 3449 880 3514 amicitia
901 3447 1128 3529 conjunctus,
1150 3449 1337 3530 collegium
1358 3449 1561 3513 incivitate

330 3552 501 3634 Murciae,
527 3572 618 3636 quae
643 3557 745 3637 regni
770 3557 862 3620 illius
888 3566 995 3637 caput
1021 3565 1090 3636 est,
1117 3557 1281 3637 quamvis
1305 3556 1370 3620 sub
1396 3555 1561 3620 Dioecesi

331 3661 619 3744 Carthaginensi,
637 3674 672 3726 et
686 3665 722 3727 in
744 3681 813 3745 qua
827 3665 976 3745 ipsemet
997 3661 1197 3743 Episcopus
1213 3663 1354 3741 residet,
1372 3663 1560 3744 collegium

330 3769 518 3833 instituere
532 3771 685 3850 volebat,
702 3771 738 3834 in
753 3789 823 3851 quo
838 3787 902 3834 sex
917 3770 1122 3834 sacerdotes
1136 3781 1267 3846 essent,
1284 3771 1445 3834 doctrina
1461 3779 1496 3833 et
1509 3789 1560 3836 re·

329 3892 410 3940 rum
426 3877 645 3956 experientia
660 3877 789 3955 idonei,
807 3876 852 3941 ad
866 3857 978 3958 ipsius
993 3875 1196 3940 Dioecesim
1213 3876 1427 3957 juvandam3
1451 3887 1486 3941 et
1506 3877 1563 3940 his

371 4113 379 4146 ¹
408 4113 562 4160 Vocabatur
570 4117 635 4160 haee
644 4117 769 4161 Theresla
782 4115 910 4172 Euriquez
920 4125 1030 4171 eratque
1040 4117 1160 4161 monlalis
1170 4116 1196 4160 iu
1207 4117 1329 4161 coenobio
1338 4115 1450 4160 Sanctae
1458 4115 1559 4168 Clarae,

328 4186 428 4230 ordiale
438 4185 528 4232 Sancti
539 4187 681 4240 FranclscI.
693 4189 718 4233 in
728 4190 791 4233 urbe
802 4187 927 4233 Moutllla.
939 4189 1037 4242 lluaoz,
1045 4189 1063 4233 1.
1074 4201 1106 4242 c.,
1118 4190 1161 4233 lib.
1173 4201 1189 4241 ι,
1202 4200 1258 4244 cap.
1269 4189 1303 4232 2⁹.

368 4259 381 4290 ¹
408 4257 568 4315 Pugnan.
580 4261 643 4306 1419.

368 4329 380 4362 ⁸
408 4331 527 4385 Pagras,
540 4345 565 4376 n.
579 4335 637 4378 1434.

368 4404 380 4437 ὁ
408 4403 494 4458 Supra
505 4406 576 4448 dicta
587 4407 619 4450 de
631 4406 737 4459 Prlego.

369 4475 381 4508 ⁸
412 4477 438 4519 Ρ.
450 4477 494 4520 Dr.
505 4476 617 4528 loannes
627 4479 694 4522 dela
704 4479 792 4522 Plaze.

370 4543 383 4579 θ
410 4547 455 4590 “1).
467 4547 583 4590 Esteban
595 4547 626 4590 de
641 4547 778 4604 Almeyda.
790 4549 820 4592 de
832 4549 923 4593 naclou
940 4553 1089 4604 portuguca,
1105 4551 1159 4606 bijo
1174 4551 1205 4593 de
1220 4549 1252 4594 D.
1267 4549 1350 4605 Dlego
1365 4551 1516 4598 Furnandez
1531 4554 1563 4599 de

330 4617 468 4674 Almeyda,
479 4618 555 4661 Prlor
565 4619 596 4661 de
607 4617 711 4664 Ocrato.
723 4620 790 4664 Paso
801 4621 831 4664 D.
843 4620 959 4664 Estebnn
968 4625 984 4664 a
992 4621 1102 4666 Cantilia
1110 4633 1158 4665 con
1167 4623 1193 4665 la
1204 4619 1366 4676 Empcratrlz
1374 4623 1564 4680 Dodalsabel.,

330 4685 380 4732 Gu.
388 4689 523 4732 Goazacaz
534 4689 647 4742 Davrua,
663 4690 776 4735 Theatra
786 4691 968 4736 ecclesiastico
978 4693 1011 4736 de
1024 4693 1146 4748 Εεραιῖα,
1156 4701 1175 4737 t.
1185 4704 1203 4746 ι,
1214 4703 1275 4748 pag.
1285 4693 1402 4739 ³321-Ci.
1416 4697 1497 4741 etiam
1506 4695 1564 4740 Lit-

329 4763 406 4805 terae
414 4761 647 4814 Quadra'mestras,
657 4768 676 4807 t.
687 4774 724 4819 ιιι,
736 4775 797 4819 pag.
807 4764 855 4814 671,
867 4774 955 4809 annot.
965 4767 986 4807 2.
