<?xml version="1.0" encoding="UTF-8"?>
<!DOCTYPE html PUBLIC "-//W3C//DTD XHTML 1.0 Transitional//EN"
    "http://www.w3.org/TR/xhtml1/DTD/xhtml1-transitional.dtd">
<html xmlns="http://www.w3.org/1999/xhtml" xml:lang="en" lang="en">
 <head>
  <title>
</title>
<meta http-equiv="Content-Type" content="text/html;charset=utf-8" />
  <meta name='ocr-system' content='tesseract 3.04.00' />
  <meta name='ocr-capabilities' content='ocr_page ocr_carea ocr_par ocr_line ocrx_word'/>
</head>
<body>
  <div class='ocr_page' id='page_1' title='image "./vitaignatiiloio01polagoog_0376.png"; bbox 0 0 3717 5400; ppageno 0'>
   <div class='ocr_carea' id='block_1_1' title="bbox 364 427 1139 501">
    <p class='ocr_par' dir='ltr' id='par_1_1' title="bbox 364 427 1139 501">
     <span class='ocr_line' id='line_1_1' title="bbox 364 427 1139 501; baseline -0.008 -13"><span class='ocrx_word' id='word_1_1' title='bbox 364 429 420 488; x_wconf 67' lang='lat'><strong>370</strong></span> <span class='ocrx_word' id='word_1_2' title='bbox 822 427 950 488; x_wconf 75' lang='lat' dir='ltr'><strong>Chaon.</strong></span> <span class='ocrx_word' id='word_1_3' title='bbox 971 427 1050 487; x_wconf 89' lang='lat' dir='ltr'><strong>Soc.</strong></span> <span class='ocrx_word' id='word_1_4' title='bbox 1070 427 1139 501; x_wconf 85' lang='lat' dir='ltr'><strong>Jas.</strong></span> 
     </span>
    </p>
   </div>
   <div class='ocr_carea' id='block_1_2' title="bbox 365 571 1597 1298">
    <p class='ocr_par' dir='ltr' id='par_1_2' title="bbox 365 571 1597 1191">
     <span class='ocr_line' id='line_1_2' title="bbox 367 571 1590 654; baseline 0 -18"><span class='ocrx_word' id='word_1_5' title='bbox 367 573 405 636; x_wconf 89' lang='lat' dir='ltr'><strong>P.</strong></span> <span class='ocrx_word' id='word_1_6' title='bbox 424 574 583 654; x_wconf 81' lang='lat' dir='ltr'>Baptista</span> <span class='ocrx_word' id='word_1_7' title='bbox 597 573 713 654; x_wconf 83' lang='lat' dir='ltr'><strong>magis</strong></span> <span class='ocrx_word' id='word_1_8' title='bbox 728 591 788 638; x_wconf 87' lang='lat' dir='ltr'><strong>eas</strong></span> <span class='ocrx_word' id='word_1_9' title='bbox 803 573 1026 636; x_wconf 89' lang='lat' dir='ltr'><strong>necessarias</strong></span> <span class='ocrx_word' id='word_1_10' title='bbox 1040 589 1119 636; x_wconf 89' lang='lat' dir='ltr'><strong>esse</strong></span> <span class='ocrx_word' id='word_1_11' title='bbox 1133 572 1380 638; x_wconf 88' lang='lat' dir='ltr'><strong>Barchinonae</strong></span> <span class='ocrx_word' id='word_1_12' title='bbox 1395 571 1590 636; x_wconf 83' lang='lat' dir='ltr'><strong>arbitraba·</strong></span> 
     </span>
     <span class='ocr_line' id='line_1_3' title="bbox 366 678 1585 760; baseline 0.001 -17"><span class='ocrx_word' id='word_1_13' title='bbox 366 691 435 759; x_wconf 89' lang='lat' dir='ltr'><strong>tur,</strong></span> <span class='ocrx_word' id='word_1_14' title='bbox 458 689 497 744; x_wconf 94' lang='lat' dir='ltr'><strong>ut</strong></span> <span class='ocrx_word' id='word_1_15' title='bbox 517 680 714 760; x_wconf 78' lang='lat' dir='ltr'><strong>Collegium</strong></span> <span class='ocrx_word' id='word_1_16' title='bbox 728 679 815 743; x_wconf 91' lang='lat' dir='ltr'><strong>illud</strong></span> <span class='ocrx_word' id='word_1_17' title='bbox 826 679 1027 760; x_wconf 79' lang='lat' dir='ltr'><strong>Juvaretur.</strong></span> <span class='ocrx_word' id='word_1_18' title='bbox 1042 680 1138 760; x_wconf 91' lang='lat' dir='ltr'><strong>quod</strong></span> <span class='ocrx_word' id='word_1_19' title='bbox 1152 695 1369 759; x_wconf 76' lang='lat' dir='ltr'>magnopere</span> <span class='ocrx_word' id='word_1_20' title='bbox 1383 678 1585 759; x_wconf 73' lang='lat' dir='ltr'><strong>huiusmodi</strong></span> 
     </span>
     <span class='ocr_line' id='line_1_4' title="bbox 366 785 1597 868; baseline 0.002 -18"><span class='ocrx_word' id='word_1_21' title='bbox 366 787 509 852; x_wconf 85' lang='lat' dir='ltr'><strong>auxiliis</strong></span> <span class='ocrx_word' id='word_1_22' title='bbox 523 787 714 867; x_wconf 83' lang='lat' dir='ltr'><strong>indigebat.</strong></span> <span class='ocrx_word' id='word_1_23' title='bbox 730 787 808 867; x_wconf 86' lang='lat' dir='ltr'><strong>Ipse</strong></span> <span class='ocrx_word' id='word_1_24' title='bbox 824 797 943 850; x_wconf 88' lang='lat' dir='ltr'><strong>autem</strong></span> <span class='ocrx_word' id='word_1_25' title='bbox 958 787 996 850; x_wconf 85' lang='lat' dir='ltr'><strong>P.</strong></span> <span class='ocrx_word' id='word_1_26' title='bbox 1013 787 1176 868; x_wconf 80' lang='lat' dir='ltr'><strong>Baptista</strong></span> <span class='ocrx_word' id='word_1_27' title='bbox 1189 785 1363 850; x_wconf 89' lang='lat' dir='ltr'><strong>Murciam</strong></span> <span class='ocrx_word' id='word_1_28' title='bbox 1383 787 1490 866; x_wconf 92' lang='lat' dir='ltr'><strong>paulo</strong></span> <span class='ocrx_word' id='word_1_29' title='bbox 1509 797 1597 866; x_wconf 86' lang='lat' dir='ltr'><strong>post·</strong></span> 
     </span>
     <span class='ocr_line' id='line_1_5' title="bbox 367 893 1595 974; baseline 0.001 -16"><span class='ocrx_word' id='word_1_30' title='bbox 367 897 418 959; x_wconf 90' lang='lat' dir='ltr'><strong>ire</strong></span> <span class='ocrx_word' id='word_1_31' title='bbox 443 895 572 972; x_wconf 87' lang='lat' dir='ltr'><strong>debuit,</strong></span> <span class='ocrx_word' id='word_1_32' title='bbox 599 904 638 957; x_wconf 90' lang='lat' dir='ltr'><strong>ut</strong></span> <span class='ocrx_word' id='word_1_33' title='bbox 662 894 893 958; x_wconf 83' lang='lat' dir='ltr'><strong>constitueret</strong></span> <span class='ocrx_word' id='word_1_34' title='bbox 918 911 999 958; x_wconf 83' lang='lat' dir='ltr'><strong>cum</strong></span> <span class='ocrx_word' id='word_1_35' title='bbox 1024 893 1201 974; x_wconf 85' lang='lat' dir='ltr'><strong>Episcopo</strong></span> <span class='ocrx_word' id='word_1_36' title='bbox 1216 893 1493 972; x_wconf 79' lang='lat' dir='ltr'><strong>Carthaginensi</strong></span> <span class='ocrx_word' id='word_1_37' title='bbox 1517 893 1595 974; x_wconf 67' lang='lat' dir='ltr'><strong>(qui.</strong></span> 
     </span>
     <span class='ocr_line' id='line_1_6' title="bbox 366 1001 1595 1083; baseline -0.002 -16"><span class='ocrx_word' id='word_1_38' title='bbox 366 1001 524 1068; x_wconf 89' lang='lat' dir='ltr'><strong>Murciae</strong></span> <span class='ocrx_word' id='word_1_39' title='bbox 538 1003 694 1066; x_wconf 90' lang='lat' dir='ltr'><strong>residere</strong></span> <span class='ocrx_word' id='word_1_40' title='bbox 708 1002 832 1067; x_wconf 90' lang='lat' dir='ltr'><strong>solitus</strong></span> <span class='ocrx_word' id='word_1_41' title='bbox 847 1012 900 1067; x_wconf 89' lang='lat' dir='ltr'><strong>est</strong></span> <span class='ocrx_word' id='word_1_42' title='bbox 917 1004 950 1082; x_wconf 87' lang='lat'><strong>¹),</strong></span> <span class='ocrx_word' id='word_1_43' title='bbox 967 1021 1058 1083; x_wconf 86' lang='lat' dir='ltr'><strong>quae</strong></span> <span class='ocrx_word' id='word_1_44' title='bbox 1073 1001 1119 1064; x_wconf 90' lang='lat' dir='ltr'><strong>ad</strong></span> <span class='ocrx_word' id='word_1_45' title='bbox 1133 1004 1323 1082; x_wconf 84' lang='lat' dir='ltr'><strong>collegium</strong></span> <span class='ocrx_word' id='word_1_46' title='bbox 1337 1003 1383 1067; x_wconf 90' lang='lat' dir='ltr'><strong>ab</strong></span> <span class='ocrx_word' id='word_1_47' title='bbox 1398 1021 1439 1066; x_wconf 91' lang='lat' dir='ltr'><strong>eo</strong></span> <span class='ocrx_word' id='word_1_48' title='bbox 1453 1002 1595 1081; x_wconf 65' lang='lat' dir='ltr'><strong>eriges«</strong></span> 
     </span>
     <span class='ocr_line' id='line_1_7' title="bbox 365 1108 1425 1191; baseline -0.002 -18"><span class='ocrx_word' id='word_1_49' title='bbox 365 1110 450 1174; x_wconf 88' lang='lat' dir='ltr'><strong>dum</strong></span> <span class='ocrx_word' id='word_1_50' title='bbox 465 1111 510 1174; x_wconf 89' lang='lat' dir='ltr'><strong>ad</strong></span> <span class='ocrx_word' id='word_1_51' title='bbox 525 1129 604 1174; x_wconf 91' lang='lat' dir='ltr'><strong>eum</strong></span> <span class='ocrx_word' id='word_1_52' title='bbox 619 1112 853 1191; x_wconf 87' lang='lat' dir='ltr'><strong>pertinebant.</strong></span> <span class='ocrx_word' id='word_1_53' title='bbox 871 1109 941 1175; x_wconf 88' lang='lat' dir='ltr'><strong>Sed</strong></span> <span class='ocrx_word' id='word_1_54' title='bbox 955 1110 999 1173; x_wconf 88' lang='lat' dir='ltr'><strong>de</strong></span> <span class='ocrx_word' id='word_1_55' title='bbox 1013 1111 1081 1173; x_wconf 87' lang='lat' dir='ltr'><strong>hoc</strong></span> <span class='ocrx_word' id='word_1_56' title='bbox 1096 1109 1242 1174; x_wconf 81' lang='lat' dir='ltr'><strong>inferius</strong></span> <span class='ocrx_word' id='word_1_57' title='bbox 1256 1119 1384 1189; x_wconf 90' lang='lat' dir='ltr'><strong>agetur</strong></span> <span class='ocrx_word' id='word_1_58' title='bbox 1402 1108 1425 1171; x_wconf 78' lang='lat'><strong>&#39;.</strong></span> 
     </span>
    </p>

    <p class='ocr_par' dir='ltr' id='par_1_3' title="bbox 426 1217 1315 1298">
     <span class='ocr_line' id='line_1_8' title="bbox 426 1217 1315 1298; baseline -0.003 -15"><span class='ocrx_word' id='word_1_59' title='bbox 426 1217 569 1283; x_wconf 89' lang='lat' dir='ltr'><strong>Interim</strong></span> <span class='ocrx_word' id='word_1_60' title='bbox 583 1219 673 1282; x_wconf 89' lang='lat' dir='ltr'><strong>haec</strong></span> <span class='ocrx_word' id='word_1_61' title='bbox 688 1218 731 1282; x_wconf 90' lang='lat' dir='ltr'><strong>de</strong></span> <span class='ocrx_word' id='word_1_62' title='bbox 746 1217 936 1282; x_wconf 84' lang='lat' dir='ltr'><strong>Valentino</strong></span> <span class='ocrx_word' id='word_1_63' title='bbox 952 1218 1110 1298; x_wconf 89' lang='lat' dir='ltr'><strong>Collegio</strong></span> <span class='ocrx_word' id='word_1_64' title='bbox 1130 1217 1315 1280; x_wconf 87' lang='lat' dir='ltr'><strong>sufficiant.</strong></span> 
     </span>
    </p>
   </div>
   <div class='ocr_carea' id='block_1_3' title="bbox 699 1647 1256 1714">
    <p class='ocr_par' dir='ltr' id='par_1_4' title="bbox 699 1647 1256 1714">
     <span class='ocr_line' id='line_1_9' title="bbox 699 1647 1256 1714; baseline -0.002 -1"><span class='ocrx_word' id='word_1_65' title='bbox 699 1649 763 1714; x_wconf 93' lang='lat' dir='ltr'><strong>DE</strong></span> <span class='ocrx_word' id='word_1_66' title='bbox 784 1647 1019 1714; x_wconf 86' lang='lat' dir='ltr'><strong>COLLEGIO</strong></span> <span class='ocrx_word' id='word_1_67' title='bbox 1040 1647 1256 1712; x_wconf 85' lang='lat' dir='ltr'><strong>GANDIAE</strong></span> 
     </span>
    </p>
   </div>
   <div class='ocr_carea' id='block_1_4' title="bbox 362 1967 1593 2692">
    <p class='ocr_par' dir='ltr' id='par_1_5' title="bbox 362 1967 1593 2692">
     <span class='ocr_line' id='line_1_10' title="bbox 423 1967 1593 2036; baseline -0.002 -3"><span class='ocrx_word' id='word_1_68' title='bbox 423 1971 494 2033; x_wconf 86' lang='lat'><strong>996.</strong></span> <span class='ocrx_word' id='word_1_69' title='bbox 537 1969 574 2034; x_wconf 89' lang='grc' dir='ltr'><strong>Ρ.</strong></span> <span class='ocrx_word' id='word_1_70' title='bbox 593 1971 769 2036; x_wconf 89' lang='lat' dir='ltr'><strong>Antonius</strong></span> <span class='ocrx_word' id='word_1_71' title='bbox 783 1970 959 2034; x_wconf 90' lang='lat' dir='ltr'><strong>Cordeses</strong></span> <span class='ocrx_word' id='word_1_72' title='bbox 973 1972 1040 2034; x_wconf 91' lang='lat' dir='ltr'><strong>hoc</strong></span> <span class='ocrx_word' id='word_1_73' title='bbox 1055 1987 1149 2033; x_wconf 88' lang='lat' dir='ltr'><strong>anno</strong></span> <span class='ocrx_word' id='word_1_74' title='bbox 1168 1969 1273 2033; x_wconf 88' lang='lat' dir='ltr'><strong>simul</strong></span> <span class='ocrx_word' id='word_1_75' title='bbox 1291 1968 1505 2033; x_wconf 89' lang='lat' dir='ltr'><strong>Gandiensis</strong></span> <span class='ocrx_word' id='word_1_76' title='bbox 1520 1967 1593 2031; x_wconf 88' lang='lat' dir='ltr'><strong>Re·-</strong></span> 
     </span>
     <span class='ocr_line' id='line_1_11' title="bbox 363 2073 1586 2156; baseline -0.002 -16"><span class='ocrx_word' id='word_1_77' title='bbox 363 2087 441 2140; x_wconf 92' lang='lat' dir='ltr'><strong>ctor</strong></span> <span class='ocrx_word' id='word_1_78' title='bbox 456 2087 490 2140; x_wconf 92' lang='lat' dir='ltr'><strong>et</strong></span> <span class='ocrx_word' id='word_1_79' title='bbox 505 2076 724 2156; x_wconf 88' lang='lat' dir='ltr'><strong>theologicae</strong></span> <span class='ocrx_word' id='word_1_80' title='bbox 739 2077 899 2140; x_wconf 87' lang='lat' dir='ltr'><strong>lectionis</strong></span> <span class='ocrx_word' id='word_1_81' title='bbox 914 2077 1094 2156; x_wconf 85' lang='lat' dir='ltr'><strong>professor</strong></span> <span class='ocrx_word' id='word_1_82' title='bbox 1108 2075 1184 2150; x_wconf 91' lang='lat' dir='ltr'><strong>fuit,</strong></span> <span class='ocrx_word' id='word_1_83' title='bbox 1201 2086 1236 2138; x_wconf 91' lang='lat' dir='ltr'><strong>et</strong></span> <span class='ocrx_word' id='word_1_84' title='bbox 1251 2075 1441 2156; x_wconf 89' lang='lat' dir='ltr'><strong>aliquando</strong></span> <span class='ocrx_word' id='word_1_85' title='bbox 1453 2073 1586 2138; x_wconf 84' lang='lat' dir='ltr'><strong>Valen-</strong></span> 
     </span>
     <span class='ocr_line' id='line_1_12' title="bbox 363 2181 1585 2264; baseline -0.002 -18"><span class='ocrx_word' id='word_1_86' title='bbox 363 2185 461 2263; x_wconf 87' lang='lat' dir='ltr'><strong>tiam,</strong></span> <span class='ocrx_word' id='word_1_87' title='bbox 480 2185 623 2247; x_wconf 90' lang='lat' dir='ltr'><strong>absente</strong></span> <span class='ocrx_word' id='word_1_88' title='bbox 642 2181 697 2246; x_wconf 82' lang='lat' dir='ltr'><strong>P.e</strong></span> <span class='ocrx_word' id='word_1_89' title='bbox 717 2183 877 2264; x_wconf 87' lang='lat' dir='ltr'><strong>Baptista</strong></span> <span class='ocrx_word' id='word_1_90' title='bbox 897 2182 920 2260; x_wconf 82' lang='lat'><strong>¹,</strong></span> <span class='ocrx_word' id='word_1_91' title='bbox 942 2201 980 2246; x_wconf 89' lang='lat' dir='ltr'><strong>se</strong></span> <span class='ocrx_word' id='word_1_92' title='bbox 998 2182 1218 2260; x_wconf 87' lang='lat' dir='ltr'><strong>conferebat,</strong></span> <span class='ocrx_word' id='word_1_93' title='bbox 1240 2192 1279 2245; x_wconf 91' lang='lat' dir='ltr'><strong>ut</strong></span> <span class='ocrx_word' id='word_1_94' title='bbox 1299 2183 1500 2245; x_wconf 90' lang='lat' dir='ltr'><strong>valentinos</strong></span> <span class='ocrx_word' id='word_1_95' title='bbox 1519 2197 1585 2244; x_wconf 84' lang='lat' dir='ltr'><strong>sua</strong></span> 
     </span>
     <span class='ocr_line' id='line_1_13' title="bbox 363 2288 1592 2373; baseline -0.002 -18"><span class='ocrx_word' id='word_1_96' title='bbox 363 2291 564 2373; x_wconf 85' lang='lat' dir='ltr'><strong>praesentia</strong></span> <span class='ocrx_word' id='word_1_97' title='bbox 580 2299 615 2354; x_wconf 89' lang='lat' dir='ltr'><strong>et</strong></span> <span class='ocrx_word' id='word_1_98' title='bbox 629 2307 737 2371; x_wconf 88' lang='lat' dir='ltr'><strong>opera</strong></span> <span class='ocrx_word' id='word_1_99' title='bbox 752 2290 927 2353; x_wconf 89' lang='lat' dir='ltr'><strong>interdum</strong></span> <span class='ocrx_word' id='word_1_100' title='bbox 941 2289 1092 2369; x_wconf 86' lang='lat' dir='ltr'><strong>juvaret.</strong></span> <span class='ocrx_word' id='word_1_101' title='bbox 1109 2289 1221 2353; x_wconf 90' lang='lat' dir='ltr'><strong>Porro</strong></span> <span class='ocrx_word' id='word_1_102' title='bbox 1231 2288 1393 2353; x_wconf 89' lang='lat' dir='ltr'><strong>Gandiae</strong></span> <span class='ocrx_word' id='word_1_103' title='bbox 1408 2289 1476 2351; x_wconf 91' lang='lat' dir='ltr'><strong>hoc</strong></span> <span class='ocrx_word' id='word_1_104' title='bbox 1492 2305 1592 2352; x_wconf 89' lang='lat' dir='ltr'><strong>anno</strong></span> 
     </span>
     <span class='ocr_line' id='line_1_14' title="bbox 362 2395 1592 2477; baseline -0.003 -15"><span class='ocrx_word' id='word_1_105' title='bbox 362 2401 475 2462; x_wconf 90' lang='lat' dir='ltr'><strong>nostri</strong></span> <span class='ocrx_word' id='word_1_106' title='bbox 495 2399 684 2462; x_wconf 88' lang='lat' dir='ltr'><strong>conciones</strong></span> <span class='ocrx_word' id='word_1_107' title='bbox 704 2399 849 2462; x_wconf 89' lang='lat' dir='ltr'><strong>crebras</strong></span> <span class='ocrx_word' id='word_1_108' title='bbox 869 2397 1082 2476; x_wconf 89' lang='lat' dir='ltr'><strong>habuerunt;</strong></span> <span class='ocrx_word' id='word_1_109' title='bbox 1105 2408 1265 2477; x_wconf 89' lang='lat' dir='ltr'><strong>tempore</strong></span> <span class='ocrx_word' id='word_1_110' title='bbox 1287 2407 1405 2460; x_wconf 88' lang='lat' dir='ltr'><strong>tamen</strong></span> <span class='ocrx_word' id='word_1_111' title='bbox 1426 2395 1592 2476; x_wconf 70' lang='lat' dir='ltr'><strong>Quadra·⁴</strong></span> 
     </span>
     <span class='ocr_line' id='line_1_15' title="bbox 365 2502 1587 2586; baseline -0.002 -18"><span class='ocrx_word' id='word_1_112' title='bbox 365 2506 522 2584; x_wconf 81' lang='lat' dir='ltr'><strong>gesimae</strong></span> <span class='ocrx_word' id='word_1_113' title='bbox 538 2515 682 2586; x_wconf 88' lang='lat' dir='ltr'><strong>propter</strong></span> <span class='ocrx_word' id='word_1_114' title='bbox 706 2503 949 2567; x_wconf 88' lang='lat' dir='ltr'><strong>confitentium</strong></span> <span class='ocrx_word' id='word_1_115' title='bbox 967 2504 1223 2567; x_wconf 89' lang='lat' dir='ltr'><strong>multitudinem</strong></span> <span class='ocrx_word' id='word_1_116' title='bbox 1244 2502 1335 2566; x_wconf 90' lang='lat' dir='ltr'><strong>aliae</strong></span> <span class='ocrx_word' id='word_1_117' title='bbox 1356 2502 1587 2566; x_wconf 87' lang='lat' dir='ltr'><strong>intermitten-</strong></span> 
     </span>
     <span class='ocr_line' id='line_1_16' title="bbox 363 2607 1587 2692; baseline -0.002 -17"><span class='ocrx_word' id='word_1_118' title='bbox 363 2613 430 2675; x_wconf 87' lang='lat' dir='ltr'><strong>dae</strong></span> <span class='ocrx_word' id='word_1_119' title='bbox 444 2613 595 2690; x_wconf 87' lang='lat' dir='ltr'><strong>fuerunt,</strong></span> <span class='ocrx_word' id='word_1_120' title='bbox 612 2629 703 2692; x_wconf 90' lang='lat' dir='ltr'><strong>quae</strong></span> <span class='ocrx_word' id='word_1_121' title='bbox 718 2612 813 2676; x_wconf 92' lang='lat' dir='ltr'><strong>domi</strong></span> <span class='ocrx_word' id='word_1_122' title='bbox 827 2622 861 2675; x_wconf 92' lang='lat' dir='ltr'><strong>et</strong></span> <span class='ocrx_word' id='word_1_123' title='bbox 877 2611 965 2674; x_wconf 91' lang='lat' dir='ltr'><strong>foris</strong></span> <span class='ocrx_word' id='word_1_124' title='bbox 986 2611 1217 2686; x_wconf 87' lang='lat' dir='ltr'><strong>habebantur,</strong></span> <span class='ocrx_word' id='word_1_125' title='bbox 1241 2621 1381 2690; x_wconf 89' lang='lat' dir='ltr'><strong>praeter</strong></span> <span class='ocrx_word' id='word_1_126' title='bbox 1402 2627 1511 2672; x_wconf 87' lang='lat' dir='ltr'><strong>unam</strong></span> <span class='ocrx_word' id='word_1_127' title='bbox 1523 2607 1587 2672; x_wconf 89' lang='lat' dir='ltr'><strong>Pa-</strong></span> 
     </span>
    </p>
   </div>
   <div class='ocr_carea' id='block_1_5' title="bbox 363 2717 1592 2801">
    <p class='ocr_par' dir='ltr' id='par_1_6' title="bbox 363 2717 1592 2801">
     <span class='ocr_line' id='line_1_17' title="bbox 363 2717 1592 2801; baseline -0.002 -18"><span class='ocrx_word' id='word_1_128' title='bbox 363 2721 429 2783; x_wconf 87' lang='lat' dir='ltr'><strong>tris</strong></span> <span class='ocrx_word' id='word_1_129' title='bbox 456 2718 655 2783; x_wconf 89' lang='lat' dir='ltr'><strong>Santander</strong></span> <span class='ocrx_word' id='word_1_130' title='bbox 682 2717 695 2749; x_wconf 81' lang='lat'><strong>⁴</strong></span> <span class='ocrx_word' id='word_1_131' title='bbox 723 2721 783 2801; x_wconf 92' lang='lat' dir='ltr'><strong>qui</strong></span> <span class='ocrx_word' id='word_1_132' title='bbox 811 2718 924 2782; x_wconf 87' lang='lat' dir='ltr'><strong>Ducis</strong></span> <span class='ocrx_word' id='word_1_133' title='bbox 952 2718 964 2749; x_wconf 82' lang='lat'>³</span> <span class='ocrx_word' id='word_1_134' title='bbox 992 2736 1034 2781; x_wconf 90' lang='lat' dir='ltr'><strong>ac</strong></span> <span class='ocrx_word' id='word_1_135' title='bbox 1062 2719 1182 2798; x_wconf 90' lang='lat' dir='ltr'><strong>populi</strong></span> <span class='ocrx_word' id='word_1_136' title='bbox 1208 2718 1374 2798; x_wconf 88' lang='lat' dir='ltr'><strong>precibus</strong></span> <span class='ocrx_word' id='word_1_137' title='bbox 1402 2718 1592 2797; x_wconf 81' lang='lat' dir='ltr'><strong>adductus„</strong></span> 
     </span>
    </p>
   </div>
   <div class='ocr_carea' id='block_1_6' title="bbox 249 2826 1587 2907">
    <p class='ocr_par' dir='ltr' id='par_1_7' title="bbox 249 2826 1587 2907">
     <span class='ocr_line' id='line_1_18' title="bbox 249 2826 1587 2907; baseline -0.001 -18"><span class='ocrx_word' id='word_1_138' title='bbox 249 2837 257 2861; x_wconf 92' lang='lat'><strong>·</strong></span> <span class='ocrx_word' id='word_1_139' title='bbox 364 2835 476 2891; x_wconf 90' lang='lat' dir='ltr'><strong>totam</strong></span> <span class='ocrx_word' id='word_1_140' title='bbox 491 2826 809 2907; x_wconf 86' lang='lat' dir='ltr'><strong>Quadragesimam</strong></span> <span class='ocrx_word' id='word_1_141' title='bbox 824 2828 858 2889; x_wconf 93' lang='lat' dir='ltr'><strong>in</strong></span> <span class='ocrx_word' id='word_1_142' title='bbox 875 2827 943 2889; x_wconf 93' lang='lat' dir='ltr'><strong>hoc</strong></span> <span class='ocrx_word' id='word_1_143' title='bbox 958 2842 1103 2888; x_wconf 88' lang='lat' dir='ltr'><strong>munere</strong></span> <span class='ocrx_word' id='word_1_144' title='bbox 1117 2827 1347 2905; x_wconf 86' lang='lat' dir='ltr'><strong>consumpsit.</strong></span> <span class='ocrx_word' id='word_1_145' title='bbox 1369 2826 1433 2889; x_wconf 88' lang='lat' dir='ltr'><strong>Est</strong></span> <span class='ocrx_word' id='word_1_146' title='bbox 1453 2834 1587 2889; x_wconf 89' lang='lat' dir='ltr'><strong>utcum-</strong></span> 
     </span>
    </p>
   </div>
   <div class='ocr_carea' id='block_1_7' title="bbox 359 2933 1681 4084">
    <p class='ocr_par' dir='ltr' id='par_1_8' title="bbox 359 2933 1681 3640">
     <span class='ocr_line' id='line_1_19' title="bbox 362 2933 1586 3014; baseline -0.001 -18"><span class='ocrx_word' id='word_1_147' title='bbox 362 2951 430 3014; x_wconf 91' lang='lat' dir='ltr'><strong>que</strong></span> <span class='ocrx_word' id='word_1_148' title='bbox 457 2934 673 2998; x_wconf 89' lang='lat' dir='ltr'><strong>laboriosum</strong></span> <span class='ocrx_word' id='word_1_149' title='bbox 701 2935 768 2997; x_wconf 92' lang='lat' dir='ltr'><strong>hoc</strong></span> <span class='ocrx_word' id='word_1_150' title='bbox 793 2933 1023 3013; x_wconf 88' lang='lat' dir='ltr'><strong>praedicandi</strong></span> <span class='ocrx_word' id='word_1_151' title='bbox 1048 2950 1176 2997; x_wconf 90' lang='lat' dir='ltr'><strong>munus</strong></span> <span class='ocrx_word' id='word_1_152' title='bbox 1197 2934 1369 3011; x_wconf 88' lang='lat' dir='ltr'><strong>Gandiae,</strong></span> <span class='ocrx_word' id='word_1_153' title='bbox 1391 2949 1475 2997; x_wconf 91' lang='lat' dir='ltr'><strong>cum</strong></span> <span class='ocrx_word' id='word_1_154' title='bbox 1493 2934 1586 3012; x_wconf 93' lang='lat' dir='ltr'><strong>plus·</strong></span> 
     </span>
     <span class='ocr_line' id='line_1_20' title="bbox 363 3038 1590 3121; baseline -0.002 -17"><span class='ocrx_word' id='word_1_155' title='bbox 363 3058 468 3121; x_wconf 90' lang='lat' dir='ltr'><strong>quam</strong></span> <span class='ocrx_word' id='word_1_156' title='bbox 484 3041 669 3121; x_wconf 86' lang='lat' dir='ltr'><strong>sexaginta</strong></span> <span class='ocrx_word' id='word_1_157' title='bbox 686 3040 876 3104; x_wconf 90' lang='lat' dir='ltr'><strong>conciones</strong></span> <span class='ocrx_word' id='word_1_158' title='bbox 891 3040 1015 3103; x_wconf 90' lang='lat' dir='ltr'><strong>haberi</strong></span> <span class='ocrx_word' id='word_1_159' title='bbox 1029 3040 1154 3103; x_wconf 86' lang='lat' dir='ltr'><strong>solitae</strong></span> <span class='ocrx_word' id='word_1_160' title='bbox 1169 3040 1255 3118; x_wconf 89' lang='lat' dir='ltr'><strong>sint;</strong></span> <span class='ocrx_word' id='word_1_161' title='bbox 1272 3040 1334 3103; x_wconf 90' lang='lat' dir='ltr'><strong>sed</strong></span> <span class='ocrx_word' id='word_1_162' title='bbox 1352 3049 1484 3118; x_wconf 86' lang='lat' dir='ltr'><strong>tamen,</strong></span> <span class='ocrx_word' id='word_1_163' title='bbox 1507 3038 1590 3102; x_wconf 85' lang='lat' dir='ltr'><strong>Deo-</strong></span> 
     </span>
     <span class='ocr_line' id='line_1_21' title="bbox 362 3144 1681 3229; baseline -0.001 -19"><span class='ocrx_word' id='word_1_164' title='bbox 362 3147 565 3228; x_wconf 85' lang='lat' dir='ltr'><strong>adjuvante,</strong></span> <span class='ocrx_word' id='word_1_165' title='bbox 582 3158 654 3211; x_wconf 90' lang='lat' dir='ltr'><strong>tam</strong></span> <span class='ocrx_word' id='word_1_166' title='bbox 669 3164 840 3229; x_wconf 85' lang='lat' dir='ltr'><strong>prospera</strong></span> <span class='ocrx_word' id='word_1_167' title='bbox 857 3147 1058 3210; x_wconf 89' lang='lat' dir='ltr'><strong>valetudine</strong></span> <span class='ocrx_word' id='word_1_168' title='bbox 1073 3164 1158 3210; x_wconf 91' lang='lat' dir='ltr'><strong>usus</strong></span> <span class='ocrx_word' id='word_1_169' title='bbox 1172 3157 1225 3210; x_wconf 85' lang='lat' dir='ltr'><strong>cst</strong></span> <span class='ocrx_word' id='word_1_170' title='bbox 1240 3148 1297 3210; x_wconf 91' lang='lat' dir='ltr'><strong>hic</strong></span> <span class='ocrx_word' id='word_1_171' title='bbox 1311 3147 1349 3210; x_wconf 91' lang='grc' dir='ltr'><strong>Ρ.</strong></span> <span class='ocrx_word' id='word_1_172' title='bbox 1371 3144 1589 3219; x_wconf 85' lang='lat' dir='ltr'><strong>Santander„</strong></span> <span class='ocrx_word' id='word_1_173' title='bbox 1671 3194 1681 3209; x_wconf 91' lang='lat'><strong>.</strong></span> 
     </span>
     <span class='ocr_line' id='line_1_22' title="bbox 362 3254 1589 3335; baseline -0.001 -18"><span class='ocrx_word' id='word_1_174' title='bbox 362 3264 401 3317; x_wconf 91' lang='lat' dir='ltr'><strong>ut</strong></span> <span class='ocrx_word' id='word_1_175' title='bbox 421 3256 546 3318; x_wconf 91' lang='lat' dir='ltr'><strong>melius</strong></span> <span class='ocrx_word' id='word_1_176' title='bbox 569 3255 715 3318; x_wconf 90' lang='lat' dir='ltr'><strong>haberet</strong></span> <span class='ocrx_word' id='word_1_177' title='bbox 737 3255 772 3318; x_wconf 92' lang='lat' dir='ltr'><strong>in</strong></span> <span class='ocrx_word' id='word_1_178' title='bbox 792 3271 913 3317; x_wconf 89' lang='lat' dir='ltr'><strong>earum</strong></span> <span class='ocrx_word' id='word_1_179' title='bbox 934 3254 1002 3317; x_wconf 89' lang='lat' dir='ltr'><strong>fine</strong></span> <span class='ocrx_word' id='word_1_180' title='bbox 1021 3272 1128 3334; x_wconf 89' lang='lat' dir='ltr'><strong>quam</strong></span> <span class='ocrx_word' id='word_1_181' title='bbox 1148 3254 1184 3317; x_wconf 92' lang='lat' dir='ltr'><strong>in</strong></span> <span class='ocrx_word' id='word_1_182' title='bbox 1206 3254 1397 3335; x_wconf 89' lang='lat' dir='ltr'><strong>principio;</strong></span> <span class='ocrx_word' id='word_1_183' title='bbox 1424 3262 1458 3316; x_wconf 93' lang='lat' dir='ltr'><strong>et</strong></span> <span class='ocrx_word' id='word_1_184' title='bbox 1483 3262 1589 3317; x_wconf 87' lang='lat' dir='ltr'><strong>tanto</strong></span> 
     </span>
     <span class='ocr_line' id='line_1_23' title="bbox 362 3353 1590 3441; baseline 0 -18"><span class='ocrx_word' id='word_1_185' title='bbox 362 3377 441 3425; x_wconf 89' lang='lat' dir='ltr'><strong>cum</strong></span> <span class='ocrx_word' id='word_1_186' title='bbox 457 3364 630 3441; x_wconf 90' lang='lat' dir='ltr'><strong>applausu</strong></span> <span class='ocrx_word' id='word_1_187' title='bbox 650 3362 771 3441; x_wconf 91' lang='lat' dir='ltr'><strong>populi</strong></span> <span class='ocrx_word' id='word_1_188' title='bbox 791 3361 1007 3424; x_wconf 87' lang='lat' dir='ltr'><strong>curriculum</strong></span> <span class='ocrx_word' id='word_1_189' title='bbox 1026 3378 1128 3424; x_wconf 90' lang='lat' dir='ltr'><strong>suum</strong></span> <span class='ocrx_word' id='word_1_190' title='bbox 1148 3377 1313 3423; x_wconf 90' lang='lat' dir='ltr'><strong>emensus</strong></span> <span class='ocrx_word' id='word_1_191' title='bbox 1333 3353 1398 3436; x_wconf 86' lang='lat' dir='ltr'><strong>est,</strong></span> <span class='ocrx_word' id='word_1_192' title='bbox 1420 3370 1458 3423; x_wconf 91' lang='lat' dir='ltr'><strong>ut</strong></span> <span class='ocrx_word' id='word_1_193' title='bbox 1477 3360 1590 3423; x_wconf 27' lang='lat' dir='ltr'><strong>nemi-⁷</strong></span> 
     </span>
     <span class='ocr_line' id='line_1_24' title="bbox 362 3467 1582 3549; baseline 0.001 -19"><span class='ocrx_word' id='word_1_194' title='bbox 362 3484 442 3531; x_wconf 91' lang='lat' dir='ltr'><strong>nem</strong></span> <span class='ocrx_word' id='word_1_195' title='bbox 457 3478 562 3532; x_wconf 89' lang='lat' dir='ltr'><strong>antea</strong></span> <span class='ocrx_word' id='word_1_196' title='bbox 577 3470 636 3531; x_wconf 92' lang='lat' dir='ltr'><strong>illo</strong></span> <span class='ocrx_word' id='word_1_197' title='bbox 652 3467 760 3531; x_wconf 89' lang='lat' dir='ltr'><strong>fuisse</strong></span> <span class='ocrx_word' id='word_1_198' title='bbox 774 3470 980 3547; x_wconf 86' lang='lat' dir='ltr'><strong>gratiorem,</strong></span> <span class='ocrx_word' id='word_1_199' title='bbox 997 3468 1104 3531; x_wconf 90' lang='lat' dir='ltr'><strong>immo</strong></span> <span class='ocrx_word' id='word_1_200' title='bbox 1119 3484 1185 3531; x_wconf 88' lang='lat' dir='ltr'><strong>nec</strong></span> <span class='ocrx_word' id='word_1_201' title='bbox 1199 3468 1345 3549; x_wconf 90' lang='lat' dir='ltr'><strong>perinde</strong></span> <span class='ocrx_word' id='word_1_202' title='bbox 1354 3478 1508 3546; x_wconf 86' lang='lat' dir='ltr'><strong>gratum,</strong></span> <span class='ocrx_word' id='word_1_203' title='bbox 1521 3484 1582 3547; x_wconf 91' lang='lat' dir='ltr'><strong>pu·</strong></span> 
     </span>
     <span class='ocr_line' id='line_1_25' title="bbox 359 3575 651 3640; baseline 0.007 -2"><span class='ocrx_word' id='word_1_204' title='bbox 359 3575 449 3639; x_wconf 92' lang='lat' dir='ltr'><strong>blice</strong></span> <span class='ocrx_word' id='word_1_205' title='bbox 465 3576 651 3640; x_wconf 89' lang='lat' dir='ltr'><strong>diceretur.</strong></span> 
     </span>
    </p>

    <p class='ocr_par' dir='ltr' id='par_1_9' title="bbox 360 3681 1594 4084">
     <span class='ocr_line' id='line_1_26' title="bbox 420 3681 1594 3765; baseline 0.003 -20"><span class='ocrx_word' id='word_1_206' title='bbox 420 3682 490 3745; x_wconf 88' lang='lat'><strong>997.</strong></span> <span class='ocrx_word' id='word_1_207' title='bbox 534 3684 650 3763; x_wconf 90' lang='lat' dir='ltr'><strong>Multi,</strong></span> <span class='ocrx_word' id='word_1_208' title='bbox 679 3681 755 3763; x_wconf 85' lang='lat' dir='ltr'><strong>ejus</strong></span> <span class='ocrx_word' id='word_1_209' title='bbox 779 3684 923 3748; x_wconf 89' lang='lat' dir='ltr'><strong>adducti</strong></span> <span class='ocrx_word' id='word_1_210' title='bbox 948 3683 1188 3759; x_wconf 68' lang='lat' dir='ltr'><strong>concionibus</strong></span> <span class='ocrx_word' id='word_1_211' title='bbox 1216 3683 1471 3763; x_wconf 87' lang='lat' dir='ltr'><strong>confessiones,</strong></span> <span class='ocrx_word' id='word_1_212' title='bbox 1497 3702 1594 3765; x_wconf 80' lang='lat' dir='ltr'><strong>quas</strong></span> 
     </span>
     <span class='ocr_line' id='line_1_27' title="bbox 360 3790 1592 3870; baseline 0.002 -18"><span class='ocrx_word' id='word_1_213' title='bbox 360 3792 560 3869; x_wconf 90' lang='lat' dir='ltr'><strong>complures</strong></span> <span class='ocrx_word' id='word_1_214' title='bbox 574 3808 687 3853; x_wconf 90' lang='lat' dir='ltr'><strong>annos</strong></span> <span class='ocrx_word' id='word_1_215' title='bbox 703 3791 911 3867; x_wconf 88' lang='lat' dir='ltr'><strong>omiserant,</strong></span> <span class='ocrx_word' id='word_1_216' title='bbox 937 3790 1110 3867; x_wconf 85' lang='lat' dir='ltr'><strong>fecerunt;</strong></span> <span class='ocrx_word' id='word_1_217' title='bbox 1136 3792 1350 3869; x_wconf 86' lang='lat' dir='ltr'><strong>complures,</strong></span> <span class='ocrx_word' id='word_1_218' title='bbox 1374 3791 1434 3870; x_wconf 92' lang='lat' dir='ltr'><strong>qui</strong></span> <span class='ocrx_word' id='word_1_219' title='bbox 1454 3792 1592 3854; x_wconf 83' lang='lat' dir='ltr'><strong>mutuis</strong></span> 
     </span>
     <span class='ocr_line' id='line_1_28' title="bbox 360 3896 1590 3976; baseline 0 -17"><span class='ocrx_word' id='word_1_220' title='bbox 360 3896 514 3960; x_wconf 92' lang='lat' dir='ltr'><strong>dissidiis</strong></span> <span class='ocrx_word' id='word_1_221' title='bbox 529 3896 723 3960; x_wconf 79' lang='lat' dir='ltr'><strong>fraternam</strong></span> <span class='ocrx_word' id='word_1_222' title='bbox 739 3899 949 3960; x_wconf 89' lang='lat' dir='ltr'><strong>charitatem</strong></span> <span class='ocrx_word' id='word_1_223' title='bbox 964 3899 1152 3976; x_wconf 89' lang='lat' dir='ltr'><strong>laeserant,</strong></span> <span class='ocrx_word' id='word_1_224' title='bbox 1174 3896 1351 3960; x_wconf 89' lang='lat' dir='ltr'><strong>amicitiae</strong></span> <span class='ocrx_word' id='word_1_225' title='bbox 1369 3896 1512 3960; x_wconf 86' lang='lat' dir='ltr'><strong>foedera</strong></span> <span class='ocrx_word' id='word_1_226' title='bbox 1533 3899 1590 3961; x_wconf 89' lang='lat' dir='ltr'><strong>in·-</strong></span> 
     </span>
     <span class='ocr_line' id='line_1_29' title="bbox 360 4003 1580 4084; baseline 0.002 -19"><span class='ocrx_word' id='word_1_227' title='bbox 360 4012 413 4066; x_wconf 90' lang='lat' dir='ltr'><strong>ter</strong></span> <span class='ocrx_word' id='word_1_228' title='bbox 428 4020 466 4066; x_wconf 92' lang='lat' dir='ltr'><strong>se</strong></span> <span class='ocrx_word' id='word_1_229' title='bbox 480 4014 743 4083; x_wconf 88' lang='lat' dir='ltr'><strong>percusserunt.</strong></span> <span class='ocrx_word' id='word_1_230' title='bbox 760 4003 997 4067; x_wconf 88' lang='lat' dir='ltr'><strong>Observatum</strong></span> <span class='ocrx_word' id='word_1_231' title='bbox 1011 4014 1065 4067; x_wconf 92' lang='lat' dir='ltr'><strong>est</strong></span> <span class='ocrx_word' id='word_1_232' title='bbox 1075 4004 1182 4067; x_wconf 90' lang='lat' dir='ltr'><strong>etiam</strong></span> <span class='ocrx_word' id='word_1_233' title='bbox 1194 4004 1304 4067; x_wconf 88' lang='lat' dir='ltr'><strong>multa</strong></span> <span class='ocrx_word' id='word_1_234' title='bbox 1316 4012 1475 4083; x_wconf 89' lang='lat' dir='ltr'><strong>peccata,</strong></span> <span class='ocrx_word' id='word_1_235' title='bbox 1489 4020 1580 4084; x_wconf 89' lang='lat' dir='ltr'><strong>quae</strong></span> 
     </span>
    </p>
   </div>
   <div class='ocr_carea' id='block_1_8' title="bbox 358 4244 1592 4733">
    <p class='ocr_par' dir='ltr' id='par_1_10' title="bbox 360 4244 1592 4363">
     <span class='ocr_line' id='line_1_30' title="bbox 401 4244 1592 4301; baseline -0.001 -11"><span class='ocrx_word' id='word_1_236' title='bbox 401 4248 408 4281; x_wconf 86' lang='lat'><strong>¹</strong></span> <span class='ocrx_word' id='word_1_237' title='bbox 439 4246 505 4290; x_wconf 80' lang='lat' dir='ltr'><strong>Vide</strong></span> <span class='ocrx_word' id='word_1_238' title='bbox 522 4258 610 4301; x_wconf 88' lang='lat' dir='ltr'><strong>supra,</strong></span> <span class='ocrx_word' id='word_1_239' title='bbox 626 4252 644 4289; x_wconf 91' lang='lat' dir='ltr'><strong>t.</strong></span> <span class='ocrx_word' id='word_1_240' title='bbox 663 4256 699 4298; x_wconf 84' lang='lat' dir='ltr'><strong>tv,</strong></span> <span class='ocrx_word' id='word_1_241' title='bbox 716 4256 775 4300; x_wconf 83' lang='lat' dir='ltr'><strong>pag.</strong></span> <span class='ocrx_word' id='word_1_242' title='bbox 791 4245 839 4299; x_wconf 79' lang='lat' dir='ltr'><strong>sto,</strong></span> <span class='ocrx_word' id='word_1_243' title='bbox 858 4258 881 4288; x_wconf 90' lang='lat' dir='ltr'><strong>n.</strong></span> <span class='ocrx_word' id='word_1_244' title='bbox 899 4245 947 4300; x_wconf 76' lang='lat'><strong>736,</strong></span> <span class='ocrx_word' id='word_1_245' title='bbox 962 4253 988 4289; x_wconf 87' lang='lat' dir='ltr'><strong>et</strong></span> <span class='ocrx_word' id='word_1_246' title='bbox 1002 4244 1123 4289; x_wconf 81' lang='lat' dir='ltr'><strong>Litterae</strong></span> <span class='ocrx_word' id='word_1_247' title='bbox 1137 4246 1365 4299; x_wconf 76' lang='lat' dir='ltr'><strong>Quadriureslres,</strong></span> <span class='ocrx_word' id='word_1_248' title='bbox 1381 4253 1399 4290; x_wconf 92' lang='lat' dir='ltr'><strong>t.</strong></span> <span class='ocrx_word' id='word_1_249' title='bbox 1413 4256 1449 4298; x_wconf 86' lang='lat' dir='ltr'><strong>ut,</strong></span> <span class='ocrx_word' id='word_1_250' title='bbox 1464 4257 1524 4301; x_wconf 82' lang='lat' dir='ltr'><strong>pag.</strong></span> <span class='ocrx_word' id='word_1_251' title='bbox 1536 4246 1592 4299; x_wconf 81' lang='lat'><strong>⁶71,</strong></span> 
     </span>
     <span class='ocr_line' id='line_1_31' title="bbox 360 4318 480 4363; baseline -0.017 0"><span class='ocrx_word' id='word_1_252' title='bbox 360 4318 480 4363; x_wconf 64' lang='lat' dir='ltr'><strong>annom.</strong></span> 
     </span>
    </p>

    <p class='ocr_par' dir='ltr' id='par_1_11' title="bbox 399 4390 673 4435">
     <span class='ocr_line' id='line_1_32' title="bbox 399 4390 673 4435; baseline 0.011 -3"><span class='ocrx_word' id='word_1_253' title='bbox 399 4390 410 4421; x_wconf 55' lang='grc' dir='ltr'>ἱ</span> <span class='ocrx_word' id='word_1_254' title='bbox 438 4390 673 4435; x_wconf 69' lang='grc' dir='ltr'>Αη.1456ιιά1469.</span> 
     </span>
    </p>

    <p class='ocr_par' dir='ltr' id='par_1_12' title="bbox 358 4460 1589 4588">
     <span class='ocr_line' id='line_1_33' title="bbox 398 4460 1589 4517; baseline 0 -14"><span class='ocrx_word' id='word_1_255' title='bbox 398 4461 409 4493; x_wconf 74' lang='lat'><strong>³</strong></span> <span class='ocrx_word' id='word_1_256' title='bbox 437 4461 464 4503; x_wconf 87' lang='lat' dir='ltr'><strong>P.</strong></span> <span class='ocrx_word' id='word_1_257' title='bbox 476 4461 572 4512; x_wconf 85' lang='lat' dir='ltr'><strong>Joanne</strong></span> <span class='ocrx_word' id='word_1_258' title='bbox 584 4462 704 4517; x_wconf 81' lang='lat' dir='ltr'><strong>Baptista</strong></span> <span class='ocrx_word' id='word_1_259' title='bbox 715 4463 746 4506; x_wconf 83' lang='lat' dir='ltr'><strong>de</strong></span> <span class='ocrx_word' id='word_1_260' title='bbox 756 4462 861 4514; x_wconf 84' lang='lat' dir='ltr'><strong>Bnrma,</strong></span> <span class='ocrx_word' id='word_1_261' title='bbox 874 4462 1006 4507; x_wconf 85' lang='lat' dir='ltr'><strong>Valentini</strong></span> <span class='ocrx_word' id='word_1_262' title='bbox 1017 4462 1125 4517; x_wconf 84' lang='lat' dir='ltr'><strong>Collegii</strong></span> <span class='ocrx_word' id='word_1_263' title='bbox 1135 4460 1254 4517; x_wconf 84' lang='lat' dir='ltr'><strong>Rectore,</strong></span> <span class='ocrx_word' id='word_1_264' title='bbox 1263 4470 1289 4506; x_wconf 85' lang='lat' dir='ltr'><strong>et</strong></span> <span class='ocrx_word' id='word_1_265' title='bbox 1299 4462 1469 4507; x_wconf 79' lang='lat' dir='ltr'><strong>Provincialls</strong></span> <span class='ocrx_word' id='word_1_266' title='bbox 1479 4463 1546 4508; x_wconf 76' lang='lat' dir='ltr'><strong>colla</strong></span> <span class='ocrx_word' id='word_1_267' title='bbox 1575 4488 1589 4503; x_wconf 73' lang='lat'><strong>.</strong></span> 
     </span>
     <span class='ocr_line' id='line_1_34' title="bbox 358 4532 811 4588; baseline 0.007 -13"><span class='ocrx_word' id='word_1_268' title='bbox 358 4533 416 4577; x_wconf 89' lang='lat' dir='ltr'><strong>rall.</strong></span> <span class='ocrx_word' id='word_1_269' title='bbox 427 4532 490 4577; x_wconf 88' lang='lat' dir='ltr'><strong>Vide</strong></span> <span class='ocrx_word' id='word_1_270' title='bbox 500 4544 585 4587; x_wconf 82' lang='lat' dir='ltr'><strong>supra.</strong></span> <span class='ocrx_word' id='word_1_271' title='bbox 598 4546 657 4588; x_wconf 83' lang='lat' dir='ltr'><strong>pag.</strong></span> <span class='ocrx_word' id='word_1_272' title='bbox 668 4534 716 4587; x_wconf 76' lang='grc'><strong>369,</strong></span> <span class='ocrx_word' id='word_1_273' title='bbox 728 4546 752 4577; x_wconf 89' lang='lat' dir='ltr'><strong>n.</strong></span> <span class='ocrx_word' id='word_1_274' title='bbox 763 4535 811 4579; x_wconf 69' lang='lat'><strong>991.</strong></span> 
     </span>
    </p>

    <p class='ocr_par' dir='ltr' id='par_1_13' title="bbox 397 4604 768 4650">
     <span class='ocr_line' id='line_1_35' title="bbox 397 4604 768 4650; baseline 0.005 -2"><span class='ocrx_word' id='word_1_275' title='bbox 397 4605 410 4637; x_wconf 77' lang='lat'><strong>⁴</strong></span> <span class='ocrx_word' id='word_1_276' title='bbox 436 4604 768 4650; x_wconf 82' lang='lat' dir='ltr'><strong>LudovicideSantander.</strong></span> 
     </span>
    </p>

    <p class='ocr_par' dir='ltr' id='par_1_14' title="bbox 398 4676 1004 4733">
     <span class='ocr_line' id='line_1_36' title="bbox 398 4676 1004 4733; baseline 0.003 -13"><span class='ocrx_word' id='word_1_277' title='bbox 398 4676 409 4709; x_wconf 65' lang='grc' dir='ltr'><strong>ὅ</strong></span> <span class='ocrx_word' id='word_1_278' title='bbox 439 4676 526 4720; x_wconf 78' lang='lat' dir='ltr'><strong>Caroli</strong></span> <span class='ocrx_word' id='word_1_279' title='bbox 538 4677 568 4720; x_wconf 90' lang='lat' dir='ltr'><strong>de</strong></span> <span class='ocrx_word' id='word_1_280' title='bbox 580 4676 684 4732; x_wconf 84' lang='lat' dir='ltr'><strong>Borgia,</strong></span> <span class='ocrx_word' id='word_1_281' title='bbox 697 4678 778 4733; x_wconf 86' lang='lat' dir='ltr'><strong>quinti</strong></span> <span class='ocrx_word' id='word_1_282' title='bbox 790 4678 906 4722; x_wconf 86' lang='lat' dir='ltr'><strong>Gandiae</strong></span> <span class='ocrx_word' id='word_1_283' title='bbox 917 4678 1004 4723; x_wconf 82' lang='lat' dir='ltr'><strong>Ducis.</strong></span> 
     </span>
    </p>
   </div>
   <div class='ocr_carea' id='block_1_9' title="bbox 0 0 1864 5400">
    <p class='ocr_par' dir='ltr' id='par_1_15' title="bbox 0 0 1864 5400">
     <span class='ocr_line' id='line_1_37' title="bbox 0 0 1864 5400; baseline 0 3"><span class='ocrx_word' id='word_1_284' title='bbox 0 0 1864 5400; x_wconf 95' lang='lat' dir='ltr'><strong> </strong></span> 
     </span>
    </p>
   </div>
  </div>
 </body>
</html>
