3717 5400
392 459 447 518 100
848 458 976 520 Cannu.
997 455 1076 517 Soc.
1096 456 1166 530 Jas.

389 603 560 680 timebat),
569 603 865 667 vicinumhabere
876 603 1020 666 Patrem
1031 601 1176 682 Laynez
1187 601 1362 682 cupiebat;
1376 601 1623 682 Collegiicura

389 712 525 774 nonita
540 727 620 773 eam
635 710 827 790 premebat.

448 816 519 881 268.
563 817 765 898 Antequam
779 815 963 880 Florentia
978 815 1171 890 recederet,
1189 815 1324 879 litteras
1347 835 1368 880 a
1388 815 1541 880 Ducissa
1564 820 1621 882 ob·

387 926 492 989 tinuit
507 926 544 988 in
557 925 718 988 favorem
733 923 924 987 Madarrae
939 923 1059 1002 (quem
1080 921 1189 986 fuisse
1210 922 1294 986 olim
1314 939 1483 1002 magnum
1505 923 1621 989 Socie-

387 1033 471 1097 tatis
485 1031 732 1096 adversarium
746 1030 900 1094 diximus
916 1028 938 1106 ¹)
953 1031 1081 1110 quibus
1095 1029 1243 1092 curabat
1262 1038 1300 1092 ut
1315 1028 1479 1094 Summus
1503 1031 1621 1096 Ponti-

387 1140 447 1203 fex
462 1158 483 1201 a
498 1138 666 1202 tribunali
679 1137 922 1218 Inquisitionis
938 1152 1084 1200 causam
1100 1135 1146 1198 ad
1161 1151 1199 1198 se
1215 1147 1395 1211 avocaret;
1410 1147 1445 1200 et
1456 1138 1502 1201 ad
1517 1155 1620 1202 suum

386 1247 562 1326 Legatum
574 1243 586 1274 ⁸
597 1245 633 1308 in
643 1244 776 1308 Urbem
787 1244 927 1308 litteras
939 1243 1078 1319 direxit,
1095 1259 1185 1322 quas
1200 1240 1238 1306 P.
1252 1241 1422 1322 ignatius
1440 1252 1478 1308 ut
1489 1244 1619 1309 bonurn

387 1370 454 1434 pro
469 1353 563 1416 malo
578 1351 754 1430 redderet,
771 1351 1015 1432 postulaverat
1032 1345 1055 1408 ⁸.

444 1458 516 1522 269.
560 1457 649 1522 Cum
664 1467 783 1522 autem
797 1475 819 1520 a
838 1455 993 1519 Domino
1014 1453 1208 1518 Francisco
1229 1454 1273 1520 de
1293 1455 1425 1520 Toledo
1444 1459 1620 1536 postulas·

384 1575 439 1629 set
450 1566 554 1647 juxta
568 1565 606 1628 P.
623 1564 772 1629 Antonii
787 1564 831 1629 de
846 1562 1011 1628 Corduba
1027 1561 1163 1626 litteras
1175 1571 1213 1625 ut
1224 1563 1356 1643 pingue
1367 1563 1546 1644 quoddam
1561 1564 1618 1628 be·

383 1672 566 1750 nentium,
588 1671 682 1752 quod
701 1671 744 1734 de
761 1670 948 1734 Pedrocha
969 1671 1162 1746 vocabant,
1186 1670 1355 1734 eumalio
1375 1670 1528 1750 quodam
1547 1689 1618 1734 non

385 1780 502 1843 minus
522 1780 647 1858 pingui
665 1788 898 1842 commutaret
923 1778 959 1841 in
984 1779 1139 1857 gratiam
1165 1777 1315 1857 Collegii
1334 1777 1573 1842 Cordubensis
1592 1777 1615 1857 ⁴,

383 1885 429 1950 D.
446 1887 662 1950 Franciscus
677 1885 720 1948 de
734 1885 879 1963 Toledo,
896 1903 934 1948 re
950 1886 1039 1948 bene
1059 1884 1299 1962 considerata,
1321 1885 1616 1965 permutationem

383 1993 526 2074 quidem
540 1993 698 2073 negavit,
715 1992 778 2056 sed
793 1992 909 2072 ipsum
931 1991 1139 2055 beneficium
1157 1991 1268 2054 libere
1290 1989 1459 2056 Societati
1479 1993 1614 2066 obtulit,

383 2107 422 2162 ut
437 2099 634 2180 Collegium
648 2099 684 2163 in
700 2099 777 2179 ipso
791 2099 921 2178 oppido
936 2097 1119 2161 Pedroche
1141 2098 1400 2174 institueretur,
1417 2108 1452 2161 et
1467 2117 1506 2162 se
1522 2117 1615 2163 anno

382 2207 545 2287 sequenti
558 2206 695 2269 fructus
709 2205 838 2268 liberos
854 2204 1060 2268 relicturum
1075 2204 1247 2284 promisit.
1265 2203 1308 2267 Et
1323 2221 1404 2268 cum
1418 2203 1456 2268 P.
1469 2205 1614 2285 Laynez

380 2330 454 2376 non
468 2330 574 2393 posse
587 2323 662 2376 tam
676 2312 786 2376 multa
801 2312 952 2391 collegia
968 2329 989 2374 a
1004 2311 1135 2374 nostris
1150 2310 1288 2375 admitti
1303 2310 1453 2390 diceret,
1470 2323 1617 2392 propter

382 2420 628 2501 operariorum
641 2419 869 2499 paucitatem,
884 2418 1069 2498 respondit
1083 2418 1152 2492 ille,
1168 2435 1248 2481 cum
1264 2418 1388 2498 paucis
1403 2435 1508 2498 posse
1531 2420 1616 2483 illud

382 2525 582 2606 Collegium
601 2523 772 2588 inchoari.
796 2525 918 2605 Itaque
944 2525 1031 2587 satis
1051 2523 1282 2604 significavit,
1303 2524 1333 2588 si
1353 2525 1501 2589 daturus
1520 2537 1614 2590 esset

382 2633 605 2712 beneficium,
621 2650 660 2696 se
674 2632 824 2713 Collegii
839 2630 1063 2695 fundatorem
1078 2648 1155 2694 esse
1170 2632 1272 2694 velle.

442 2740 515 2805 270.
558 2740 650 2821 Quia
669 2756 757 2802 vero
775 2738 1032 2820 prosectionem
1052 2737 1090 2801 P.
1111 2737 1286 2801 Ludovici
1312 2736 1323 2769 ⁸
1348 2739 1384 2802 in
1400 2737 1615 2805 Sabaudiam

382 2848 419 2911 P.
436 2848 597 2928 ignatius
612 2847 759 2911 arbitrio
772 2846 888 2909 Patris
903 2846 1048 2926 Laynez
1064 2844 1299 2909 Provincialis
1311 2848 1550 2926 commiserat,
1563 2846 1614 2928 ju-

381 2956 515 3019 dicavit
529 2956 587 3018 ille
601 2971 672 3018 non
686 2952 855 3033 expedire
869 2961 908 3015 ut
922 2970 965 3015 eo
981 2950 1275 3033 proficisceretur,
1290 2952 1353 3015 sed
1365 2961 1403 3015 ut
1418 2953 1544 3017 litteris
1556 2972 1613 3017 ne·

377 3062 477 3142 gotia
498 3079 564 3125 sua
578 3060 805 3140 transigeret.
1137 3072 1138 3077 ’

439 3168 510 3231 271.
553 3169 593 3232 In
617 3166 850 3231 renovatione
871 3164 1069 3229 studiorum
1097 3165 1167 3229 hoc
1195 3183 1289 3229 anno
1314 3165 1613 3249 disputationibus

376 3286 606 3340 accesserunt
617 3274 751 3352 dialogi
763 3272 872 3335 latine
881 3270 1216 3351 compositi,quibus
1227 3273 1408 3339 auditores
1419 3274 1611 3354 plurimum

375 3384 543 3447 delectati
557 3381 710 3447 suerunt.
727 3380 828 3444 Unus
842 3388 961 3441 tamen
978 3396 1023 3441 ex
1037 3379 1093 3441 his
1104 3377 1268 3458 dialogis,
1282 3383 1474 3444 vernacula
1489 3382 1613 3462 lingua

374 3488 570 3567 confectus,
587 3497 725 3551 tantum
740 3485 901 3550 utilitatis
915 3484 1048 3548 babere
1063 3484 1163 3548 visus
1178 3493 1231 3549 est
1247 3486 1342 3564 (narn
1356 3487 1401 3551 de
1415 3488 1612 3552 christiana

375 3596 537 3660 doctrina
563 3594 734 3673 agebat),
756 3601 794 3656 ut
813 3592 913 3655 multi
933 3590 1008 3673 ejus
1026 3593 1209 3673 exemplar
1230 3594 1485 3674 expetiverint,
1508 3604 1544 3659 et
1567 3595 1612 3659 ad

374 3705 470 3769 illum
485 3702 625 3783 publice
639 3699 813 3765 edendum
828 3699 874 3762 ad
889 3713 1113 3762 communem
1133 3698 1320 3763 utilitatem
1336 3711 1478 3765 nostros
1492 3701 1611 3765 borta-

372 3820 505 3873 rentur.
521 3808 667 3872 Praeter
682 3808 778 3889 ipsos
793 3815 912 3869 autem
926 3805 1038 3869 Ducis
1051 3806 1182 3869 liberos
1193 3814 1228 3869 et
1243 3808 1444 3887 complures
1461 3808 1607 3888 nobiles

371 3934 565 3998 numquam
579 3915 797 3996 frequentior
812 3921 1031 3976 convenerat
1047 3912 1284 4004 spectantium
1304 3914 1504 3979 multitudo.
1521 3914 1610 3978 Pro·

374 4096 469 4104 ——-
485 4096 574 4102 -.-—.-

413 4194 421 4225 ¹
450 4191 517 4234 Vide
527 4202 613 4245 supra,
626 4199 645 4232 t.
660 4201 676 4239 r,
688 4200 751 4243 pag.
761 4189 797 4231 ⁶7.

411 4264 423 4295 ¹
451 4262 517 4305 Erat
529 4273 551 4304 u
561 4274 591 4303 eo
602 4270 718 4314 tempore
730 4260 883 4303 Averardus
894 4258 1042 4303 Serristori.

414 4335 425 4365 ³
451 4334 519 4377 Vide
532 4333 626 4376 Carras
636 4332 669 4375 de
680 4332 735 4375 San
746 4330 864 4384 rgnacto,
876 4340 898 4375 t.
911 4344 937 4384 v,
947 4342 1008 4386 pag.
1018 4331 1045 4373 tv
1055 4336 1080 4373 ct
1090 4330 1246 4375 ibe-Plures
1261 4336 1349 4375 autem
1359 4333 1389 4376 de
1401 4332 1450 4376 bac
1461 4343 1489 4376 re
1506 4335 1610 4380 litteras

372 4406 469 4461 Ignatii
480 4406 599 4449 dabimus
607 4405 633 4447 in
642 4404 718 4447 Nova
727 4404 808 4451 serie.
816 4410 868 4447 etc.

411 4479 423 4512 ὁ
451 4477 518 4521 Vlde
527 4486 615 4531 supra,
628 4483 646 4520 t.
657 4487 692 4529 iv,
704 4486 765 4529 pag.
776 4476 823 4525 ¹62,
834 4486 858 4518 n.
868 4475 918 4519 332.

410 4550 422 4581 ³
451 4549 538 4593 Patris
550 4548 676 4591 Ludovlci
687 4548 721 4591 du
732 4546 859 4601 Coudrey,
872 4546 982 4600 Collegll
994 4545 1138 4590 Florentlnl
1149 4546 1277 4601 Rectorir,
1289 4547 1344 4603 nati
1355 4548 1381 4591 ln
1395 4550 1488 4603 oppido
1501 4550 1607 4593 Sallun-

369 4620 543 4673 chesfflaure
554 4620 668 4671 savoie).
679 4618 718 4662 Cf.
735 4617 811 4668 Pnar,
824 4617 863 4660 La
875 4618 1037 4671 Compagute
1048 4618 1080 4661 de
1089 4618 1171 4672 Jasus
1182 4630 1214 4660 en
1227 4616 1329 4663 Franco
1340 4619 1377 4661 du
1388 4622 1478 4674 temps
1492 4620 1529 4663 du
1540 4622 1607 4665 Pebe

370 4692 470 4742 Cotton,
481 4702 499 4736 t.
513 4705 537 4745 v,
548 4702 609 4746 pag.
619 4690 655 4733 83.
