3717 5400
807 492 872 552 Au.
899 493 970 552 tbb‘)
1448 493 1503 553 w

266 637 421 716 modari,
438 649 472 701 et
487 640 658 702 sacellum
673 638 866 718 quoddam,
883 615 980 718 quod
993 638 1040 701 ad
1058 639 1154 701 viam
1174 638 1352 719 publicam
1366 638 1502 703 aditum

270 753 447 825 patentem
461 745 616 825 haberet,
630 745 844 810 concinnare
856 745 949 818 lecit;
968 754 1003 808 et
1021 745 1249 808 commodum
1262 745 1348 808 illud
1367 754 1501 808 utcum-

263 867 340 931 que
353 851 430 914 fore
445 852 644 916 videbatur.

335 956 422 1021 1051.
468 957 634 1023 Poterant
649 961 757 1024 etiam
772 961 940 1041 usquead
953 959 1133 1022 sexdecim
1148 977 1194 1022 ex
1209 959 1341 1022 nostris
1355 959 1391 1022 in
1403 959 1500 1022 habi-

271 1065 416 1130 tiatione
431 1065 557 1130 domus
571 1069 756 1132 commode
774 1067 903 1148 excipi3
920 1078 954 1131 et
973 1084 1084 1148 usque
1104 1065 1149 1128 ad
1169 1065 1329 1146 Aprilem
1349 1066 1500 1130 admira·

269 1172 356 1236 tioni
371 1183 447 1236 erat
462 1183 535 1237 tarn
551 1176 694 1252 nostris,
711 1191 818 1255 quam
838 1174 928 1252 aliis,
949 1179 1045 1252 quod
1063 1174 1180 1236 nullae
1201 1173 1500 1236 contradictiones

272 1281 330 1343 vel
344 1282 599 1344 monachorum
621 1284 678 1344 vel
702 1281 913 1346 clericorum
932 1280 1167 1360 insurgerent,
1184 1297 1265 1342 cum
1289 1280 1501 1359 praesertim

261 1396 304 1450 ct
318 1387 444 1451 domus
456 1387 531 1468 jam
545 1399 663 1468 empta
679 1398 771 1452 esset
782 1400 817 1452 et
830 1387 1090 1466 aedificaretur,
1103 1404 1185 1450 cum
1195 1398 1277 1450 ante
1290 1389 1499 1452 electionem

273 1494 362 1558 situs
377 1496 477 1558 multi
491 1511 529 1558 se
545 1495 773 1559 adversarios
786 1494 862 1558 fore
877 1495 1108 1559 minarentur.
1125 1495 1169 1558 Et
1184 1494 1235 1557 ita
1246 1511 1327 1557 cum
1341 1511 1413 1558 non
1430 1511 1501 1558 me-

263 1600 384 1666 diocri
398 1617 462 1665 sua
478 1603 719 1666 consolatione
731 1611 872 1666 nostros
887 1602 924 1665 in
939 1601 1084 1682 propria
1096 1602 1214 1677 domo,
1228 1613 1263 1665 et
1275 1600 1416 1682 quidem
1426 1600 1500 1680 jam

259 1705 367 1786 juxta
384 1705 574 1773 Societatis
592 1709 781 1773 formulam
799 1709 974 1787 ordinata,
998 1709 1150 1789 reliquit;
1171 1718 1207 1771 et
1223 1707 1260 1772 P.
1276 1709 1498 1787 Alpbonsum

272 1813 410 1880 Roman
425 1817 576 1880 caeteris
594 1815 781 1896 praefecit,
809 1835 890 1880 cum
914 1833 986 1898 quo
1007 1817 1152 1881 relictus
1173 1827 1227 1881 est
1248 1817 1286 1880 P.
1307 1817 1496 1881 Balthasar

271 1923 404 2002 Pignas
415 1933 450 1986 et
462 1923 664 1988 Canonicus
679 1925 736 1987 ille
752 1925 871 2004 oppidi
887 1924 929 1987 de
942 1924 1152 2004 Calatayud,
1170 1941 1273 2005 quem
1287 1941 1382 1987 anno
1396 1941 1496 2004 supe-

273 2031 359 2095 riori
373 2029 588 2094 Societatem
602 2031 802 2110 ingressum
823 2031 977 2095 diximus
991 2031 1012 2111 ¹,
1033 2041 1068 2094 et
1092 2030 1236 2094 Patrem
1260 2029 1461 2094 Santander
1474 2031 1497 2106 ¹,

272 2138 330 2201 ubi
350 2137 553 2201 Valentiam
572 2139 809 2218 pervenisset,
830 2148 996 2218 quartum
1015 2139 1238 2202 sacerdotem
1259 2149 1295 2201 et
1314 2139 1500 2202 conciona-

270 2255 386 2308 torem
400 2255 477 2307 erat
492 2247 675 2323 missurus¹
693 2255 834 2325 praeter
848 2245 978 2308 iratres
998 2246 1135 2326 aliquos
1148 2245 1270 2308 laicos,

332 2351 420 2416 1052.
464 2351 507 2415 Et
523 2361 713 2432 antequam
733 2352 1022 2430 Caesaraugusta
1037 2351 1245 2431 discederet,
1269 2369 1314 2415 ex
1327 2350 1499 2431 Majorica

273 2459 409 2524 litteras
417 2439 598 2538 Pro-regis
613 2458 670 2522 ³et
685 2459 907 2539 inquisitoris
918 2456 932 2490 ⁴
942 2459 1091 2540 accepit,
1108 2459 1167 2539 qui
1177 2460 1314 2539 aliquos
1325 2459 1369 2522 de
1383 2457 1500 2522 Socie-

273 2575 346 2631 tate
366 2565 411 2629 ad
437 2568 625 2646 collegium
651 2567 890 2630 inchoandum
911 2568 1150 2647 postulabant;
1177 2564 1303 2645 etjam
1327 2567 1499 2630 ducentos

263 2690 400 2738 aureos
414 2674 522 2737 annui
537 2674 671 2738 reditus
691 2673 879 2751 habebant,
902 2683 937 2739 et
951 2675 1022 2739 alia
1035 2674 1169 2738 auxilia
1184 2693 1204 2737 a
1220 2675 1366 2737 civitate
1382 2684 1417 2737 et
1431 2674 1499 2753 pri·

268 2783 364 2845 vatis
375 2782 534 2846 domibus
543 2783 833 2863 expectabantur.
849 2782 917 2847 Sed
929 2783 998 2846 hoc
1010 2782 1194 2861 negotium
1205 2780 1381 2862 ipseadP.
1391 2779 1499 2845 Fran-

261 2888 404 2953 ·ciscum
419 2891 588 2969 Borgiam
602 2888 723 2968 reiecit
738 2890 762 2969 ⁵·,
778 2891 876 2954 etita
891 2889 1066 2953 Murciam
1077 2889 1259 2970 proiectus
1272 2899 1338 2952 est.

331 2996 418 3061 1053.
460 2996 554 3060 Ante
569 3014 748 3060 recessum
769 2996 843 3077 ejus
861 2996 928 3060 13.a
943 2996 1061 3060 Martii
1078 2995 1340 3059 Barchinonam
1353 2993 1365 3026 ⁸
1376 3012 1500 3075 perve-

268 3122 370 3168 nerat
386 3104 423 3168 P.
441 3103 566 3168 Petrus
584 3104 627 3167 de
647 3104 829 3183 TablareS,
851 3104 911 3185 qui
932 3122 1027 3167 anno
1045 3104 1272 3184 praecedenti
1292 3112 1419 3167 curata
1438 3120 1498 3165 na·

270 3212 451 3290 vigatione
462 3222 665 3275 nostrorum
677 3212 711 3275 in
724 3212 862 3275 Italiam
877 3212 898 3287 ⁷,
912 3223 948 3274 et
960 3210 1120 3290 Pro-regi
1135 3208 1390 3274 catalauniae⁸
1404 3226 1497 3272 com-

261 3319 443 3382 mendatis
458 3320 599 3396 nostriS,
621 3320 681 3399 qai
700 3318 948 3381 Barchinonae
967 3318 1174 3381 habitabant
1194 3317 1391 3395 (eratenim
1405 3314 1497 3379 Mar-

262 3426 385 3489 ·chioni
399 3425 542 3489 Tarisae
557 3426 766 3503 familiaris),
782 3437 955 3488 evocatus
968 3424 1085 3489 iuerat
1099 3424 1274 3504 Hispalim
1294 3442 1315 3486 a
1331 3423 1369 3485 P.
1387 3421 1494 3486 Fran·

270 3532 366 3597 cisco
381 3532 524 3612 Borgia,
552 3534 614 3597 sed
635 3534 671 3596 in
686 3534 809 3596 itinere
835 3532 992 3595 febribus
1012 3549 1056 3595 ac
1070 3532 1212 3597 nivibus
1236 3533 1399 3595 detentus
1424 3540 1498 3594 tres

265 3656 423 3718 menaea,
443 3651 574 3719 rogatu
595 3640 742 3704 Comitis
761 3639 967 3714 Melitensis,
992 3638 1174 3719 Pro-regis
1192 3638 1400 3718 Aragoniae
1426 3638 1498 3717 (qui

312 3884 319 3916 ⁸
348 3883 415 3928 Vide
425 3896 513 3939 supra,
525 3891 534 3927 t
557 3895 593 3934 tv,
602 3896 661 3939 pag.
669 3884 718 3935 370,
729 3895 754 3927 n.
763 3884 811 3937 792,
822 3890 848 3927 et
858 3894 919 3937 pag.
929 3882 978 3934 373.
990 3893 1013 3925 n.
1024 3882 1065 3925 799
1075 3887 1101 3926 et
1111 3888 1197 3926 annot.
1209 3882 1229 3925 2,

308 3956 320 3987 ¹
347 3956 507 4001 Ludovlcum
518 3958 549 3999 de
561 3956 715 4000 Santander.
727 3956 792 3999 Vide
803 3966 891 4010 supra.
902 3966 966 4009 pag.
977 3954 1026 4003 370.
1037 3966 1063 3997 n.
1075 3954 1124 3997 996.

308 4028 320 4060 ⁸
348 4028 478 4073 Gailielmi
490 4030 618 4081 (duriter)
629 4030 659 4073 de
669 4028 795 4073 Rocaiull.
807 4028 922 4081 Dauaro,
934 4026 991 4070 Mor
1000 4037 1031 4069 ar
1042 4027 1178 4080 Artatur,
1190 4026 1314 4071 Historia
1328 4026 1441 4081 generat
1454 4026 1500 4069 dei

263 4100 345 4144 ¹ret'no
354 4102 387 4144 de
398 4100 537 4153 Matiorca,
548 4102 591 4144 lib.
599 4110 633 4152 tx.
644 4112 700 4154 cap.
709 4102 732 4144 7.

308 4174 320 4205 ⁴
347 4172 517 4217 Baccalaarei
528 4172 629 4217 Nicolal
640 4174 670 4215 de
681 4172 843 4217 Montanans.
854 4172 928 4227 lanu,
940 4172 1006 4225 ibid,
1016 4174 1061 4217 tib.
1071 4184 1118 4227 vu,
1129 4184 1188 4227 cap.
1202 4172 1235 4215 12.

307 4243 319 4275 ⁵
345 4243 412 4289 Vide
422 4256 510 4299 supra,
522 4253 540 4288 t.
553 4256 586 4297 tv,
598 4256 656 4299 pag.
667 4244 709 4287 599
719 4252 745 4288 et
755 4244 804 4293 600,
815 4255 838 4288 n.
852 4244 914 4289 1277.

305 4314 318 4348 ⁸
344 4316 528 4361 Barcinonam
539 4318 674 4371 perspicae
686 4324 725 4360 est
734 4316 760 4360 ln
771 4316 816 4360 Ma.
828 4316 1017 4361 Existimamus
1026 4324 1115 4361 tamen
1129 4316 1292 4360 scribendum
1303 4326 1359 4359 esse
1370 4315 1499 4359 Barcino·

263 4399 312 4440 rra,
322 4390 359 4432 ita
368 4396 395 4432 ut
405 4400 495 4432 sensus
502 4390 543 4433 sit:
556 4390 705 4442 Antequam
715 4389 933 4439 caesaraugusta
943 4388 1080 4432 recederet
1091 4388 1221 4431 Murciam
1232 4398 1329 4431 versus
1337 4387 1367 4430 P.
1377 4387 1499 4443 Joannes

263 4460 395 4515 Baptista
407 4462 439 4504 rie
450 4460 565 4515 Borma,
575 4460 729 4504 Barcinona
741 4460 988 4515 Caesaraugustam
997 4460 1051 4506 13.⁸
1063 4459 1160 4502 Martii
1167 4461 1294 4514 pervenit
1310 4460 1342 4503 Ρ.
1353 4460 1451 4504 Petrus
1464 4462 1499 4504 de

272 4533 408 4585 Tabiaras,
419 4535 489 4587 ptri...

306 4604 316 4636 ἲ
345 4606 412 4651 Vide
423 4618 509 4660 supra,
520 4616 538 4651 t.
550 4618 584 4659 tv,
596 4618 656 4661 pag.
666 4605 707 4649 056
717 4611 743 4649 et
752 4604 803 4655 357.
814 4616 837 4648 n.
848 4604 896 4649 763.

306 4677 319 4709 ⁸
346 4678 378 4725 Is.
389 4680 431 4733 qui
440 4679 529 4733 paucis
540 4684 598 4733 post
609 4678 698 4721 verbis
713 4674 830 4720 Marchio
847 4676 878 4719 de
893 4674 984 4720 Tarlia
1002 4683 1174 4730 nuncupatur.
1189 4675 1256 4719 Vide
1274 4686 1362 4731 supra,
1372 4687 1435 4730 pag.
1447 4676 1498 4729 879,

266 4749 363 4793 η.1022.
