3717 5400
360 460 416 519 tro
820 462 947 523 Canon.
968 462 1046 523 Soc.
1066 462 1136 537 Jas.

360 614 545 690 ducentos,
563 623 600 677 ut
615 613 747 693 exigua
761 613 888 675 domus
903 622 938 677 et
952 613 1034 677 huic
1049 614 1189 694 legendi
1204 614 1364 679 instituto
1387 632 1513 694 parum
1534 634 1596 681 ac*

362 720 550 784 commoda
564 720 628 783 vix
642 737 704 783 eos
719 737 847 800 capere
861 730 993 801 posset,
1010 732 1044 784 et
1060 731 1178 785 tamen
1193 721 1230 785 in
1245 722 1320 785 dies
1340 739 1508 786 numerus
1530 741 1594 787 au*

360 828 524 906 gebatur.
541 828 722 892 Exercitia
736 828 845 893 etiam
866 828 1040 891 litteraria
1060 828 1243 893 crebriora
1266 829 1302 891 in
1322 828 1397 893 dies
1418 840 1537 907 erant,
1556 841 1595 897 et.

362 934 553 1015 aliquando
579 936 742 1013 publicae
766 936 948 999 orationes
970 936 1207 1014 habebantur,
1238 936 1428 1016 aliquando
1456 936 1595 1017 dialogi

361 1044 473 1123 latini,
490 1061 511 1106 a
526 1044 708 1123 discipulis
723 1045 779 1106 vel
793 1043 1084 1123 praeceptoribus
1096 1044 1293 1124 compositi,
1308 1046 1445 1107 animos
1457 1043 1587 1109 reficie-

361 1153 459 1228 bant;
474 1152 624 1231 siugulis
639 1160 758 1215 autem
773 1151 897 1214 diebus
908 1151 1047 1214 sabbati
1063 1150 1283 1215 arhetoricis
1293 1152 1433 1231 aliquae
1446 1152 1587 1231 positio·

362 1276 426 1322 nes
440 1259 730 1336 defendebantur3
746 1259 810 1323 sed
823 1259 860 1322 in
873 1258 1100 1322 inferioribus
1115 1258 1222 1322 etiam
1241 1259 1414 1322 classibus
1432 1276 1495 1323 suo
1516 1276 1593 1322 mo-

361 1368 444 1431 dulo
468 1368 506 1430 in
531 1366 844 1431 exercitationibus
866 1384 905 1429 se
932 1367 1158 1441 exercebant,
1184 1366 1312 1447 quibus
1336 1365 1593 1446 discipulorum

362 1475 472 1538 animi
486 1474 744 1539 excitabantur.
761 1474 806 1538 Et
820 1475 872 1537 sic
887 1475 962 1538 suis
976 1474 1267 1554 praeceptoribus
1281 1483 1382 1537 erant
1397 1472 1533 1554 affecti,
1550 1484 1591 1539 ut

362 1582 428 1644 sub
443 1582 522 1644 aliis
537 1598 684 1662 operam
698 1582 784 1645 dare
800 1582 927 1645 litteris
941 1597 1089 1663 prorsus
1103 1583 1196 1645 nolle
1210 1581 1428 1645 viderentur.

427 1687 515 1752 1182.
557 1687 710 1769 Aliquae
737 1689 911 1753 foeminae
935 1688 1147 1769 primariae,
1174 1705 1264 1767 quae
1292 1697 1454 1751 nostrum
1480 1690 1593 1751 sacel-

362 1797 436 1859 lum
451 1796 616 1874 adibant,
632 1814 713 1859 cum
732 1797 857 1859 solitae
876 1805 996 1859 essent
1015 1812 1103 1859 auro
1124 1806 1158 1859 et
1176 1796 1343 1875 gemmis,
1365 1812 1407 1859 ac
1424 1795 1594 1875 pretiosis

362 1904 521 1967 vestibus
536 1921 578 1966 ac
594 1903 797 1983 monilibus,
813 1914 848 1967 et
862 1903 957 1966 omni
972 1903 1066 1967 fastu
1081 1902 1259 1967 mundano
1274 1903 1410 1978 ornari,
1427 1920 1470 1966 eo
1485 1902 1590 1983 depo-

362 2012 441 2089 sit0‚
464 2011 511 2074 ad
528 2028 697 2090 magnam
716 2012 996 2075 moderationem
1017 2008 1080 2091 [se]
1101 2011 1335 2090 reduxerunt;
1357 2012 1490 2074 multae
1509 2028 1591 2075 ora-

362 2119 450 2181 tioni
464 2129 499 2181 et
514 2119 621 2182 rebus
634 2118 877 2199 spiritualibus
891 2134 1037 2198 operam
1052 2117 1138 2181 dare
1153 2127 1187 2181 et
1198 2116 1241 2180 de
1252 2118 1357 2181 rebus
1373 2118 1505 2181 divinis
1515 2134 1588 2181 ser-

362 2241 485 2289 mones
499 2226 649 2289 miscere
663 2242 879 2305 magnopere
893 2225 1094 2305 cupiebant.
1111 2224 1370 2289 concionatore
1385 2235 1504 2288 tamen
1519 2225 1592 2289 hoc

360 2349 456 2396 anno
471 2334 668 2413 Collegium
682 2334 767 2398 illud
782 2334 908 2397 caruit.

424 2441 512 2506 1183.
555 2440 706 2521 Quidam
732 2459 776 2504 ex
801 2442 927 2505 amicis
951 2441 1125 2521 Lugduno
1151 2440 1401 2504 bibliothecam
1427 2440 1514 2503 satis
1537 2440 1593 2503 in-

361 2558 534 2613 structam
555 2548 757 2612 adnostros
779 2548 912 2611 adferri
926 2548 1077 2622 curavit,
1102 2564 1193 2627 quae
1208 2549 1352 2609 multum
1370 2548 1432 2623 eiS,
1456 2556 1490 2610 et
1505 2565 1593 2611 con·-

362 2657 547 2720 solationis
567 2665 603 2720 et
623 2656 785 2720 utilitatis
807 2656 934 2720 attulit.
957 2655 1141 2719 Ducentos
1162 2672 1307 2733 aureos,
1323 2664 1384 2719 aut
1405 2654 1495 2720 sorte
1517 2671 1588 2719 am·

361 2765 453 2844 plius
468 2765 504 2826 in
519 2781 562 2827 ea
584 2768 592 2799 ¹
615 2764 834 2844 expenderat
854 2763 1058 2843 praedictus
1073 2762 1196 2826 Abbas
1218 2763 1261 2826 de
1282 2762 1397 2839 SalaS,
1420 2763 1480 2842 qui
1503 2764 1593 2828 inte*

362 2888 509 2951 pescere
529 2880 698 2950 coeperat
719 2871 756 2933 in
776 2887 840 2933 suo
862 2869 1033 2934 fundandi
1055 2887 1098 2932 ac
1117 2869 1263 2934 dotandi
1288 2869 1437 2948 Collegii
1463 2888 1593 2951 propo-

362 2979 441 3042 sito.
471 2978 708 3042 Nihilominus
736 2977 840 3042 effodi
873 2978 1103 3041 fundamenta
1135 2977 1256 3056 templi
1285 2978 1397 3040 nostri
1421 2976 1591 3056 jusserat,

362 3085 458 3166 quod
479 3085 552 3148 suis
573 3086 739 3165 expensis
760 3085 902 3148 volebat
924 3085 1128 3162 absolvere;
1151 3083 1271 3148 sedin
1293 3085 1379 3162 situ,
1406 3101 1509 3164 quem
1531 3085 1589 3148 de·

362 3192 466 3255 derat
487 3191 509 3271 ¹,
533 3194 700 3273 expensis
721 3191 908 3256 Societatis
931 3189 1111 3254 aedificari
1131 3190 1276 3254 domum
1297 3192 1462 3267 volebat,
1486 3199 1521 3254 et
1542 3191 1592 3258 ad

363 3300 399 3363 id
420 3299 526 3363 vendi
548 3317 649 3376 eam,
673 3316 778 3380 quam
799 3300 912 3362 nostri
934 3298 1200 3377 inhabitabant,
1224 3299 1388 3376 domum,
1410 3315 1524 3378 quae,
1551 3311 1589 3362 ut

364 3416 442 3470 crat
463 3407 689 3470 incommoda
711 3407 842 3468 nostris
864 3405 1084 3482 ministeriis,
1107 3405 1157 3466 ita
1178 3422 1248 3468 non
1270 3403 1408 3468 difficile
1428 3406 1474 3468 ad
1496 3406 1593 3468 hune

364 3531 468 3578 usum
494 3514 776 3593 concedebatur,
802 3524 837 3576 et
865 3531 946 3577 cum
968 3513 1005 3576 in
1029 3515 1161 3594 optimo
1190 3524 1282 3576 esset
1308 3513 1405 3576 urbis
1427 3513 1517 3591 situ,
1544 3512 1593 3580 ad

364 3622 455 3685 civis
477 3621 625 3702 alicujus
646 3639 750 3684 usum
771 3622 902 3702 optime
922 3621 1031 3685 vendi
1053 3632 1212 3701 poterat,
1236 3631 1270 3683 et
1292 3621 1341 3684 ita
1363 3620 1594 3684 fundamenta

365 3729 451 3792 nori
473 3729 622 3805 Collegii
641 3728 761 3808 jacere
781 3739 990 3809 coeperunt,
1012 3745 1105 3809 quae
1124 3740 1242 3793 tamen
1263 3738 1386 3809 postea
1406 3727 1508 3791 nobis
1521 3743 1593 3790 non

366 3845 608 3912 surrexerunt,
631 3852 698 3898 nec
720 3836 819 3899 aurei
833 3836 1003 3916 nongenti
1023 3835 1131 3900 annui
1146 3835 1289 3914 reditus,
1312 3852 1403 3917 quos
1417 3835 1592 3898 obtulerat

366 3943 499 4022 Abbas,
517 3942 563 4004 ad
576 3943 817 4007 maturitatem
833 3954 1017 4006 venerunt.

429 4049 516 4112 1184.
560 4047 738 4113 Offerebat
758 4060 878 4112 autem
895 4059 1016 4112 mutuo
1036 4049 1179 4113 domum
1193 4050 1384 4129 quamdam
1407 4049 1500 4113 idem
1522 4048 1596 4112 Ab·

367 4159 443 4233 bas
465 4174 534 4238 quo
554 4157 666 4220 nostri
686 4156 891 4235 migrarent,
913 4156 1053 4219 interim
1075 4156 1159 4220 dum
1178 4158 1249 4221 alia
1270 4156 1535 4236 aedificabatur,
1558 4165 1595 4222 et

367 4265 415 4329 ibi
436 4263 480 4329 D.
507 4263 720 4328 Benedictus
744 4264 965 4341 Ugucionius
985 4263 1147 4326 inchoari
1171 4264 1341 4328 lectiones
1365 4273 1400 4327 et
1424 4263 1595 4328 exercitia

368 4372 566 4453 spiritualia
585 4371 766 4451 cupiebat;
787 4372 895 4434 immo
914 4381 950 4435 et
965 4371 1133 4451 aliquem,
1150 4372 1209 4450 qui
1229 4371 1488 4452 philosophiam
1502 4371 1598 4450 lege=

410 4579 419 4613 ί
447 4578 562 4623 Voclbns
571 4578 612 4621 hle
623 4579 651 4620 in
663 4577 874 4629 cointelligentia
884 4575 989 4620 videtur
1004 4575 1175 4629 bibliotheca·
1190 4587 1281 4622 verum
1290 4577 1312 4622 sl
1324 4576 1420 4632 lgnrtll
1433 4585 1461 4623 et
1471 4589 1505 4622 ex
1518 4576 1599 4634 Iguu-

369 4653 401 4698 tii
412 4650 715 4698 commissionePolaucl
725 4649 830 4693 lltterae
841 4649 1029 4702 expendantur,
1040 4648 1126 4702 potlns
1135 4649 1167 4692 de
1177 4648 1255 4693 donro
1265 4661 1351 4694 sermo
1363 4649 1419 4695 lierl
1430 4650 1540 4696 videtur.

411 4725 422 4757 Ι
448 4723 516 4766 Vlde
524 4733 612 4778 supra,
621 4726 641 4764 t.
651 4732 678 4776 rr,
688 4732 747 4777 pag.
756 4720 804 4776 ⁶343,
816 4733 832 4764 n
850 4723 899 4767 491.
