3717 5400
830 479 894 540 Au.
917 479 989 540 1555
1492 484 1532 542 63

295 619 373 704 ejus
387 625 534 688 arbitrio
553 625 830 702 committebant;
846 633 881 688 et
896 624 985 687 haec
1006 621 1083 703 ejus
1097 625 1293 688 auctoritas
1313 624 1360 688 ad
1378 642 1520 707 compo·

290 732 430 796 nendas
448 733 639 796 multorum
654 731 854 794 discordias
875 739 910 794 et
927 731 1007 794 lites
1024 730 1282 811 extinguendas
1303 733 1451 796 muitum
1473 732 1527 812 iu·

291 837 413 902 vabat.
434 838 551 919 Aliqui
565 838 660 902 enim
673 837 879 902 fatebantur
900 853 940 901 se
964 855 1170 918 numquam,
1195 838 1265 902 nisi
1289 855 1353 917 per
1380 856 1476 919 eum,
1489 841 1526 906 in

291 945 486 1010 amicitiam
512 943 628 1009 redire
642 945 811 1026 potuisse,
828 961 911 1008 cum
929 954 1048 1007 tamen
1066 961 1112 1007 ex
1137 961 1261 1008 eorum
1287 945 1529 1011 simultatibus

289 1069 422 1132 magna
450 1053 610 1132 utrisque
634 1053 792 1133 pericula
817 1051 1078 1131 impenderent;
1107 1059 1142 1114 et
1166 1052 1331 1132 quamvis
1356 1055 1525 1134 perpauci

290 1169 422 1237 essent,
438 1169 476 1223 ut
491 1158 577 1236 dixi,
593 1159 810 1235 sacerdotes
828 1166 968 1238 tempus
990 1159 1180 1239 aliquando
1197 1159 1438 1239 inveniebant,
1454 1179 1526 1241 quo

287 1275 518 1346 aegrotantes
531 1266 686 1330 invisere
701 1271 736 1329 et
752 1265 942 1342 consolari,
958 1274 992 1329 et
1007 1265 1115 1328 etiam
1135 1265 1172 1328 in
1187 1282 1333 1331 carcere
1347 1267 1523 1346 detentos,

286 1381 323 1435 et
338 1372 427 1436 aiios
442 1371 593 1436 afflictos
607 1372 795 1436 sublevare
807 1381 841 1436 et
854 1372 899 1435 ad
913 1372 1083 1452 pietatem
1097 1371 1266 1436 inducere
1277 1383 1432 1452 possent.
1449 1372 1523 1438 Nec

287 1479 406 1542 minus
421 1478 586 1560 frequens
600 1488 679 1542 erat
696 1495 820 1542 eorum
834 1495 1014 1554 numeruS,
1038 1478 1097 1558 qui
1119 1478 1245 1543 crebro
1263 1479 1397 1543 nostris
1417 1481 1523 1544 conii·

285 1585 354 1650 teri
368 1585 452 1649 etin
468 1585 619 1650 ecclesia
633 1593 756 1648 nostra
776 1584 1042 1649 communicare
1056 1585 1231 1661 solebant;
1246 1585 1355 1650 immo
1366 1596 1400 1650 et
1415 1604 1522 1667 auge·

284 1693 401 1757 batur.

349 1800 417 1864 136.
460 1802 636 1866 Utebatur
651 1800 757 1864 etiam
772 1799 943 1863 Vicarius
959 1815 1068 1879 opera
1090 1801 1272 1880 utriusque
1294 1800 1494 1865 sacerdotis
1511 1804 1519 1834 ¹

287 1905 334 1970 ad
349 1924 408 1971 res
422 1909 605 1988 plurimas
622 1919 658 1971 et
676 1906 888 1987 praesertim
903 1905 950 1968 ad
963 1905 1170 1970 monialium
1183 1906 1297 1970 vitam
1311 1914 1408 1971 recte
1422 1908 1520 1973 insti·

287 2014 469 2078 tuendam.

348 2119 416 2185 137.
459 2119 756 2198 interamnenses,
781 2119 971 2200 collegium
996 2119 1140 2198 aliquod
1160 2128 1309 2184 nostrae
1328 2118 1520 2186 Societatis

282 2229 467 2308 cupientes
481 2237 503 2305 ⁸,
527 2222 663 2291 Perusii
676 2227 784 2291 etiam
799 2243 902 2290 suum
922 2225 992 2288 hoc
1017 2225 1233 2291 desiderium
1257 2227 1389 2291 nostris
1409 2230 1516 2308 expli-

281 2344 423 2414 carunt,
441 2335 559 2398 omnia
574 2351 653 2397 esse
667 2343 804 2412 parata,
818 2342 853 2397 et
869 2333 1012 2397 domum
1026 2341 1061 2395 et
1076 2350 1135 2396 res
1148 2333 1195 2397 ad
1207 2333 1345 2398 victum
1354 2351 1517 2399 necessa-

280 2441 357 2504 rias
371 2441 547 2521 dicebant;
563 2441 626 2504 sed
641 2457 754 2521 neque
768 2439 897 2503 horum
910 2439 1086 2502 voluntati
1101 2457 1215 2520 neque
1236 2438 1448 2520 Spoletanae
1468 2444 1517 2506 ci-

281 2545 431 2611 vitatis⁸
445 2546 611 2611 satisfieri
625 2545 810 2610 commode
823 2553 976 2626 poterat.

343 2652 411 2719 138.
456 2653 543 2719 Erat
557 2652 707 2735 Spoleti,
724 2655 802 2718 loco
826 2653 1028 2719 cardinalis
1041 2651 1214 2734 Perusini,
1230 2653 1292 2735 qui
1310 2671 1389 2720 eam
1406 2657 1516 2721 ecclc·

279 2763 374 2825 siam
389 2761 601 2837 obtinuerat,
614 2760 786 2825 Perusina
796 2760 920 2825 relicta
931 2759 955 2840 ⁴,
970 2760 1135 2825 Vicarius
1147 2760 1210 2825 Dr.
1224 2761 1381 2844 Joannes
1393 2762 1511 2840 Oliva,

279 2870 343 2951 qui
357 2870 417 2934 diu
440 2868 576 2933 Perusii
597 2868 765 2933 Vicarius
784 2868 910 2948 iuerat,
934 2885 1015 2933 cum
1033 2868 1130 2933 idem
1148 2867 1351 2933 Cardinalis
1369 2869 1514 2951 Episco-

277 2985 404 3056 patum
419 2976 515 3040 illum
531 2984 678 3053 teneret;
694 2976 752 3039 ille
767 2975 910 3056 scripsit
925 2974 996 3037 22.Ιι
1009 2974 1171 3057 Januarii
1181 2973 1220 3038 P.
1234 2975 1373 3056 Ignatio
1388 2977 1514 3040 civita·

275 3091 351 3145 tem
364 3082 473 3160 illam,
490 3081 584 3163 quod
598 3092 692 3145 esset
706 3084 744 3146 in
759 3082 884 3146 itinere
900 3080 912 3112 ³
926 3090 961 3144 et
973 3083 1142 3162 populum
1153 3082 1298 3145 haberet
1312 3083 1465 3147 docilem
1475 3095 1510 3148 et

274 3189 323 3252 ad
339 3188 545 3268 religionem
560 3205 787 3269 propensum,
805 3188 971 3252 idoneum
985 3188 1052 3251 sibi
1076 3188 1190 3251 videri
1212 3198 1250 3251 ut
1269 3189 1460 3269 collegium
1474 3193 1509 3254 in

273 3313 319 3359 ea
330 3295 585 3370 institueretur,
599 3304 635 3358 et
644 3312 683 3358 se
694 3294 912 3375 disposuisse
924 3294 1034 3374 cives,
1049 3293 1178 3375 ajebat,
1191 3305 1229 3360 ut
1240 3296 1308 3359 hoc
1320 3297 1510 3378 collegium

272 3401 511 3465 instituerent:
531 3401 606 3482 jam
620 3402 763 3465 domum
780 3401 990 3483 praeparari
1011 3400 1216 3466 Cathedrali
1237 3403 1410 3467 ecclesiae
1425 3405 1508 3468 vici·

268 3524 368 3585 nam,
384 3517 419 3572 et
433 3525 525 3588 quae
539 3510 743 3573 necessaria
757 3518 877 3573 essent
891 3507 938 3571 ad
954 3509 1089 3572 victum
1103 3519 1305 3574 nostrorum
1325 3511 1423 3575 cives
1445 3511 1507 3575 da-

270 3624 374 3678 turos
387 3631 476 3679 esse.
494 3613 639 3679 Petebat
663 3624 780 3679 autem
798 3624 837 3679 ut
855 3614 893 3679 P.
917 3614 1123 3679 Everardus
1146 3634 1189 3678 eo
1208 3617 1424 3694 mitteretur,
1446 3620 1508 3700 qui

270 3722 393 3785 locum
406 3721 607 3802 inspiceret.
624 3720 824 3786 Cardinalis
835 3723 944 3786 etiam
955 3720 1105 3785 Fulvius
1116 3722 1286 3802 Corneus,
1300 3723 1506 3805 Perusinus,

270 3828 320 3892 ad
335 3828 402 3893 hoc
418 3830 533 3909 ipsum
547 3840 695 3894 nostros
707 3830 913 3893 sollicitavit
927 3826 951 3893 ⁸.

336 3934 405 3997 139.
448 3934 605 4001 Contulit
620 3953 707 4016 ergo
721 3954 760 4001 se
771 3934 951 4017 Spoletum
962 3936 1001 4000 P.
1014 3936 1218 4000 Everardus
1229 3954 1310 4001 cum
1322 3938 1419 4019 Mag.
1436 3939 1506 4003 Ed-

312 4212 318 4243 Ι
350 4210 478 4267 Rectorls,
487 4211 597 4265 scilicet,
611 4218 638 4257 et
649 4212 768 4257 Andreae
778 4211 937 4256 Galvmeltt.

309 4282 321 4315 Ι
350 4281 416 4327 Vide
428 4294 516 4337 supra.
528 4290 546 4327 t.
561 4293 597 4337 rr,
608 4294 672 4338 pag.
685 4282 733 4337 lii,
743 4293 768 4327 n.
778 4281 826 4326 28⁹.

307 4352 320 4381 ὓ
349 4354 415 4398 Vide
424 4365 513 4409 snpra,
523 4364 585 4409 pag.
594 4354 627 4409 id,
638 4366 663 4398 n.
674 4356 707 4399 li.

306 4424 320 4457 ⁴
347 4423 456 4471 Fulvius
466 4425 591 4481 corneus,
602 4424 747 4471 cardinalia
754 4424 1016 4474 Perusinus,Pernsio
1026 4424 1159 4480 Spoletum
1169 4426 1314 4469 translatus
1321 4426 1370 4470 init
1380 4426 1429 4472 iu·
1439 4427 1505 4472 liar·

264 4495 298 4539 tii
309 4495 370 4549 tuta,
381 4496 421 4541 cui
431 4496 533 4542 Perusii
544 4498 671 4543 successit
680 4498 736 4553 ejus
746 4497 836 4551 affinis,
848 4495 1004 4553 Hippolyta·
1015 4497 1077 4541 item
1088 4495 1212 4541 Corneus.

307 4566 319 4599 ¹
348 4566 421 4620 Quod
431 4567 513 4613 Rome
524 4568 662 4614 Petusium
673 4570 795 4615 ducebat.

307 4638 320 4671 ⁸
346 4638 443 4693 Ignatii
453 4650 609 4695 responsum
618 4642 652 4685 ad
662 4642 710 4685 lias
721 4641 845 4696 Spoletini
853 4640 954 4685 vicarii
965 4640 1069 4685 litteras
1079 4641 1161 4685 habes
1171 4640 1197 4685 in
1209 4640 1304 4685 Canas
1312 4642 1345 4684 de
1356 4642 1412 4685 San
1424 4642 1504 4695 lgna·

272 4710 327 4761 cio,
336 4716 355 4753 t.
366 4722 391 4762 r,
401 4722 461 4765 pag.
471 4710 499 4755 lo
508 4720 534 4755 et
543 4712 593 4756 352.
