3717 5400
781 470 845 529 Au.
869 469 939 529 1555
1421 469 1477 528 577

243 636 329 683 curn
343 620 441 683 socio
458 616 483 698 ';
501 619 546 681 ad
561 616 683 681 ludum
697 626 814 681 autem
834 615 1045 679 litterarium
1065 631 1103 678 se
1118 613 1316 695 conferens,
1337 615 1476 679 schola·

248 726 347 790 sticis
371 726 494 803 suasit,
519 736 557 789 ut
581 724 731 803 singulis
756 722 936 787 mensibus
961 721 1134 800 confiteri,
1160 732 1265 802 prout
1286 722 1418 786 nostris
1440 723 1476 785 in

244 834 381 897 scholis
395 831 515 911 fiebat,
534 840 823 910 consuescerent;
845 828 939 909 quod
953 829 1102 893 libenter
1128 840 1201 893 tam
1226 840 1477 910 praeceptores

249 957 358 1021 quam
379 938 543 1021 discipuli
563 956 602 1001 se
622 938 789 1019 amplecti
809 936 1068 1017 significabant.
1092 935 1192 1001 Tunc
1214 947 1333 1000 autem
1354 954 1491 1001 eorumn

245 1046 492 1112 confessiones
516 1046 646 1126 partim
668 1045 799 1122 nostri,
826 1044 957 1124 partim
982 1044 1042 1107 alii
1063 1043 1256 1107 confesarii
1275 1042 1476 1107 audierunt.

248 1154 419 1219 lnductus
438 1151 504 1217 fuit
522 1152 603 1233 pius
627 1152 770 1233 quidam
795 1168 872 1215 mos
897 1149 1063 1214 decenter
1089 1161 1249 1214 mortuos
1273 1150 1477 1231 sepeliendi,

249 1263 309 1324 vel
324 1260 452 1341 potine,
468 1262 527 1340 qui
542 1259 578 1322 in
593 1258 859 1326 desuetudinem
874 1257 1021 1335 abierat,
1037 1256 1205 1320 reductus
1219 1267 1284 1336 est;
1301 1272 1384 1320 nam
1399 1274 1480 1321 cum

248 1369 298 1432 ad
312 1367 398 1430 illud
412 1383 523 1447 usque
537 1375 675 1445 tempus
689 1366 752 1428 vix
771 1363 923 1428 inveniri
937 1372 1083 1443 possent
1098 1364 1157 1443 qui
1171 1364 1340 1443 lugubres
1360 1374 1479 1427 vestes

216 1514 220 1521 ν
247 1473 555 1539 confraternitatis
569 1471 853 1549 Misericordiae,
872 1470 994 1534 feretri
1013 1469 1193 1550 bajulandi
1209 1472 1339 1551 gratia,
1360 1470 1480 1535 indue.-

251 1592 343 1659 rent‚
360 1580 487 1643 exinde
502 1588 601 1642 tanta
617 1579 797 1642 hominum
812 1577 1011 1659 frequentia
1026 1577 1072 1641 ad
1086 1577 1155 1640 hoc
1166 1578 1261 1657 pium
1277 1595 1366 1658 opus
1381 1594 1480 1641 acce-

253 1687 337 1753 dere
353 1687 482 1767 coepit,
504 1697 542 1748 ut
562 1702 702 1765 semper
720 1685 829 1765 aliqui
849 1694 1094 1764 superessent,
1110 1694 1145 1747 et
1165 1684 1304 1763 ipsimet
1320 1685 1481 1749 homines

252 1804 398 1859 orarent
412 1803 449 1855 ut
464 1794 510 1857 ad
532 1794 567 1856 id
586 1809 712 1855 munus
732 1792 979 1872 exequendum
1000 1789 1281 1855 admitterentur.
1299 1790 1358 1855 Sic
1374 1792 1482 1857 etiam

252 1905 300 1967 ad
315 1902 582 1965 venerationem
597 1899 813 1963 sanctissimi
831 1899 1046 1963 sacramenti
1060 1898 1305 1963 Eucharistiae
1320 1899 1483 1964 homines

251 2010 397 2075 accensi
411 2017 504 2086 sunt,
522 2017 651 2071 etcum
667 2024 709 2069 ea
729 2006 775 2069 ad
796 2014 1043 2085 aegrotantem
1058 2007 1211 2085 aliquem
1230 2006 1483 2085 deportabatur

254 2135 276 2180 a
296 2116 424 2197 quavis
445 2114 627 2195 paroecia,
648 2123 768 2176 tantus
786 2114 907 2193 populi
926 2130 1122 2177 concursus
1144 2113 1189 2176 ad
1210 2113 1295 2177 illud
1314 2115 1483 2179 comitan-

252 2225 339 2287 dum
354 2222 472 2299 fiebat,
490 2232 527 2285 ut
542 2230 713 2299 negarent
730 2219 841 2282 nostri
857 2236 894 2283 se
910 2219 1103 2300 quidquam
1118 2220 1231 2283 simile
1248 2220 1391 2285 vidisse.

319 2328 406 2393 1590.
450 2328 633 2392 Habuerat
648 2326 740 2389 idem
757 2324 793 2388 P.
809 2326 1018 2415 Emmanuel
1033 2328 1241 2391 concionem
1256 2328 1302 2391 ad
1321 2327 1481 2391 sacerdo·

255 2448 310 2501 tes
330 2436 401 2518 [qui
426 2452 547 2499 omnes
567 2434 603 2497 in
623 2450 798 2521 summum
817 2434 985 2514 templum
1005 2434 1052 2496 ad
1075 2433 1111 2496 id
1136 2432 1393 2513 confluxerant)
1413 2452 1483 2499 ma·

253 2560 350 2624 gnae
365 2542 541 2620 utilitatiS,
558 2557 627 2621 qua
641 2540 711 2603 illis
726 2538 892 2619 explicuit
913 2550 1045 2619 quanta
1061 2541 1214 2620 puritate
1235 2551 1269 2603 et
1284 2543 1485 2607 reverentia

258 2650 304 2715 ad
318 2649 544 2714 sanctissima
559 2653 784 2711 sacramenta
799 2645 1034 2710 confessionis
1048 2659 1083 2710 et
1103 2648 1364 2713 communionis
1377 2649 1485 2714 susci·

259 2757 387 2839 pientia
403 2754 643 2820 accedendum
658 2765 768 2831 esset,
785 2765 820 2817 et
838 2769 971 2834 quanto
989 2773 1070 2818 cum
1084 2755 1201 2819 studio
1216 2758 1416 2837 exemplum
1437 2757 1488 2820 in·

258 2864 436 2945 tegritatis
451 2873 485 2926 et
500 2863 643 2925 virtutis
659 2861 737 2924 aliis
752 2860 919 2924 exhibere
934 2861 981 2924 ad
995 2859 1063 2924 Dei
1078 2863 1231 2940 gloriam
1246 2864 1423 2928 deberent.
1442 2865 1488 2928 Et

259 2973 309 3036 ita
324 2971 394 3034 alia
409 2987 479 3033 non
495 2987 609 3050 pauca
632 2985 713 3032 cum
735 2968 828 3048 apud
848 2984 910 3030 eos
929 2969 1098 3048 egissent,
1121 2969 1276 3034 Eboram
1295 2972 1486 3051 redierunt,

259 3077 425 3160 quamvis
439 3077 611 3140 Elvenses
626 3086 812 3154 peccatum
826 3092 904 3138 esse
919 3075 1095 3156 dicebant,
1110 3078 1203 3157 quod
1217 3090 1292 3140 tam
1305 3080 1404 3142 uberi
1418 3079 1489 3143 fru-

256 3196 318 3250 ctu
333 3185 456 3248 relicto
472 3183 553 3247 inde
568 3182 679 3246 nostri
692 3181 913 3246 discederent
925 3181 949 3259 '3
965 3183 1028 3246 sed
1040 3183 1152 3247 bonus
1166 3184 1271 3248 Pater
1282 3186 1490 3250 Emmanuel

260 3291 481 3357 obedientiae
509 3288 704 3371 parendum
737 3288 895 3368 censuit,
927 3300 963 3352 et
988 3291 1129 3354 rediens
1159 3293 1379 3370 praescripto
1405 3304 1490 3356 tem·

260 3417 364 3481 pore,
381 3401 475 3463 intra
490 3413 624 3477 paucos
638 3413 777 3460 menses
793 3395 838 3458 ad
853 3395 1045 3461 Dominum
1064 3398 1253 3478 migravit,
1273 3416 1344 3463 non
1359 3400 1490 3480 exiguo

260 3508 316 3572 sui
331 3506 506 3571 desiderio
521 3505 658 3568 relicto.

324 3613 413 3677 1591.
457 3612 602 3675 Praeter
618 3620 795 3676 trecentos
810 3611 1056 3691 scholasticos,
1072 3613 1134 3692 qui
1148 3614 1193 3677 ad
1208 3625 1368 3678 nostrum
1390 3617 1494 3679 colle·

260 3721 361 3800 gium
389 3720 623 3796 accedebant,
654 3718 744 3782 alios
772 3720 901 3782 multos
929 3736 975 3782 ex
1004 3719 1151 3783 civitate
1180 3719 1354 3785 Eborensi
1382 3726 1494 3787 nostri

265 3827 468 3892 sacerdotes
484 3826 685 3904 audiebant,
707 3835 742 3890 et
759 3824 861 3905 juxta
882 3844 1069 3890 numerum
1087 3827 1386 3893 confessariorum
1407 3847 1494 3896 mes·

263 3935 314 3998 sis
328 3942 406 3998 erat
420 3945 453 3997 et
469 3932 722 4010 confitentium,
739 3944 774 3997 et
788 3935 907 4015 plures
922 3936 1032 3998 multo
1051 3935 1202 4000 fuissent
1216 3937 1449 4017 poenitentes,
1465 3939 1496 4000 si

262 4040 561 4122 occupationibus
576 4041 655 4104 aliis
669 4039 832 4120 districti,
845 4050 881 4104 et
896 4042 1030 4122 alioqui
1042 4044 1147 4122 pauci
1163 4061 1322 4124 numero,
1335 4045 1508 4110 sacerdo

263 4161 318 4214 tes
336 4167 408 4212 non
430 4147 592 4212 fuissent.
618 4146 808 4212 Vacabant
826 4147 1056 4213 nibilominus
1075 4150 1197 4214 litibus
1218 4160 1254 4214 et
1272 4152 1508 4217 dissensioni.

306 4353 314 4386 ¹
344 4351 671 4396 P.PerrodeSantacruz.

304 4423 315 4456 ¹
343 4422 414 4476 Quae
429 4433 445 4466 a
459 4434 484 4466 n.
499 4421 551 4466 1588
567 4423 698 4477 bucusque
713 4421 849 4468 enarravit
864 4421 1000 4478 Polancus,
1012 4427 1177 4470 continentur
1187 4427 1292 4482 litteris,
1303 4439 1369 4483 quan
1383 4428 1465 4472 habes
1477 4428 1502 4471 iu

266 4496 388 4540 Litterae
397 4493 628 4548 Quadratiana,
639 4502 657 4538 t.
671 4506 705 4548 iv,
716 4507 776 4550 pag.
786 4495 884 4542 705713.
890 4495 1000 4548 -Quare
1009 4499 1122 4542 observa
1132 4511 1164 4542 ea
1180 4500 1267 4544 omnia
1281 4500 1315 4544 ud
1324 4511 1420 4544 annum
1431 4512 1504 4555 prue-

265 4567 402 4612 ccdentem
414 4566 467 4610 rust
477 4575 606 4620 spectata
618 4575 680 4612 acta
689 4574 748 4610 suut
759 4569 827 4612 enim
838 4569 871 4614 ab
882 4567 956 4612 initio
967 4569 1080 4622 Augusti
1088 4570 1121 4613 ad
1133 4569 1210 4615 finem
1218 4569 1379 4626 Septembris
1389 4571 1503 4626 eiusdem

266 4639 326 4683 anni
338 4638 397 4682 lbbi.
408 4637 443 4682 Et
454 4649 483 4681 re
495 4638 599 4692 quidem
610 4649 674 4682 vera
685 4649 772 4682 eorum
784 4639 991 4684 enarrandorum
1003 4640 1106 4684 initium
1116 4643 1203 4696 posuit
1213 4643 1267 4698 ipse
1276 4643 1406 4690 Poluucns
1415 4655 1505 4698 supra,

266 4720 289 4756 t.
299 4721 335 4764 rr,
346 4721 407 4766 pag.
417 4709 466 4762 518,
475 4721 499 4754 n.
512 4708 573 4754 1097.
1301 4721 1306 4728 ·

429 4797 467 4858 Τ·
483 4815 517 4856 v.
1214 4869 1224 4882 .
1331 4825 1362 4879 u
