3717 5400
809 497 870 556 Au.
894 496 965 556 1555
1442 488 1503 548 ⁶27

270 645 405 707 litatem
421 645 585 708 redactos
600 661 689 708 esse.
706 642 751 707 Et
764 642 916 719 labores,
936 657 1025 720 quos
1045 640 1082 702 in
1102 637 1274 718 Hispania
1293 636 1386 699 serre
1406 644 1502 715 pote·

271 761 364 826 rant,
381 751 488 814 immo
503 769 568 815 nec
583 751 736 816 mediam
748 748 888 830 quidem
900 758 1038 830 partem
1054 747 1090 810 in
1104 745 1204 809 India
1216 741 1363 806 tolerari
1384 759 1501 822 possm

274 857 370 920 etita
386 857 446 920 vir
461 874 674 938 quemquam
688 857 804 920 studia
825 857 1070 919 absoluturum
1085 869 1176 923 esse,
1198 850 1283 932 quin
1298 847 1359 930 [in]
1375 865 1502 929 corpo·

273 963 323 1027 ris
339 962 529 1027 adversam
542 964 782 1028 valetudinem
801 962 943 1026 incidat.
1360 1009 1363 1015 .

336 1069 424 1134 1870.
470 1071 714 1136 Admonuerat
729 1071 767 1134 P.
781 1071 939 1151 Ignatius
953 1079 992 1131 ut
1006 1067 1049 1131 de
1065 1067 1164 1142 lociS,
1185 1066 1222 1128 in
1237 1065 1362 1145 quibus
1382 1061 1502 1127 Socio-

273 1187 329 1241 tas
340 1177 517 1242 residebat
532 1187 592 1242 aut
606 1177 829 1254 versabatur,
847 1176 1054 1240 admoneret
1072 1175 1110 1238 in
1123 1181 1211 1254 quot
1225 1170 1359 1251 gradus
1374 1188 1500 1234 versus

274 1285 568 1364 aequinoctialem
583 1286 698 1366 posita
713 1294 848 1362 essent;
863 1282 925 1346 sed
941 1283 1031 1345 haec
1045 1289 1211 1360 suspecta
1225 1295 1303 1342 esse
1322 1278 1498 1358 lusitanis,

271 1392 481 1470 praesertim
501 1391 531 1455 si
554 1392 599 1456 ab
619 1391 777 1455 externis
795 1389 802 1422 ¹
819 1389 953 1467 fierent,
972 1387 1171 1469 respondlt;
1193 1397 1228 1449 et
1245 1384 1324 1448 ideo
1340 1402 1383 1448 ea
1402 1385 1500 1448 dere

270 1497 358 1561 nihil
384 1499 537 1578 scripsit.
564 1497 782 1578 Suspicionis
808 1497 950 1561 occasio
978 1494 1211 1576 proveniebat
1238 1511 1283 1556 ex
1308 1493 1498 1572 partitione

272 1603 377 1668 Orbis
392 1604 496 1682 Novi,
514 1621 617 1686 quem
631 1602 838 1668 Alexander
853 1603 903 1668 VI
923 1600 1087 1666 Pontifex
1107 1600 1284 1664 Maximus
1304 1599 1396 1662 inter
1415 1597 1499 1662 Por·

270 1711 441 1790 tugalliae
456 1721 490 1775 et
505 1711 680 1776 Castellae
693 1711 810 1792 Reges
825 1711 997 1774 diviserat
1011 1708 1035 1772 ⁵.

335 1816 422 1882 1871.
466 1819 510 1882 Et
524 1819 607 1898 quia
626 1819 669 1882 de
684 1819 841 1882 moribus
860 1819 968 1881 etiam
988 1826 1026 1880 ut
1044 1815 1259 1880 scriberetur
1280 1831 1324 1876 ac
1342 1813 1387 1877 de
1408 1811 1499 1875 Reli·

267 1923 379 2003 g'ione
393 1942 516 1990 eorum
530 1926 711 1989 hominum
731 1924 926 2006 injunctum
940 1924 974 1986 ei
987 1921 1103 1986 fuerat
1126 1922 1177 2000 (ut
1195 1919 1397 1984 Cardinalis
1415 1919 1498 1982 83⁸⁰
1556 1973 1563 1990 ,

266 2029 408 2110 CruciS,
425 2042 549 2112 postea
564 2031 699 2097 Summi
719 2031 910 2108 PontificiS,
928 2040 963 2093 et
982 2030 1132 2093 aliorum
1153 2025 1342 2090 satisfieret
1363 2025 1498 2089 deside·

269 2137 359 2218 riis),
376 2138 419 2203 de
435 2140 591 2203 moribus
602 2139 744 2219 quidem
754 2139 842 2202 nihii
853 2137 987 2216 scribit,
1001 2145 1075 2199 tum
1086 2135 1180 2216 quod
1193 2134 1285 2198 varii
1297 2142 1331 2196 et
1343 2133 1494 2209 ridiculi,

272 2254 348 2306 tum
363 2243 457 2325 quod
470 2245 565 2310 foedi
579 2254 613 2309 et
628 2265 649 2310 a
665 2247 802 2310 ratione
818 2242 1055 2321 remotissimi,
1072 2250 1110 2306 ut
1125 2259 1146 2304 a
1161 2243 1333 2305 daemone
1349 2240 1496 2317 inventi,

267 2362 402 2415 essent.

336 2457 423 2522 1872.
467 2456 521 2522 De
539 2457 616 2522 Deo
637 2469 754 2524 autem
773 2469 848 2523 tam
867 2457 967 2522 varie
987 2456 1196 2533 sentiebant,
1218 2456 1338 2519 utrix
1358 2454 1427 2518 duo
1447 2456 1497 2518 in·

272 2565 477 2630 venirentur
492 2566 552 2646 qui
566 2565 659 2629 idem
674 2575 851 2646 saperent.
872 2563 969 2629 Satis
989 2563 1194 2643 diligentem
1208 2579 1247 2626 se
1261 2561 1370 2626 fuisse
1386 2561 1423 2626 Ρ.
1440 2562 1498 2626 Ni·

270 2673 392 2735 colaus
406 2673 545 2752 asserit,
566 2681 605 2745 ut
619 2673 664 2737 ab
678 2673 741 2753 eis,
758 2673 819 2754 qui
833 2673 924 2737 inter
944 2681 1105 2737 caeteros
1119 2670 1307 2753 peritiores
1321 2669 1496 2734 habeban-

267 2788 342 2858 tur,
368 2779 580 2860 intelligeret
605 2782 688 2860 quid
712 2782 899 2861 sentirent;
925 2788 1057 2844 ettam
1083 2779 1237 2843 absurda
1260 2787 1379 2857 erant,
1405 2796 1496 2859 quae

269 2884 320 2947 illi
334 2886 544 2965 sentiebant,
561 2897 704 2967 tamque
719 2906 739 2950 a
757 2888 895 2951 ratione
907 2888 1033 2963 aliena,
1050 2895 1088 2949 ut
1102 2886 1248 2966 indigna
1262 2902 1354 2965 quae
1368 2886 1497 2948 scribe·

267 3000 391 3055 rentur
402 3010 444 3056 ea
455 2994 499 3055 sit
512 2992 975 3074 arbitratus.Muitiquidem
985 2993 1150 3057 dicebant
1160 3008 1270 3055 unum
1279 3008 1359 3055 esse
1367 2990 1494 3070 Denm;

309 3304 316 3337 ¹
347 3304 417 3355 Scil..
428 3306 461 3349 ab
472 3306 510 3359 iis,
522 3306 564 3360 qul
576 3306 741 3351 insitsninon
752 3312 846 3349 essent.

308 3376 320 3409 ⁸
347 3376 423 3421 Bulla
434 3376 510 3419 lurra
521 3388 637 3421 carran
647 3377 762 3421 Divinas
772 3376 930 3430 Mstsrsrrs
940 3386 1122 3420 anensem.
1133 3374 1199 3419 Vide
1210 3376 1313 3429 Aiguns
1325 3377 1498 3421 docuissentne

268 3448 301 3491 do
313 3448 425 3492 Archino
441 3449 562 3492 necionai
572 3450 608 3491 dn
624 3449 703 3492 Tom
714 3450 747 3492 do
762 3448 857 3493 Tombo
867 3458 962 3491 aceres
976 3448 1027 3491 das
1037 3450 1201 3503 navegafdes
1211 3450 1390 3502 acanonistos
1402 3452 1499 3503 portu·

266 3529 377 3571 guerus,
387 3530 447 3574 pag.
457 3518 751 3575 eoos-Antiquissima,
762 3526 789 3563 ut
801 3520 912 3567 videtur.
920 3519 1096 3574 geographico
1106 3520 1209 3571 charte,
1219 3520 1245 3564 in
1255 3531 1314 3575 qus.
1321 3520 1399 3575 Juxta
1409 3519 1497 3564 Ponti·

267 3588 323 3633 licis
334 3590 443 3643 Bulism,
454 3591 523 3635 lines
539 3592 648 3646 quadam
659 3603 675 3635 a
685 3592 861 3647 septentrione
872 3590 905 3635 ati
920 3591 1054 3635 meridient
1069 3591 1147 3635 ducta
1161 3602 1244 3635 novus
1254 3592 1324 3635 orbis
1334 3592 1433 3635 divisus
1447 3598 1497 3645 est,

268 3672 301 3705 ex
312 3661 430 3705 Archivo
440 3660 580 3713 Vaticano,
591 3662 695 3708 Summo
706 3662 838 3717 Pontifice,
850 3661 938 3706 Lenem
949 3660 1166 3713 X111.snnuente,
1177 3668 1307 3715 extracta,
1317 3662 1434 3706 exhibite
1449 3662 1498 3707 tuit

267 3730 367 3775 ilstrrti
377 3742 444 3775 anno
455 3732 576 3778 16921893.
584 3734 651 3779 Eam
661 3735 699 3778 sic
709 3734 832 3779 describit
840 3745 904 3787 opus
913 3733 1074 3788 Exposicion
1083 3732 1365 3787 [dieterico-Europen,
1374 3728 1496 3786 16921693,

268 3802 391 3855 Caiciiogo
398 3804 518 3857 general.
528 3807 586 3849 sala
597 3818 622 3857 v,
631 3818 655 3850 n.
666 3806 687 3849 21
698 3806 832 3850 Bellisima
842 3816 857 3862 y
870 3807 1086 3860 complementis
1097 3805 1254 3860 geogrdfica,
1265 3806 1296 3849 de
1306 3816 1373 3859 gran
1383 3808 1497 3857 temeto,

267 3886 299 3918 en
309 3875 400 3927 viteis,
410 3876 452 3918 dei
462 3877 569 3929 entiguo
579 3890 596 3933 y
607 3878 647 3921 del
657 3888 740 3922 naevo
751 3878 852 3931 mundo,
864 3878 974 3921 trazsda
984 3888 1016 3920 en
1026 3878 1052 3921 la
1064 3884 1167 3922 tercers
1177 3877 1276 3921 decede
1285 3877 1326 3920 del
1336 3877 1403 3931 siglo
1414 3888 1498 3921 xvi.-

266 3944 333 3989 iilde
348 3946 376 3989 tii
385 3949 554 3992 centimetros
569 3948 600 3992 de
616 3950 670 3992 nito
680 3959 727 4002 por
737 3948 787 4003 2,oe
796 3956 893 3993 metros
909 3950 941 3992 de
955 3948 1049 3993 encho.
1063 3948 1148 3992 Lleva
1163 3955 1222 3992 esta
1236 3948 1400 4003 inserlpcion:
1416 3948 1497 3993 Caria

266 4017 408 4060 universai
422 4029 456 4061 en
471 4030 521 4072 que
535 4030 564 4063 se
579 4022 699 4064 contione
711 4021 771 4063 todo
786 4021 811 4063 io
825 4031 875 4075 que
885 4021 929 4064 dei
941 4021 1040 4063 mundo
1049 4031 1079 4064 se
1089 4020 1124 4063 iia
1134 4020 1303 4064 descubierio
1311 4020 1392 4075 sosia
1405 4032 1499 4075 agorn,

264 4085 353 4131 itisoiu
366 4086 448 4141 Diego
460 4088 568 4141 Rivero,
576 4091 767 4147 cosmographo
782 4092 817 4135 de
825 4092 853 4135 S.
864 4090 909 4141 M..
921 4092 973 4134 atio
983 4091 1016 4135 de
1027 4090 1103 4141 1529,
1112 4104 1145 4135 en
1161 4092 1270 4135 Seuiiia.
1282 4090 1321 4135 La
1336 4092 1401 4146 quai
1416 4102 1447 4137 se
1456 4092 1497 4136 rii·

263 4158 326 4201 viae
336 4170 369 4202 en
384 4160 432 4203 dos
445 4164 540 4214 paries
553 4162 691 4213 conforme
704 4163 732 4208 ia
746 4162 928 4218 capitularios
943 4173 994 4217 que
1007 4163 1128 4207 alcinon
1141 4164 1182 4206 ios
1197 4163 1344 4209 catholicos
1358 4164 1447 4219 Reyes
1461 4166 1498 4209 de

264 4228 376 4284 Espana
387 4232 402 4274 e
411 4231 435 4273 ei
446 4230 502 4287 Rey
511 4232 587 4287 Juan
597 4234 631 4276 de
641 4234 766 4287 Poriogai
776 4246 809 4279 en
824 4234 998 4285 Tordess'iias,
1011 4234 1063 4277 atio
1072 4235 1106 4278 de
1115 4235 1191 4279 1494.
1201 4235 1236 4278 Al
1246 4246 1296 4279 nno
1306 4248 1323 4289 γ
1332 4236 1359 4281 nl
1369 4243 1427 4280 otro
1435 4236 1499 4281 ledo

263 4300 295 4344 de
305 4302 331 4345 ln
345 4304 422 4353 lines,
437 4304 567 4349 conforme
583 4306 634 4349 sla
649 4306 830 4361 capitulacion,
846 4308 919 4350 estdn
935 4307 975 4350 los
988 4306 1119 4360 pendones
1133 4308 1164 4349 de
1177 4304 1280 4361 separe
1289 4320 1308 4365 y
1317 4308 1348 4351 de
1359 4307 1497 4363 Portngnl,

262 4374 387 4427 cociendo
397 4377 452 4419 oste
462 4386 494 4419 en
505 4376 626 4421 americi
637 4378 662 4421 la
677 4377 760 4423 tierra
774 4377 815 4421 del
825 4378 919 4422 Brasil.
935 4376 976 4421 En
989 4377 1014 4420 el
1030 4378 1097 4421 Perti
1110 4380 1180 4433 llega
1192 4380 1218 4423 in
1229 4380 1365 4433 conquisto
1379 4380 1459 4425 besta
1467 4380 1499 4425 1ι

262 4446 398 4500 provincie
408 4445 439 4489 de
455 4445 543 4491 Sierrs
554 4446 666 4501 iiorens.
677 4460 709 4493 en
723 4460 790 4507 cnya
806 4448 969 4493 extremldsd
983 4449 1136 4493 meridionai
1149 4461 1261 4504 sparece
1275 4452 1371 4496 escrito
1385 4452 1417 4495 de
1427 4451 1498 4496 tinta

262 4516 320 4571 roja
330 4517 355 4560 el
365 4517 455 4561 ditimo
471 4521 576 4562 nombre
591 4520 622 4563 de
638 4520 774 4575 poblacidn
788 4530 911 4564 entonces
924 4519 1056 4576 conoeida,
1072 4519 1190 4565 ciriacae
1203 4522 1318 4574 stodeat,
1332 4533 1361 4566 es
1376 4523 1455 4578 decit,
1468 4524 1496 4567 is

262 4587 357 4631 clndad
368 4588 399 4631 de
410 4588 534 4643 citinella,
546 4590 658 4635 lundsda
671 4602 717 4647 por
730 4592 863 4646 Aimsgro.
873 4590 904 4635 Ei
914 4592 1009 4636 escndo
1019 4592 1051 4635 de
1066 4592 1209 4647 Aleiandro
1219 4592 1269 4637 Vll
1278 4592 1414 4649 (16661667)
1427 4595 1499 4651 yios

263 4658 296 4703 de
308 4660 333 4703 la
344 4660 443 4705 tamilla
454 4660 538 4715 Chigl,
549 4674 597 4717 qne
608 4676 639 4707 en
648 4665 671 4707 el
680 4670 769 4708 centro
781 4664 822 4707 del
833 4674 909 4718 mapa
920 4676 937 4719 y
947 4675 978 4706 en
988 4671 1102 4719 superte
1111 4664 1257 4709 inierione
1270 4667 1411 4717 observari.
1419 4668 1497 4710 estin

264 4738 372 4787 pnestos
381 4733 456 4777 sobre
467 4735 579 4789 raspatio
590 4736 630 4779 dei
641 4737 731 4781 mismo
742 4748 825 4791 maris.
