3717 5400
811 490 875 548 Au.
903 489 973 547 last>
1456 488 1511 547 lto
1555 503 1558 509 ·

268 635 366 699 tione
391 646 566 702 remotum
590 647 655 714 est,
683 634 776 716 quod
801 637 1002 715 complures
1028 634 1201 699 retinebat
1228 651 1272 697 ne
1302 642 1509 699 nostrorum

267 760 381 823 opera
394 744 440 807 ad
455 760 559 808 suurn
574 743 756 823 spirituale
772 744 945 807 auxilium
959 754 1144 805 uterentur
1164 742 1186 805 ¹.

334 850 422 913 1197.
465 849 590 914 Nullus
603 868 649 914 ex
663 850 795 913 nostris
810 850 856 912 ad
876 851 945 913 hoc
960 866 1071 928 usque
1092 858 1231 929 tempus
1246 850 1289 912 de
1313 848 1510 913 christiana

268 957 437 1021 doctrina
452 958 642 1021 conciones
656 974 721 1037 pro
736 974 834 1021 more
848 956 1038 1021 Societatis
1054 956 1221 1033 habebat,
1241 956 1325 1037 quia
1343 972 1408 1019 nec
1425 966 1512 1019 tern-

273 1065 371 1143 plum
384 1065 566 1145 proprium
581 1066 694 1127 nostri
713 1064 903 1135 habebant,
920 1081 987 1127 nec
1013 1062 1110 1127 Patri
1131 1063 1316 1143 Alphonso
1340 1056 1461 1143 Lo'pez
1476 1062 1513 1127 id

270 1171 424 1234 lucrata
439 1172 624 1251 superiore
640 1168 847 1251 injunctum3
865 1170 928 1234 sed
944 1171 1060 1233 visum
1080 1184 1133 1233 est
1151 1169 1246 1232 Patri
1271 1168 1453 1249 Baptistae
1469 1169 1513 1233 de

273 1277 415 1356 Barma,
439 1278 484 1342 ad
505 1278 704 1343 fundatoris
723 1278 735 1310 ¹
754 1279 1030 1359 postulationem
1053 1277 1145 1355 (nam
1175 1278 1231 1341 ille
1249 1293 1357 1357 aegre
1376 1276 1515 1341 serebat

269 1385 367 1464 quod
381 1388 497 1448 nuilus
511 1403 557 1448 ex
576 1386 708 1449 nostris
726 1387 991 1449 concionatoris
1013 1384 1128 1447 officio
1152 1384 1321 1449 Conchae
1348 1385 1514 1463 fungere-

272 1491 353 1569 tur),
370 1493 440 1555 hoc
455 1493 569 1557 cidem
585 1493 683 1557 Patri
697 1494 882 1574 Alphonso
901 1494 1021 1573 Lopez
1046 1491 1245 1572 iniungere;
1270 1500 1305 1555 et
1325 1492 1373 1555 ita
1390 1492 1514 1555 ultima

269 1596 450 1665 dominica
463 1601 625 1683 Januarii
639 1602 676 1664 in
691 1601 847 1682 quadam
865 1600 1037 1679 parochia
1052 1618 1097 1662 ex
1119 1599 1324 1679 praecipuis
1346 1610 1427 1679 post
1445 1602 1520 1693 me}

273 1708 400 1772 ¹ridiem
414 1710 533 1788 coepit
547 1708 764 1784 concionari,
780 1718 816 1770 et
831 1718 1070 1789 prosequutus
1086 1719 1139 1771 est
1154 1706 1357 1787 hujusmodi
1374 1707 1504 1770 concio

275 1833 341 1878 nes
355 1833 435 1879 cum
451 1833 521 1879 non
537 1815 708 1878 mediocri
723 1832 910 1891 concursu,
927 1814 1172 1877 satisfactione
1190 1824 1225 1877 et
1240 1814 1358 1877 fructu
1381 1813 1517 1877 audito·

276 1931 366 1978 rum.
383 1913 606 1977 Invitabatur
627 1913 733 1976 etiam
752 1930 774 1975 a
789 1914 994 1977 curionibus
1014 1914 1166 1977 aliarum
1190 1912 1456 1992 parochiarum,
1481 1922 1516 1975 et

275 2039 400 2085 eorum
415 2032 545 2099 rogatu
560 2021 596 2084 in
611 2020 894 2100 Quadragesima
911 2022 1041 2085 multas
1064 2020 1255 2084 conciones
1274 2020 1310 2084 in
1336 2020 1447 2084 variis
1462 2036 1517 2087 ec·

275 2128 396 2191 clesiis
411 2128 543 2204 habuit;
559 2137 595 2191 ct
609 2128 773 2207 quamvis
787 2128 824 2191 iu
838 2144 881 2190 eo
896 2128 997 2191 verbi
1009 2126 1076 2190 Dei
1089 2126 1288 2191 ministerio
1301 2126 1419 2190 adhuc
1435 2134 1517 2207 tyro

275 2243 382 2311 esset,
399 2234 543 2314 egregie
554 2244 673 2298 tamen
685 2235 721 2297 in
731 2252 774 2297 eo
788 2252 828 2297 se
838 2236 998 2313 gerebat,
1012 2243 1047 2297 et
1062 2234 1275 2314 perlibenter
1293 2233 1517 2307 audiebatur,

277 2351 432 2405 nectam
447 2341 563 2405 multis
578 2350 718 2422 poterat
739 2340 946 2405 satisfacere
966 2341 1156 2404 conciones
1176 2341 1222 2403 ab
1248 2358 1290 2403 eo
1308 2340 1518 2420 postulanti·

280 2448 357 2524 bus,
372 2466 479 2529 quarn
494 2449 674 2522 voluisset3
689 2449 772 2529 quia
783 2466 850 2511 nec
861 2446 937 2527 eius
948 2447 1116 2513 valetudo
1132 2447 1271 2518 debilis.
1285 2464 1354 2511 nec
1366 2464 1516 2527 occupa·

278 2556 394 2619 tiones
418 2555 681 2619 confessionum
706 2566 741 2618 et
766 2556 917 2619 aliorum
940 2555 1082 2635 pietatis
1105 2572 1251 2635 operum
1278 2554 1313 2619 id
1340 2556 1518 2635 permitte·

280 2661 377 2727 bant.
403 2663 527 2726 Fiebat
547 2664 641 2727 onim
666 2680 862 2727 concursus
887 2680 959 2726 non
979 2662 1168 2727 mediocris
1192 2662 1448 2744 poenitentium
1472 2662 1518 2728 ad

280 2780 435 2846 nostros,
451 2781 486 2833 et
501 2789 562 2834 cas
583 2772 884 2852 frequentantium
898 2788 1067 2834 numerus
1087 2770 1213 2834 indies
1235 2771 1419 2834 crescebat
1443 2782 1518 2835 tam

279 2879 379 2942 domi
391 2889 546 2954 nostrae,
561 2895 667 2958 quam
681 2877 779 2951 foris,
794 2888 829 2941 et
843 2877 980 2941 fructus
995 2878 1196 2959 huiusmodi
1216 2889 1363 2944 sanctae
1384 2880 1520 2942 exerci-

282 2986 426 3048 tationis
447 2984 602 3066 quotidie
627 2985 742 3064 magis
762 2985 929 3050 Conchae
950 2987 1247 3066 cognoscebatur.

345 3093 433 3156 1198.
477 3092 565 3157 Cum
588 3093 760 3176 Januario
784 3110 905 3156 mense
929 3093 968 3156 P.
1003 3093 1165 3174 Baptista
1193 3093 1380 3158 Concham
1407 3094 1520 3170 venit,

280 3201 400 3282 coepit
420 3217 500 3264 cum
519 3200 693 3263 canonico
708 3199 775 3262 Del
793 3200 886 3264 Pozo
907 3201 979 3282 (qui
996 3219 1038 3264 eo
1058 3211 1219 3284 tempore
1241 3200 1409 3266 fundator
1429 3199 1524 3264 futu·

284 3325 344 3371 rus
356 3307 506 3386 Collegii
517 3307 728 3370 credebatur
741 3305 764 3381 ³)
781 3323 890 3386 agere
904 3308 948 3371 de
963 3308 1114 3372 ecclesia
1130 3308 1249 3388 aliqua
1265 3306 1519 3384 construenda,

281 3433 354 3495 qua
369 3414 493 3488 nostri,
510 3415 636 3478 saltem
649 3414 695 3477 ad
719 3426 870 3494 tempuS,
897 3423 1091 3488 uterentur;
1120 3425 1154 3478 et
1180 3433 1262 3480 curn
1287 3415 1381 3478 inter
1396 3413 1522 3480 domos

284 3522 469 3601 quasdam,
486 3521 669 3585 abeodem
693 3521 866 3584 canonico
891 3520 1049 3602 Collegio
1075 3521 1190 3599 datas,
1215 3539 1298 3600 una,
1325 3539 1417 3604 quae
1439 3537 1522 3584 con-

280 3627 405 3708 juncta
418 3637 496 3691 erat
515 3627 724 3692 habitationi
745 3638 962 3704 nostrorum,
990 3629 1118 3693 idonea
1141 3629 1323 3694 videretur
1350 3630 1396 3694 ad
1411 3629 1521 3692 sacel-

285 3738 359 3800 lum
374 3735 641 3810 conficiendum,
659 3735 808 3798 libenter
828 3737 922 3798 hauc
942 3736 1165 3816 provinciam
1186 3736 1382 3800 canonicus
1402 3751 1524 3800 susce·

285 3844 348 3922 pit,
365 3854 401 3908 et
420 3843 523 3907 unius
547 3843 680 3906 mensis
704 3841 821 3923 spatio
843 3861 889 3906 ex
913 3843 1098 3924 praedicta
1123 3843 1229 3908 domo
1256 3845 1429 3907 sacellum
1456 3841 1524 3906 iuit

285 3951 499 4029 confectum,
515 3961 551 4014 et
571 3949 712 4032 quidem
728 3952 816 4014 satis
837 3961 1029 4016 venustum
1048 3951 1278 4030 longitudims
1295 3950 1424 4030 viginti
1439 3967 1522 4030 qua·

291 4119 504 4128 -..-.—-——

327 4229 336 4262 ¹
365 4231 528 4274 subobscure
538 4230 604 4274 haec
614 4230 685 4274 dicta
695 4237 763 4284 παις
775 4240 866 4272 verum
876 4229 940 4272 nihii
951 4229 1021 4273 allud
1032 4229 1072 4273 his
1083 4227 1225 4284 significari
1236 4229 1350 4281 videtur,
1360 4227 1410 4272 uisi
1431 4227 1525 4281 dquod

283 4303 384 4346 clarius
395 4303 549 4357 exprimitur
562 4302 630 4346 inire
640 4315 665 4346 n.
676 4301 737 4347 12⁰5.

332 4375 344 4405 ¹
371 4373 494 4418 canonici
507 4373 576 4416 Petri
587 4374 628 4416 ‹lei
638 4373 714 4418 Poro.
726 4373 792 4417 Vide
803 4385 828 4417 n.
839 4385 894 4427 seq.

327 4446 340 4480 ⁸
365 4446 447 4490 Recte
457 4447 499 4488 hic
509 4446 547 4488 ait
558 4443 686 4490 Poitncns
696 4445 866 4498 credebatur,
880 4445 942 4498 quin
956 4445 1061 4488 tandem
1077 4455 1128 4488 non
1147 4443 1239 4488 Petrus
1250 4443 1292 4488 del
1308 4443 1384 4498 Pozo,
1399 4445 1444 4490 ned
1460 4445 1528 4490 eiius

286 4520 402 4574 eiusdem
413 4519 539 4563 ecciesiae
550 4518 700 4562 conchensis
715 4517 866 4564 canonicus.
876 4518 993 4562 amicitia
1004 4517 1129 4570 peculiari
1139 4517 1194 4571 iam
1206 4528 1222 4561 a
1233 4518 1314 4561 multo
1326 4524 1443 4572 ternpore
1453 4517 1530 4573 igue-

288 4591 325 4634 tio
335 4591 493 4643 coniunctus,
509 4588 602 4634 Petrus
620 4591 652 4632 de
672 4588 807 4644 Marquina
834 4590 958 4633 fundator
976 4589 1062 4632 evasit
1073 4587 1192 4642 Collegil,
1204 4589 1271 4643 quod
1283 4589 1381 4642 templo
1398 4595 1424 4633 et
1439 4589 1528 4634 rediti-

290 4664 338 4706 bus
352 4663 464 4708 dotavit.
481 4661 549 4706 Vide
560 4664 692 4715 Acciana,
703 4663 721 4705 i.
737 4672 768 4716 c..
784 4661 845 4706 Dec.
862 4671 899 4714 ut,
914 4672 956 4705 un.
971 4671 1006 4712 tv,
1018 4671 1075 4714 cap.
1089 4663 1105 4710 i,
1115 4659 1139 4714 S.
1152 4661 1172 4714 l,
1183 4666 1209 4703 et
1226 4659 1359 4718 saccatur,
1370 4659 1444 4706 ΗΜ.
1460 4660 1529 4714 Soc„

290 4740 359 4790 part.
370 4747 399 4794 u,
409 4735 455 4783 lib.
465 4749 491 4788 v,
502 4747 526 4780 n.
537 4737 559 4780 5.
