3717 5400
374 476 431 536 484
831 474 959 535 Canon.
980 474 1058 533 Soc.
1081 481 1150 546 jes.

376 621 498 701 exegit
511 621 549 685 in
563 621 693 702 oppido
708 618 945 705 Glagarisedo
964 618 983 700 ¹,
1002 638 1066 701 per
1080 622 1256 701 colloquia
1272 631 1306 684 et
1325 621 1609 701 praedicationes

377 747 421 793 eo
447 727 612 805 adduxit,
640 740 678 793 ut
704 729 749 791 ab
777 728 955 809 Episcopo
983 728 1252 791 constitutiones
1280 730 1483 809 acciperent
1506 727 1610 809 juxta

376 835 460 901 8³⁸0
477 836 605 901 Clarae
620 837 797 916 regulam;
813 846 848 900 et
863 836 1004 900 demum
1020 834 1066 899 ad
1085 836 1348 901 observantiam
1371 837 1426 901 sui
1443 837 1611 917 instituti,

376 944 523 1026 perinde
538 962 582 1007 ac
596 944 628 1007 si
642 953 726 1007 tunc
740 942 865 1007 fuisset
878 959 983 1006 suum
1002 942 1258 1007 monasterium
1277 942 1488 1023 institutum,
1507 944 1610 1007 reda·

377 1060 458 1116 ctae
483 1060 577 1116 sunt.
604 1050 707 1131 Quod
728 1068 817 1132 opus
837 1067 908 1113 non
929 1050 1157 1114 mediocriter
1183 1049 1398 1132 Episcopum
1423 1050 1609 1127 demeruit,

377 1176 459 1222 cum
475 1160 601 1240 paucis
615 1157 738 1222 diebus
750 1167 785 1220 et
795 1158 954 1222 suaviter
965 1157 1001 1222 id
1012 1156 1177 1221 effectum
1187 1158 1612 1239 videret‚qu0di11emul-

379 1268 427 1330 tis
442 1266 545 1329 annis
560 1274 596 1328 et
609 1282 741 1346 magno
756 1282 837 1329 cum
851 1266 972 1328 labore
987 1264 1124 1328 efficere
1138 1282 1209 1328 non
1225 1274 1399 1345 potuerat.

442 1372 532 1437 1315.
575 1372 661 1437 Erat
676 1372 769 1435 inter
782 1371 996 1453 Episcopum
1017 1382 1051 1435 et
1070 1372 1266 1435 monachos
1286 1370 1430 1435 Ordinis
1448 1368 1509 1434 Sti
1528 1370 1610 1434 Hie·

377 1480 531 1561 ronymi,
546 1478 754 1544 monasterii
768 1479 812 1541 de
827 1478 1037 1559 Guadalupe
1053 1476 1075 1558 ⁸,
1092 1478 1308 1559 gravissima
1329 1479 1504 1559 quaedam
1527 1495 1611 1541 con-

378 1588 503 1667 tentio,
520 1596 554 1650 et
568 1585 614 1651 ad
629 1602 784 1667 pugnam
800 1584 990 1667 aliquando
1006 1594 1152 1648 ventum
1171 1595 1259 1663 erat,
1281 1602 1361 1650 cum
1381 1585 1522 1665 magnis
1541 1584 1611 1649 Dei

378 1694 542 1772 oflensis;
559 1710 650 1774 quae
665 1710 731 1756 nec
745 1692 783 1756 in
797 1692 896 1755 curia
912 1708 1062 1755 romana
1077 1710 1143 1755 nec
1158 1690 1194 1754 in
1207 1689 1362 1755 Consilio
1373 1691 1487 1771 Regio
1498 1710 1610 1756 reme·

381 1803 478 1865 dium
490 1801 620 1865 habere
632 1809 831 1880 potuerant.
842 1797 912 1864 Sed
923 1800 1058 1880 placuit
1070 1798 1212 1863 divinae
1223 1798 1378 1863 Bonitati
1389 1800 1457 1863 hac
1469 1804 1611 1865 ratione

378 1908 595 1972 discordiam
608 1907 702 1970 hanc
716 1906 937 1985 extinguere,
954 1906 1048 1986 quod
1063 1917 1214 1987 utraque
1225 1923 1309 1987 pars
1320 1906 1357 1970 in
1368 1908 1533 1971 manibus
1544 1906 1610 1970 Pa·

379 2016 445 2080 tris
458 2015 643 2079 Francisci
658 2014 811 2093 Borgiae
826 2030 890 2076 sua
903 2012 984 2094 jura
1000 2022 1035 2077 et
1049 2029 1197 2077 causam
1211 2024 1322 2077 totam
1335 2014 1607 2077 constituerunt.

379 2122 449 2187 Sed
464 2138 546 2185 cum
560 2119 598 2185 P.
614 2120 829 2185 Franciscus
842 2138 912 2183 non
928 2120 1149 2183 existimaret
1164 2120 1232 2183 hoc
1247 2121 1429 2200 negotium
1444 2120 1510 2183 sibi
1530 2138 1612 2183 esse

379 2229 648 2307 admittendum,
664 2229 808 2309 rogavit
823 2245 885 2291 eos
899 2238 937 2292 ut
952 2228 988 2291 in
1003 2226 1177 2307 Principis
1188 2225 1347 2308 Joannae
1359 2228 1521 2291 manibus
1533 2246 1611 2291 rem

377 2348 491 2401 totam
505 2338 732 2401 collocarent.
753 2335 798 2398 Et
820 2335 865 2399 ab
887 2335 1065 2416 Episcopo
1089 2334 1209 2398 statim
1230 2352 1423 2397 consensus
1445 2335 1613 2398 obtentus

377 2457 451 2528 est;
468 2466 488 2512 a
504 2445 680 2527 religiosis
695 2444 802 2508 etiam
818 2442 1030 2506 obtinendus
1041 2441 1145 2505 facile
1158 2439 1380 2520 credebatur,
1394 2453 1427 2505 et
1440 2442 1487 2505 ad
1498 2442 1534 2506 id
1546 2441 1608 2504 Pa·

380 2564 471 2618 trem
486 2553 658 2618 Tablares
673 2552 708 2615 in
723 2550 978 2614 Monasterium
994 2547 1204 2629 Guadalupe
1219 2548 1256 2612 P.
1273 2548 1488 2612 Franciscus
1500 2550 1610 2625 misit,

379 2676 464 2724 nam
485 2659 561 2742 ejus
582 2675 692 2740 opera
710 2657 747 2721 in
768 2657 836 2720 hac
855 2672 945 2737 pace
965 2654 1208 2737 componenda
1231 2654 1268 2718 P.
1291 2655 1505 2720 Franciscus
1525 2674 1614 2720 usus

380 2769 509 2850 fuerat.
525 2767 670 2831 Interim
684 2776 803 2828 autem
817 2763 1036 2827 Placentiam
1050 2764 1150 2826 venit
1164 2762 1202 2826 P.
1219 2762 1433 2827 Franciscus
1448 2765 1514 2827 sub
1525 2765 1611 2828 anni

377 2875 495 2954 finem,
512 2874 572 2939 ubi
588 2890 669 2938 cum
684 2888 815 2952 magna
831 2871 1077 2935 aedificatione
1093 2887 1157 2950 pro
1174 2887 1238 2933 suo
1254 2887 1351 2933 more
1364 2881 1530 2934 versatus
1541 2884 1611 2934 est.

439 2980 484 3045 Et
497 2981 587 3045 haec
602 2981 646 3045 de
661 2978 812 3056 collegio
827 2975 1044 3042 Placentino.

684 3405 748 3470 DE
770 3404 1007 3470 COLLEGIO
1032 3403 1305 3469 HISPALENSI

441 3727 529 3792 1316.
573 3726 719 3790 Miserat
734 3727 772 3791 P.
788 3727 1016 3804 Franciscus,
1033 3737 1070 3789 ut
1086 3744 1179 3790 anno
1195 3727 1370 3806 superiori
1385 3727 1502 3789 visum
1516 3735 1570 3788 est
1585 3723 1612 3803 ³‚

381 3837 419 3898 l‘.
436 3834 609 3917 Joannem
623 3833 753 3915 Juarez
767 3832 779 3864 ⁸
794 3851 914 3898 mense
930 3832 1075 3897 Octobri
1090 3831 1102 3864 ⁸
1122 3843 1156 3897 et
1179 3833 1352 3914 quosdam
1373 3834 1464 3897 alios
1485 3831 1610 3912 Hispa·

376 3943 450 4020 lim,
466 3955 505 4006 ut
520 3943 639 4006 futuro
659 3941 809 4021 collegio
831 3941 1035 4003 necessaria
1058 3941 1228 4021 paulatim
1249 3949 1518 4021 praepararent.
1543 3938 1614 4002 Ve-

376 4060 504 4112 nerant
519 4049 626 4114 etiam
641 4065 686 4111 ex
702 4048 831 4129 oppido
847 4045 907 4112 83¹
926 4047 1047 4111 Lucae
1061 4046 1099 4111 P.
1117 4047 1322 4128 Alpbonsus
1337 4047 1456 4126 Avila,
1473 4056 1508 4111 et
1525 4045 1610 4111 Cor·

417 4287 425 4317 Ι
453 4286 600 4342 Jarazcem.
610 4286 678 4329 Vide
689 4297 777 4340 supra.
787 4297 848 4339 pug.
859 4287 907 4340 tat,
918 4299 944 4330 n.
957 4285 1017 4332 1³05.

416 4356 429 4389 ¹
455 4357 640 4402 Monasterium
649 4357 698 4401 hoc
712 4358 739 4401 in
752 4356 878 4411 Hispania
893 4360 995 4403 celebre
1008 4362 1119 4404 “obturo
1134 4359 1302 4414 Jurladlccion
1312 4361 1386 4415 quasi
1397 4359 1536 4416 episcopal,
1548 4371 1616 4404 vere

375 4429 489 4480 arellius,
497 4440 545 4477 eon
555 4431 658 4473 senocto
669 4429 710 4472 del
717 4430 803 4483 lugat,
813 4440 885 4473 mero
894 4442 911 4486 y
921 4431 1003 4474 mixto
1014 4433 1124 4485 imperio
1132 4441 1179 4476 con
1189 4432 1263 4476 todos
1270 4434 1308 4476 los
1319 4433 1407 4477 lueros
1414 4444 1432 4489 y
1440 4431 1564 4476 derecto·
1571 4432 1613 4476 del

375 4499 538 4552 feudallamo;
549 4510 611 4552 pero
628 4507 687 4542 esta
705 4499 840 4542 conceslon
858 4511 890 4544 uo
901 4511 928 4544 se
940 4509 1081 4546 encucntra
1093 4501 1124 4546 en
1134 4504 1159 4546 la
1171 4501 1282 4547 Datarla
1293 4504 1323 4546 de
1336 4503 1439 4558 Roma„
1449 4501 1549 4562 Manen
1561 4505 1578 4546 l.
1589 4514 1615 4546 e.

414 4571 426 4604 ⁸
455 4570 548 4626 Supra,
560 4579 578 4614 t.
589 4580 626 4622 tv,
637 4581 696 4625 pag.
707 4569 756 4625 tub,
767 4580 790 4614 n.
801 4570 848 4614 991.
1667 4553 1674 4568 ⁶

415 4644 427 4676 ⁸
453 4643 665 4697 Ibid.,anuot.l.

413 4714 425 4745 ὅ
453 4715 539 4760 Voces
551 4716 703 4760 basinam
715 4715 820 4760 Octobri
827 4727 904 4761 manu
914 4718 1023 4770 propria
1033 4718 1102 4763 inter
1111 4719 1193 4762 lineas
1202 4718 1312 4763 inseruit
1321 4718 1463 4764 Polaticus.
