3717 5400
828 511 893 571 Au.
915 513 985 572 1555
1468 513 1525 570 155·

295 673 412 724 autem
427 660 477 723 illi
493 660 655 723 Veneriis
672 660 708 722 12
724 676 864 735 aureoS,
881 667 915 720 et
931 659 1091 735 totidem,
1108 658 1289 721 autetiam
1304 660 1434 738 plures
1454 657 1520 722 Ar·

292 777 421 842 aentae
444 767 521 829 dari
544 765 659 846 jussit,
688 779 721 829 et
750 767 800 828 ita
827 766 968 828 rediens
994 765 1193 843 Argentam
1218 765 1256 826 P.
1287 765 1463 844 AndreaS,
1486 768 1521 828 in

294 886 420 954 coepto
437 891 543 953 opere
559 851 853 953 progrediebatur
868 882 903 934 et
917 872 1194 951 Argentensium
1208 872 1326 950 animi,
1341 890 1430 952 quos
1441 889 1521 952 gra·

295 983 387 1044 viter
403 981 562 1044 irritatos
577 993 702 1044 contra
717 992 861 1043 nostros
876 980 1032 1042 diximus
1049 978 1069 1056 ¹,
1087 979 1257 1060 paulatim
1270 979 1428 1058 mitigari
1439 980 1522 1043 inci·

294 1087 449 1166 piebant.
467 1087 506 1150 In
520 1086 588 1149 fine
605 1097 722 1150 autem
738 1086 1054 1165 Quadragesimae,
1077 1103 1157 1148 cum
1180 1087 1369 1149 multorum
1390 1085 1523 1149 confes·

295 1197 413 1257 siones
439 1195 632 1272 audissent,
660 1194 766 1256 latius
790 1193 1037 1256 benevolentia
1060 1193 1242 1256 hominum
1267 1209 1355 1270 erga
1380 1202 1524 1256 nostros

297 1311 419 1379 patere
434 1301 562 1380 coepit,
580 1310 614 1364 et
628 1315 760 1378 magna
776 1301 925 1363 mutatio
942 1301 978 1362 in
993 1300 1150 1363 moribus
1165 1299 1376 1362 cernebatur
1392 1301 1427 1362 in
1442 1300 1525 1376 illis,

294 1409 355 1489 qui
370 1407 526 1470 confessi
541 1408 692 1470 fuerant.

304 1542 308 1549 ·
359 1514 430 1577 441.
476 1513 601 1594 Coepit
616 1513 723 1576 etiam
737 1523 819 1593 post
839 1511 979 1576 Pascha
999 1513 1034 1576 in
1059 1514 1189 1576 sacello
1211 1515 1268 1575 uel
1290 1515 1447 1576 oratorio
1467 1513 1525 1574 do·

298 1622 446 1685 mestico
473 1621 697 1698 concionari,
729 1639 796 1682 nec
821 1620 1025 1700 infrequens
1050 1631 1126 1682 erat
1159 1620 1389 1696 auditorium,
1417 1620 1526 1682 immo

297 1740 395 1791 totus
409 1730 467 1790 ille
481 1730 583 1790 locus
597 1727 609 1758 ¹
624 1727 847 1806 implebatur.

356 1835 426 1897 442.
470 1834 578 1898 Venit
594 1846 712 1898 autem
727 1835 927 1914 Argentam
942 1833 979 1896 P.
998 1834 1217 1908 Pelletarius,
1232 1843 1266 1896 et
1279 1833 1459 1896 meliorem
1471 1847 1522 1896 re-

298 1959 378 2005 rum
392 1941 532 2020 faciem,
549 1959 656 2021 quam
668 1951 934 2021 expectaverat,
949 1941 1095 2017 invenit,
1109 1953 1143 2002 et
1156 1939 1400 2019 coadjutorem
1411 1955 1529 2002 sacer·

297 2049 428 2126 dotem,
451 2065 556 2128 quem
577 2048 764 2127 expetebat
779 2046 817 2110 P.
837 2047 1013 2126 Andreas,
1037 2047 1192 2110 dandum
1214 2046 1263 2108 illi
1286 2063 1375 2124 esse,
1398 2047 1428 2108 si
1452 2045 1528 2108 fieri

300 2168 434 2234 posset,
452 2155 630 2232 censebat,
646 2155 729 2234 qnia
746 2155 873 2217 messis
887 2155 923 2216 in
939 2154 1014 2216 dies
1034 2171 1195 2216 crescere
1216 2153 1414 2216 videbatur.
1439 2152 1528 2216 Cum

302 2273 421 2324 autem
437 2261 581 2324 domurn
595 2261 847 2325 conductitiam
859 2261 1018 2336 vidisset,
1032 2279 1123 2341 quae
1136 2261 1284 2341 pulchra
1296 2271 1329 2323 et
1341 2260 1528 2323 commoda

302 2369 351 2430 ilii
366 2368 525 2445 visaest,
542 2385 753 2431 consensum
768 2367 894 2448 etipse
913 2367 1029 2430 Patris
1049 2367 1178 2446 Ignatii
1200 2384 1263 2447 per
1283 2367 1420 2429 litteras
1442 2367 1527 2429 obti-

300 2492 384 2538 nere
407 2474 601 2551 nitebatur,
628 2485 666 2537 ut
692 2474 915 2552 collegioium
942 2474 1165 2553 Argentense
1190 2475 1329 2536 firmum
1355 2484 1529 2551 maneret,

302 2581 396 2660 quod
411 2581 504 2643 bona
520 2599 601 2643 cum
616 2581 722 2644 venia
736 2579 849 2644 Ducis
864 2591 898 2644 et
913 2581 1158 2644 aedificatione
1173 2580 1350 2643 removeri
1365 2598 1435 2643 non
1450 2597 1529 2660 pos·

303 2708 342 2751 se
353 2687 547 2768 judicabat.
564 2685 753 2752 Petebatur
768 2697 887 2752 autern
901 2687 1053 2752 facultas
1069 2687 1114 2751 ad
1129 2688 1273 2753 domum
1288 2689 1469 2768 propriam
1481 2688 1529 2751 ibi

306 2796 517 2873 habendam,
535 2812 640 2875 quam
656 2805 801 2858 eatenus
813 2795 850 2857 P.
864 2795 1023 2875 ignatius
1035 2812 1104 2858 non
1116 2805 1355 2859 concesserat.
1370 2794 1440 2858 Sed
1454 2806 1532 2857 tan·

303 2903 383 2964 dem
398 2919 471 2964 non
487 2903 609 2964 abnuit
623 2911 661 2963 ut
676 2902 802 2964 domus
817 2903 1050 2982 acciperetur.
1072 2902 1117 2964 Et
1137 2901 1180 2964 D.
1207 2902 1411 2965 Alexander
1432 2902 1529 2965 Fias·

302 3009 360 3071 chi
372 3008 510 3071 Ducem
526 3009 687 3071 habitare
702 3026 806 3087 posse
822 3009 857 3071 in
873 3019 1082 3089 perpetuum
1097 3008 1137 3071 62
1153 3026 1281 3071 aureos
1297 3006 1318 3086 ³,
1333 3025 1423 3087 quos
1436 3025 1530 3071 com-

305 3116 458 3178 munitas
473 3115 658 3193 Argentae
672 3115 919 3194 ludimagistro
935 3114 1021 3178 dare
1037 3116 1142 3177 solita
1158 3126 1245 3179 erat.

360 3222 432 3283 443.
476 3220 649 3283 Creverat
662 3221 735 3300 jam
750 3222 964 3302 usqueadeo
984 3222 1234 3285 confluentium
1255 3221 1300 3285 ad
1322 3222 1530 3286 concionem

302 3328 499 3405 multitudo,
528 3338 565 3391 ut
591 3328 761 3392 sacellum
785 3346 848 3391 eos
873 3347 1002 3409 capere
1027 3348 1097 3392 non
1121 3341 1251 3409 posset,
1276 3340 1410 3392 etcum
1431 3328 1532 3392 multi

302 3452 380 3498 cam
408 3436 522 3515 ipsam
547 3435 592 3498 ob
617 3452 764 3498 causam
790 3454 862 3499 non
887 3436 1059 3513 venirent,
1083 3436 1177 3515 quod
1197 3438 1297 3499 locus
1322 3454 1438 3516 capax
1460 3453 1531 3499 non

302 3552 407 3619 esset,
425 3537 600 3621 agebatur
615 3543 658 3604 de
678 3541 907 3604 concionibus
927 3542 963 3604 in
984 3543 1089 3605 aliam
1110 3544 1297 3606 ecclesiam
1319 3542 1532 3605 transferen-

301 3649 374 3727 dis;
388 3648 449 3711 sed
465 3650 548 3728 quia
565 3649 733 3711 Vicarius
747 3660 782 3711 et
797 3648 949 3712 Parochi
966 3666 1089 3728 parum
1105 3661 1206 3712 erant
1222 3650 1395 3725 benevoli,
1412 3667 1482 3712 non
1496 3650 1532 3712 id

303 3767 441 3818 tentare
456 3756 567 3817 voluit
581 3754 620 3817 P.
636 3754 812 3829 Andreas;
830 3756 996 3835 quamvis
1018 3774 1090 3819 non
1111 3756 1216 3836 pauci
1238 3758 1272 3817 in
1296 3757 1372 3836 ipsa
1395 3758 1452 3820 via
1470 3774 1532 3836 pu·

306 3863 397 3925 blica
409 3862 653 3939 subsisterent,
667 3879 747 3925 cum
757 3862 830 3942 jam
843 3864 1036 3926 oratorium
1045 3863 1265 3926 auditoribus
1276 3866 1417 3943 plenum
1426 3874 1531 3925 esset.

304 3968 349 4031 Et
363 3971 527 4049 quamvis
543 3986 599 4031 res
615 3985 761 4047 prorsus
776 3978 869 4031 esset
884 3986 980 4031 nova
992 3968 1186 4049 Argentae,
1202 3970 1300 4033 multi
1314 3972 1439 4033 crebro
1451 3987 1533 4033 con-

304 4074 392 4137 iiteri
417 4088 451 4138 et
476 4076 737 4138 communicare
762 4075 988 4156 incipiebant,
1019 4087 1053 4138 et
1078 4096 1099 4140 a
1124 4078 1281 4157 peccatis
1310 4076 1537 4156 gravissimis

304 4183 403 4245 nmlti
417 4183 657 4262 emergebant.

342 4387 352 4417 ¹
382 4385 448 4429 Vide
457 4396 546 4440 supra,
557 4394 577 4429 t.
587 4398 622 4438 tv,
633 4397 692 4440 pag,
703 4386 730 4430 87
739 4393 765 4429 et
774 4386 809 4439 88,
820 4398 863 4430 nn.
874 4386 970 4430 158180.

343 4459 354 4489 ¹
383 4456 639 4507 &incensandum

343 4528 354 4559 ³
382 4528 424 4573 Sic
433 4529 570 4582 perspicue
579 4530 606 4572 in
616 4528 671 4581 lisa
682 4529 727 4573 sed
739 4541 786 4573 nec
796 4532 926 4574 sententia
937 4541 983 4574 nec
995 4530 1114 4586 syntaxis
1124 4538 1252 4575 constant.
1264 4530 1337 4575 Unde
1348 4532 1535 4576 emendandum

304 4600 408 4644 videtur
418 4601 467 4643 boc
474 4600 558 4644 modo:
569 4600 603 4643 D.
614 4602 769 4645 Alexander
778 4600 884 4646 retexas
895 4602 997 4646 Ducem
1008 4603 1148 4657 persuasit
1159 4604 1189 4645 ui
1203 4602 1298 4647 haberi
1309 4606 1422 4658 possent
1435 4604 1464 4647 in
1472 4608 1534 4658 per·

301 4676 417 4725 potuum
428 4672 463 4715 62
472 4672 559 4724 aurei,
570 4679 615 4716 ant
626 4673 678 4717 aiio
688 4674 775 4725 simili,
785 4685 860 4727 quem
871 4681 988 4717 statuere
999 4682 1072 4718 certo
1088 4685 1138 4717 non
1153 4684 1294 4727 possumus.
1312 4677 1372 4730 qula
1386 4674 1492 4729 antiqua
1504 4675 1538 4717 de

304 4743 355 4786 linc
365 4754 396 4786 re
404 4754 566 4787 monumenta
578 4754 628 4788 non
639 4745 758 4789 vidimus.
