3717 5400
799 492 862 550 Aa.
884 492 955 552 1555
1437 496 1489 554 att

259 637 496 718 Episcopatus
513 635 532 699 ¹.
554 635 621 699 Per
637 654 744 700 unum
765 654 896 700 annum
916 638 1144 701 nihilominus
1165 648 1203 701 ut
1224 639 1399 718 patienter
1414 658 1491 703 cru·

262 762 340 808 cem
352 745 445 807 hanc
459 743 579 820 ferret,
597 760 806 823 responsum
822 744 872 807 illi
885 753 950 806 est.

323 849 394 913 690,
437 850 535 930 Quae
561 861 822 914 consueverant
849 851 986 914 duobus
1011 853 1201 915 lectoribus
1226 854 1427 933 theologiae
1455 864 1490 917 et

231 937 234 943 ⁵
264 958 506 1022 concionatoti
520 957 577 1020 gu
592 957 761 1037 Stephani
773 975 838 1038 pro
851 959 1025 1038 stipendio
1041 958 1176 1036 donari,
1192 959 1229 1022 id
1242 959 1319 1023 Rex
1328 959 1432 1040 jussit
1445 963 1492 1026 ad

264 1066 373 1128 libros
387 1065 554 1128 emendos
569 1074 603 1128 et
618 1066 688 1127 alia
703 1065 904 1128 necessaria
926 1066 977 1127 sic
997 1067 1175 1145 converti,
1190 1075 1368 1130 utcontra
1396 1068 1492 1132 insti-

264 1183 377 1236 tutum
397 1170 585 1235 Societatis
606 1171 693 1234 nihil
711 1171 822 1248 tieret;
849 1181 883 1234 et
909 1171 954 1234 D.
980 1173 1157 1251 Lucretio,
1183 1172 1495 1253 Superintendenti

265 1277 509 1343 universitatis
520 1277 543 1354 ¹,
561 1279 748 1356 commisit,
762 1289 801 1340 ut
816 1277 858 1339 ad
873 1295 911 1340 se
926 1279 1101 1358 reciperet
1111 1279 1286 1358 stipendia
1298 1281 1493 1360 praedicta,

265 1387 364 1450 etsie
380 1387 520 1448 demum
537 1385 572 1447 in
587 1403 690 1448 usum
708 1385 857 1464 Collegii
872 1385 986 1448 daret.

322 1493 392 1555 691.
437 1494 639 1572 Antequam
661 1491 801 1555 Vienna
822 1493 1005 1554 recederet
1030 1492 1068 1554 P.
1096 1493 1270 1572 Canisius,
1297 1495 1493 1558 Februario

265 1618 385 1664 mense
401 1601 588 1680 impetrata
604 1614 656 1662 est
675 1599 827 1662 facultas
848 1601 1052 1678 publicandi
1069 1600 1263 1680 jubilaeum
1290 1599 1313 1679 ³,
1329 1603 1495 1682 quamvis

265 1717 366 1787 petra
381 1707 541 1769 scandali
556 1707 674 1768 multis
695 1717 787 1769 esset
802 1705 824 1783 ⁴;
842 1717 875 1769 et
896 1707 1079 1775 admonuit
1097 1706 1232 1786 Regem
1253 1707 1496 1771 Romanorum

266 1815 357 1878 idem
383 1813 419 1876 P.
443 1813 618 1890 CanisiuS,
639 1815 668 1876 si
689 1831 759 1877 non
780 1825 987 1893 sequeretur
1003 1813 1158 1877 visitatio
1178 1813 1435 1895 Episcoporum
1460 1817 1496 1878 in

265 1921 333 1984 illis
348 1921 578 1992 dioecesibus,
595 1920 762 1982 damnum
777 1921 976 1983 animarum
992 1921 1238 1999 inexplicabile
1260 1930 1294 1983 et
1315 1921 1437 1984 forsan
1452 1922 1496 1984 ir-

265 2029 463 2108 reparabile
472 2029 557 2090 iore.
568 2027 746 2090 Viennam
758 2036 1007 2107 praeceptores
1024 2027 1255 2106 Vitemberga
1270 2029 1460 2091 veniebant
1472 2027 1495 2107 ³;

267 2153 333 2198 nec
354 2135 557 2198 sacerdotes
573 2145 696 2196 contra
717 2134 763 2210 id,
786 2135 879 2214 quod
895 2136 1025 2214 populo
1047 2135 1222 2213 placebat,
1239 2136 1428 2215 quicquam
1449 2136 1496 2198 lo·

270 2242 467 2323 quebantur
489 2239 510 2318 ⁸3
533 2239 711 2321 Episcopo
736 2241 935 2304 Labacensi
961 2253 995 2304 et
1015 2241 1159 2323 Jesuitis
1178 2242 1262 2315 solis
1284 2241 1496 2320 tribuebant,

268 2349 362 2428 quod
375 2347 454 2411 Rex
468 2347 709 2411 Romanorum
724 2349 760 2410 in
774 2349 921 2428 antiqua
936 2348 1110 2426 religione
1125 2358 1373 2427 perseveraret
1388 2349 1409 2410 ².

331 2454 402 2516 692.
447 2453 625 2518 Censuras
648 2453 868 2532 catechismi,
895 2453 1008 2517 Roma
1028 2454 1157 2516 missas
1179 2471 1200 2516 a
1223 2454 1328 2517 Patre
1347 2456 1497 2536 ignatio,

268 2579 349 2624 curn
365 2561 561 2642 accepisset
577 2561 669 2624 idem
684 2559 789 2623 Pater
805 2560 981 2639 CanisiuS,
995 2569 1146 2639 quatuor
1161 2562 1269 2624 millia
1280 2565 1497 2643 exemplaria

283 2768 483 2777 ——un——n

312 2930 317 2959 ¹
349 2930 446 2973 canisii
456 2929 569 2981 litterae,
581 2940 594 2971 e
606 2928 696 2982 quibus
707 2928 772 2972 haec
782 2928 941 2982 deprompsit
953 2927 1086 2971 Focaneus
1095 2930 1203 2983 periisse
1213 2930 1346 2980 videntum
1356 2930 1419 2973 nibil
1432 2932 1498 2977 enim

270 3002 354 3045 simile
363 3002 388 3044 in
399 3000 475 3044 edltls
485 3012 501 3043 a
513 3000 717 3043 Barousanncnn
727 3000 877 3053 reperimus.
890 2998 940 3043 Sed
952 3000 1011 3043 vide
1022 3000 1135 3055 Polemi,
1147 3012 1179 3045 ex
1190 3013 1265 3054 com,
1274 3003 1307 3045 ad
1318 3001 1499 3047 0661616616-

271 3080 352 3119 teras.
364 3084 429 3127 quas
440 3073 507 3115 idem
519 3072 725 3116 annumerasse
736 3071 825 3123 ailert,
835 3072 852 3113 1.
864 3083 894 3123 c.,
905 3082 966 3125 pag.
976 3071 1018 3114 500
1027 3078 1054 3115 et
1063 3072 1112 3117 501.

310 3147 321 3177 ²
347 3143 439 3196 Joanni
450 3144 558 3187 Alberto
569 3142 778 3187 Widmanstadio
793 3142 1018 3196 (Widmanstadt,
1038 3144 1277 3201 Widmanstetter),
1286 3147 1353 3190 allas
1367 3146 1501 3191 Lucretio.

269 3213 336 3259 Vide
345 3226 434 3267 supra,
445 3221 464 3257 t.
475 3226 511 3266 tv,
522 3226 583 3268 pag.
594 3212 1021 3265 266,66661.2.-“1·116Ι,666611616
1032 3215 1088 3260 ideo
1098 3228 1127 3260 66
1137 3217 1233 3260 dixisse
1248 3218 1359 3270 videtur,
1375 3218 1501 3272 6661166-

268 3287 379 3331 cretlam
390 3288 419 3330 de
431 3286 581 3339 Leonsberg
593 3286 841 3337 uxoremduxerat.„
852 3285 1066 3340 Bnauassaaosa,
1078 3289 1095 3331 1.
1106 3300 1136 3340 6.,
1147 3300 1207 3343 pag.
1218 3289 1266 3342 562,
1278 3298 1366 3333 annot.
1376 3291 1398 3333 5.

309 3360 320 3389 ⁵
349 3357 554 3413 lnterpunctione
565 3358 633 3401 hica
649 3358 722 3401 nobis
732 3357 850 3401 adhibita
866 3357 945 3405 (nulla
960 3360 1027 3401 enim
1038 3366 1077 3402 est
1089 3361 1115 3403 in
1129 3360 1185 3413 1116.)
1199 3362 1297 3404 auferri
1311 3361 1376 3405 satis
1392 3362 1496 3405 videtur

269 3431 375 3475 errandi
385 3430 495 3473 occasio.
507 3429 597 3473 Melius
607 3434 694 3473 autem
710 3430 847 3472 tolleretur
858 3430 903 3471 sic:
915 3428 1008 3472 Mense
1018 3430 1175 3483 Februario,
1185 3435 1329 3485 antequam
1346 3431 1448 3475 Vienna
1457 3443 1498 3476 re·

270 3503 376 3547 cederet
391 3501 419 3545 P.
433 3500 568 3553 canisius,
586 3502 760 3555 impetrata...
775 3500 894 3544 Canisius
910 3502 978 3544 euim
988 3501 1091 3545 Vienna
1106 3503 1154 3545 boc
1170 3514 1236 3548 anno
1253 3515 1303 3548 non
1317 3504 1425 3547 recessit
1440 3510 1501 3548 ante

270 3576 339 3620 diem
348 3574 375 3617 29
385 3573 453 3623 Maii.
463 3574 488 3617 ln
498 3585 548 3628 qua
559 3572 664 3617 litteras
673 3574 743 3617 dedit
755 3572 928 3616 chhmanno
945 3584 996 3617 van
1012 3574 1061 3615 den
1076 3574 1171 3629 Bergh.
1185 3577 1282 3620 consuli
1297 3576 1503 3630 noviomagensi,

271 3658 336 3701 quas
346 3646 426 3689 aliert
438 3644 650 3695 Banunsasnosn,
661 3646 669 3687 l
689 3656 721 3695 c.,
731 3656 794 3698 pag.
805 3642 997 3687 &wala-Vide
1006 3646 1085 3687 etlam
1093 3647 1161 3699 apud
1170 3648 1286 3690 cumdem
1296 3646 1500 3690 Bsaunsssaosa

270 3731 330 3776 pag.
342 3728 402 3769 xcv,
413 3716 569 3762 ubidicitur:
580 3716 654 3767 “¹555,
665 3716 723 3768 Jun.
735 3721 802 3769 16661
813 3715 836 3768 9)
846 3714 966 3759 Canisius
977 3715 1097 3769 [Vienna]
1110 3717 1255 3771 Augustam
1265 3718 1500 3762 Vindelicortanad

271 3790 464 3835 Ferdinandum
474 3787 572 3841 Regem
582 3788 763 3842 proficiscitur.
774 3788 892 3831 Exeunte
902 3788 962 3840 Jun.
976 3790 1019 3831 vel
1029 3788 1504 3841 166661616111166116166611116116116

271 3860 387 3915 Pragam
396 3860 451 3903 abit
462 3860 495 3902 ad
507 3858 649 3912 Collegium
660 3859 890 3912 praeparandum,

313 3934 325 3963 ⁴
351 3931 417 3975 Vide
427 3942 515 3985 supra,
526 3942 586 3985 pag.
597 3930 645 3985 230,
657 3942 680 3974 n.
692 3930 740 3984 663,
752 3938 777 3973 61
789 3930 910 3975 Litterae
920 3930 1151 3984 Quadrimestres,
1161 3940 1179 3975 t.
1190 3944 1227 3984 111,
1238 3944 1297 3986 pag.
1307 3932 1357 3975 389.

311 4004 323 4036 ⁸
349 4003 564 4054 Bsnuusssaasa,
576 4004 593 4046 l.
604 4014 641 4053 c.,
653 4014 712 4055 pag.
723 4002 773 4056 190,
784 4002 817 4045 ad
828 4004 893 4045 haec
905 4002 1002 4057 ignatii
1013 4003 1178 4047 verba:“1mo
1189 4012 1215 4048 et
1231 4005 1403 4057 ludimagistri
1413 4016 1503 4049 omnes

270 4083 297 4120 et
308 4075 455 4130 paedagogi
465 4075 514 4116 hoc
525 4074 669 4124 intelligere
680 4075 815 4124 deberent.
825 4080 851 4117 et
862 4086 957 4118 revera
967 4074 1089 4129 experiri,
1098 4076 1146 4120 sibi
1154 4077 1252 4120 nulium
1263 4076 1372 4129 relinqui
1382 4078 1466 4119 locum
1475 4077 1504 4120 in

271 4148 362 4201 Regiis
371 4146 521 4201 provinciis,
532 4146 580 4189 nisi
591 4146 651 4197 slat,
662 4152 689 4190 et
705 4146 893 4200 praeseferant,
904 4158 932 4189 se
949 4158 1005 4189 esse
1020 4147 1184 4201 catholicos„
1200 4149 1264 4191 haec
1273 4148 1369 4191 subdit:
1385 4146 1504 4191 “Nobiles

270 4217 398 4273 imprimis
409 4216 533 4261 austriaci
544 4216 703 4261 Lutheranis
714 4217 885 4271 Vitemberga
895 4218 939 4260 uel
950 4218 1052 4261 aliunde
1063 4218 1156 4262 accitis
1166 4218 1231 4263 filios
1241 4220 1411 4270 instituendos
1419 4220 1506 4263 trade-

270 4288 449 4343 bant.(Riess,
459 4288 511 4331 Der
519 4288 599 4341 selige
609 4288 702 4331 Petrus
712 4288 829 4343 Canlsias
839 4300 885 4332 aus
893 4289 939 4331 der
947 4288 1122 4333 Geselischait
1133 4290 1201 4344 Jesu,
1213 4303 1237 4345 p.
1249 4274 1503 4347 505).„-Videetlam

269 4362 394 4405 Litterae
404 4360 636 4413 Quaartmestres,
645 4366 664 4403 t.
675 4371 703 4413 11,
715 4372 775 4415 pag.
787 4360 818 4413 19,
832 4372 923 4404 versus
935 4359 1019 4404 linem.

309 4432 322 4465 ¹⁸
348 4432 387 4477 Ds
396 4432 445 4475 hoc
456 4433 560 4485 saepius
569 4439 726 4485 conquestus
737 4439 776 4475 est
787 4431 907 4475 Canislus
918 4432 971 4476 suis
982 4433 1091 4476 litteris.

315 4504 326 4536 ¹
353 4502 454 4547 Saltem
463 4500 668 4546 Maximiliauutn
678 4502 703 4546 tt
714 4504 739 4546 in
750 4504 808 4556 hnc,
820 4504 885 4557 quod
897 4502 929 4546 ad
941 4516 968 4547 se
979 4506 1125 4557 spectabat.
1140 4505 1259 4559 opinione
1269 4506 1346 4550 161666
1357 4506 1439 4551 tradit
1453 4506 1508 4551 Ca·

273 4576 365 4621 nisius.
382 4573 431 4617 “Et
441 4574 461 4617 il
471 4574 609 4617 medesimo
620 4572 657 4616 Re
668 4573 876 4625 (Maximinianae)
887 4576 908 4618 si
920 4576 1047 4628 persuade
1058 4576 1106 4618 che
1117 4576 1135 4619 ll
1151 4575 1375 4622 Reverendissimo
1385 4578 1504 4622 Labbac·

274 4656 351 4689 cenae
362 4649 388 4688 et
397 4644 422 4687 16
430 4644 512 4687 slamo
520 4645 538 4687 11
549 4644 686 4699 principali
697 4657 821 4700 appresso
832 4646 850 4689 ll
861 4648 941 4699 padre
951 4658 997 4689 suo
1008 4659 1054 4701 per
1064 4648 1174 4701 inrpedlr
1185 4649 1210 4691 la
1221 4649 1311 4693 nonita
1324 4662 1371 4694 sua
1381 4657 1407 4695 et
1425 4651 1442 4693 11
1451 4650 1507 4693 Lu-

276 4716 460 4770 therenuten,
471 4714 684 4773 Batuasssaaaa,
697 4718 712 4761 l.
724 4728 755 4773 c.,
766 4728 826 4771 pag.
835 4718 884 4760 596.

432 4801 469 4863 Τ.
487 4820 520 4862 v.
1317 4814 1348 4869 16
