3717 5400
817 413 881 470 Au.
909 411 979 470 1555
1479 410 1516 468 15

281 567 339 619 tos
353 556 519 634 redirent,
536 559 593 620 vel
608 558 645 621 in
661 557 875 622 monasterio
896 567 1136 621 servarentur.
1158 555 1300 620 Crimen
1319 556 1511 620 nefandum

282 662 450 725 tribunali
465 663 704 742 Inquisitionis
719 662 892 742 subjicere
907 665 1061 741 volebat,
1078 675 1113 726 et
1128 665 1199 726 alia
1213 664 1322 726 multa
1338 663 1384 726 ad
1403 663 1513 726 refor-

282 771 476 833 mationem
490 771 717 850 expectantia
732 771 981 846 meditabatur;
999 782 1032 833 et
1048 771 1147 833 multi
1168 781 1293 850 sponte
1314 788 1379 834 sua
1401 771 1513 835 vitam

284 877 319 940 in
336 877 460 940 melius
475 879 751 956 commutabant,
768 895 850 941 cum
864 876 941 956 ejus
954 877 1135 941 Pontificis
1156 887 1309 940 mentem
1323 877 1513 940 intellexis-

285 994 374 1046 sent.
396 983 560 1048 Fratrem
582 1002 686 1048 suum
707 985 866 1062 unicum,
894 986 953 1065 qui
978 996 1056 1048 erat
1077 985 1113 1048 in
1134 983 1264 1047 Piceno
1289 983 1308 1060 ¹,
1333 985 1512 1064 prohibuit

283 1108 328 1152 ne
350 1089 500 1154 Romam
521 1091 672 1170 veniret;
696 1093 788 1154 alios
812 1093 918 1156 etiam
944 1092 1240 1170 consanguineos
1267 1092 1326 1171 qui
1352 1100 1454 1154 erant
1475 1091 1512 1154 in

283 1197 404 1260 Monte
420 1197 602 1260 Policiano
616 1197 639 1277 ’,
656 1199 723 1261 hoc
742 1200 856 1278 ipsum
871 1198 1064 1276 interdixit;
1082 1199 1189 1261 immo
1205 1207 1238 1260 et
1253 1198 1341 1262 duos
1354 1207 1511 1278 nepoteS,

285 1304 408 1368 fratris
432 1305 607 1385 praedicti
629 1304 730 1382 filios,
755 1307 814 1386 qui
836 1305 971 1368 Romae
995 1306 1160 1384 agebant,
1186 1304 1382 1370 Bononiam
1407 1306 1513 1368 studii

283 1411 402 1490 gratia
429 1411 611 1490 ablegavit
637 1409 660 1469 ³.
686 1412 731 1475 Et
756 1413 791 1475 in
816 1413 1021 1476 universum
1043 1413 1209 1475 statuisse
1235 1429 1273 1475 se
1298 1411 1515 1490 significavit

284 1519 377 1580 nolle
392 1534 431 1581 se
446 1535 530 1581 suos
546 1519 830 1598 consanguineos
850 1521 942 1582 ultra
963 1519 1127 1597 gradum,
1150 1520 1186 1582 in
1208 1536 1278 1599 quo
1300 1519 1374 1582 nati
1397 1530 1512 1596 erant,

284 1641 510 1704 promovere.
531 1623 739 1688 Cardinales
754 1626 890 1705 aliquos
910 1626 946 1688 in
965 1627 1098 1705 palatio
1119 1625 1257 1688 consilii
1278 1625 1396 1705 gratia
1417 1625 1513 1688 habi·

285 1741 363 1794 tare
390 1731 514 1808 voluit,
538 1732 659 1811 quiex
681 1732 908 1810 gravioribus
929 1743 965 1795 et
990 1732 1277 1812 prudentioribus
1296 1741 1409 1794 erant.
1437 1731 1513 1795 Tri·

286 1839 468 1902 bunalium
493 1848 565 1900 tam
592 1838 750 1901 civilium
779 1855 885 1918 quarn
914 1839 1149 1901 criminalium
1178 1838 1375 1917 praefectos
1399 1838 1446 1901 ad
1473 1855 1514 1902 se

285 1944 484 2009 advocatos
498 1945 680 2008 admonuit
695 1955 730 2008 et
745 1946 925 2026 praecepit
941 1963 1065 2009 severe
1084 1963 1129 2009 ne
1149 1946 1186 2008 in
1205 1945 1514 2010 administratione

281 2051 443 2132 justitiae
472 2052 647 2116 rationem
674 2054 782 2116 ullam
810 2054 1159 2132 consanguineorum
1191 2061 1252 2116 aut
1284 2053 1512 2116 familiarium

286 2160 398 2240 ipsius
412 2158 596 2238 haberent;
613 2168 646 2222 et
661 2175 740 2221 sese
756 2161 800 2222 ab
815 2160 865 2222 eis
877 2158 1034 2238 justitiae
1055 2160 1231 2226 rationem
1250 2159 1409 2222 districte
1431 2176 1514 2222 exa·

287 2277 439 2330 cturum.
467 2265 649 2344 Quosdam
669 2276 786 2330 autem
809 2284 854 2330 ex
874 2266 1072 2346 junioribus
1093 2265 1341 2330 Cardinalibus
1362 2274 1511 2346 paterna

285 2375 467 2450 gravitate
482 2373 528 2435 ad
543 2373 638 2436 vitae
655 2373 943 2437 reformationem
961 2384 1015 2436 est
1030 2374 1205 2436 hortatus.
1222 2373 1311 2436 Cum
1325 2382 1443 2436 autern
1463 2373 1513 2436 illi

286 2480 400 2542 vitam
415 2482 559 2557 longam
574 2489 818 2558 precarentur,
838 2479 1021 2559 respondit
1036 2479 1109 2543 ille:
1136 2478 1194 2543 “Si
1207 2478 1303 2542 utilis
1322 2478 1441 2541 futura
1460 2489 1515 2542 est

287 2585 469 2648 Ecclesiae
489 2583 572 2664 Dei,
594 2587 705 2650 vitam
724 2590 841 2648 meam
860 2586 937 2666 ipse
957 2595 1156 2663 conservet;
1178 2587 1234 2648 sin
1255 2585 1380 2663 minuet,
1397 2586 1517 2665 potius

287 2693 433 2756 brevem
448 2702 543 2773 opt0,
562 2710 606 2755 ne
622 2703 770 2772 peccata
785 2710 864 2757 mea
880 2710 1063 2772 augeam„
1081 2691 1242 2773 Quinque
1258 2702 1396 2756 tautum
1407 2693 1517 2757 horas

286 2800 323 2862 in
339 2800 431 2863 lecto
446 2817 524 2862 esse
542 2810 790 2863 consueverat.
1550 2878 1555 2889 Ι

350 2905 397 2969 18.
442 2906 544 2985 Quod
565 2905 609 2967 ad
636 2905 849 2969 Societatem
878 2907 1019 2981 attinet,
1046 2924 1192 2986 prorsus
1212 2918 1359 2987 paterno
1385 2907 1514 2971 aflectu

286 3030 366 3077 eam
381 3012 560 3093 diligebat,
578 3021 612 3075 et
626 3030 717 3093 quae
733 3031 753 3075 a
769 3013 971 3093 primordiis
986 3013 1061 3093 ejus
1076 3024 1179 3093 gesta
1199 3025 1301 3077 erant
1320 3014 1356 3077 in
1370 3015 1515 3095 Europa

287 3131 321 3184 et
336 3137 448 3200 usque
463 3120 508 3183 ad
523 3118 657 3181 Indiam
680 3129 714 3181 et
739 3120 937 3195 Brasiliam,
963 3121 1051 3183 bene
1075 3133 1237 3198 noverat,
1255 3132 1289 3184 et
1309 3138 1400 3200 quae
1414 3119 1513 3184 Deus

288 3244 351 3307 per
366 3244 445 3291 eam
459 3227 684 3306 operabatur.
709 3224 822 3306 Saepe
846 3228 977 3289 nostris
1001 3226 1116 3289 fuerat
1138 3228 1332 3306 confessuS,
1349 3237 1385 3290 et
1408 3228 1517 3307 paulo

287 3342 477 3414 antequam
493 3332 641 3395 Romam
657 3332 794 3396 veniret
808 3333 852 3395 ad
868 3333 1078 3396 electionem
1093 3332 1285 3413 PontificiS,
1301 3335 1337 3398 in
1353 3333 1516 3413 Collegio

286 3578 343 3620 loro
354 3576 394 3619 da'
402 3575 497 3619 Summi
508 3574 639 3627 Pentelici,
650 3575 687 3617 co’
697 3574 767 3627 quali
779 3580 980 3617 estremameute
989 3575 1011 3617 ai
1021 3574 1230 3628 arricchivam,
1240 3575 1355 3627 Novans,
1366 3578 1383 3628 1,
1394 3586 1426 3629 c.,
1440 3581 1457 3619 t.
1468 3587 1517 3627 vir,

287 3659 350 3703 pag.
361 3646 400 3690 11⁹
410 3654 437 3690 et
448 3646 495 3690 190.

331 3719 340 3751 l
369 3718 547 3761 Alexandrum
558 3716 674 3760 ceruini.
684 3716 768 3759 “Duos
779 3716 875 3759 fratres
884 3715 975 3759 habuit
986 3714 1124 3761 Marcellus
1133 3729 1165 3760 ex
1174 3718 1263 3763 eodem
1270 3724 1344 3773 patre
1352 3720 1463 3773 genitos,
1470 3720 1516 3763 sed

288 3801 321 3833 ex
333 3798 455 3842 noverca,
468 3789 645 3833 Alexandrum
655 3796 681 3832 et
692 3787 837 3831 Romulum.
849 3786 906 3836 iiic.
915 3789 1075 3842 praestantis
1083 3789 1180 3843 ingenii
1197 3791 1247 3841 vir.
1258 3791 1369 3835 triennio
1383 3798 1444 3836 ante
1460 3792 1517 3846 eius

288 3860 471 3906 Pontificatum
482 3872 575 3915 magno
587 3860 697 3903 fratrum
708 3871 824 3903 moerore
835 3860 955 3903 decessit.
966 3860 1013 3903 Ille
1023 3860 1194 3915 quinquennio
1209 3869 1266 3916 post
1282 3874 1296 3905 e
1309 3863 1367 3907 vita
1381 3863 1517 3918 migravit,

287 3940 400 3988 quatuor
411 3934 477 3977 filios
486 3940 641 3987 superstites
651 3932 820 3985 relinquens„
835 3931 956 3985 Pauarto,
974 3932 1055 3976 Gesta
1066 3932 1226 3988 Pontificum
1238 3935 1432 3988 Romanorum,
1447 3942 1466 3979 t.
1481 3946 1517 3987 iv,

287 4005 394 4049 col.1ii9.

328 4078 340 4108 ¹
366 4075 395 4119 In
405 4075 498 4127 oppido
508 4073 593 4117 Monte
606 4074 732 4117 Politiano
740 4074 852 4127 degebat
864 4080 924 4117 tunc
936 4076 1061 4129 temporis
1070 4075 1186 4121 Marcelli
1197 4089 1271 4123 soror
1281 4078 1388 4125 cinthia
1402 4078 1518 4131 cervini,

286 4158 353 4191 ttxor
363 4145 495 4190 Vincentil
507 4144 655 4188 Bellarmini
667 4152 692 4187 et
704 4152 788 4189 mater
799 4144 917 4195 Roberti,
926 4146 952 4189 S.
961 4146 992 4189 R.
1001 4146 1030 4190 E.
1041 4158 1133 4201 postea
1144 4147 1299 4195 Cardiualls.
1310 4151 1376 4196 Vide
1388 4150 1517 4199 Cottone.

286 4219 326 4263 Le
342 4217 488 4261 venerante
500 4216 630 4260 cardinal
640 4216 804 4267 Beifarmr'n,
813 4224 832 4259 t.
843 4228 860 4270 r,
873 4216 916 4260 lib.
927 4229 944 4267 t,
957 4230 976 4260 1.

327 4290 339 4321 ὕ
366 4288 442 4333 Haud
452 4288 518 4333 satis
527 4298 586 4331 eum
594 4287 635 4331 liis
645 4298 788 4342 congruere
801 4287 922 4331 videntur
931 4301 996 4343 quae
1007 4302 1039 4333 ex
1049 4290 1177 4334 Panaima
1187 4300 1212 4335 et
1222 4291 1360 4339 Craccouro
1368 4296 1450 4339 refert
1461 4296 1517 4349 ipae

287 4362 408 4412 Patauio,
421 4362 438 4405 l.
454 4370 487 4413 c.,
503 4360 551 4402 col.
567 4359 613 4401 iili:
628 4358 712 4403 “Duos
728 4361 860 4414 parvulos,
879 4360 1022 4404 Alexandri
1035 4361 1126 4406 fratris
1141 4362 1216 4412 iilius.
1229 4364 1369 4411 Ricardum
1380 4373 1406 4411 et
1421 4366 1519 4411 Hereu-

286 4436 436 4486 uium,quos
447 4430 538 4486 ipsein
549 4429 619 4475 Urbe
633 4432 770 4484 educabat,
782 4442 797 4474 a
814 4432 912 4475 nurnine
928 4434 1047 4487 salutari,
1058 4444 1120 4477 raro
1131 4436 1211 4479 etiam
1224 4437 1250 4480 lu
1265 4439 1396 4491 publicum
1412 4437 1517 4493 prodire

286 4508 474 4559 praeterquam
482 4502 515 4546 ad
525 4512 603 4545 sacra
610 4512 702 4555 passus
712 4509 777 4547 est...
788 4513 835 4545 nec
846 4504 920 4546 breui
932 4516 962 4546 eo
971 4510 1095 4558 tempore,
1103 4518 1152 4559 quo
1162 4508 1280 4551 Pontifex
1288 4509 1345 4565 fuit,
1353 4520 1517 4565 eosuuquam

287 4575 366 4619 vidit.
375 4573 560 4629 interpellatus
569 4584 604 4617 au
614 4574 640 4617 iu
650 4575 776 4627 palatium
789 4586 821 4617 cx
832 4574 945 4629 privatis
956 4576 1062 4619 aedibus
1077 4576 1255 4623 introducendi
1268 4589 1362 4637 essent,
1377 4582 1519 4636 respondit:

289 4646 358 4700 Quid
369 4646 419 4689 illis
427 4657 483 4690 cum
494 4646 605 4700 palatio?
616 4644 713 4690 Eorum
722 4646 788 4689 forte
799 4645 824 4688 id
834 4646 1018 4701 patrimonium
1027 4659 1057 4691 ne
1069 4660 1124 4692 esse
1135 4650 1273 4706 censetisi„
