3717 5400
399 457 439 516 66
860 457 987 518 caron.
1008 457 1085 519 Soc.
1106 460 1176 532 Jns.

395 647 398 652 a
464 603 532 667 147.
574 603 743 668 Vicarius
758 603 816 667 ille
830 602 1043 684 Spoletanus
1065 602 1087 682 ¹,
1104 604 1149 668 ab
1169 603 1284 670 officio
1299 607 1391 687 quod
1407 605 1638 672 administra·-

401 711 461 774 bat
476 712 655 788 liberatus
673 728 717 776 ac
731 709 915 775 Petusium
931 710 1082 792 rediens,
1096 713 1294 790 spiritualia
1308 714 1479 776 exercitia
1490 731 1512 776 a
1523 713 1637 778 Patre·

400 818 584 882 Everardo
599 816 666 882 sibi
680 819 831 899 proponi
845 819 1052 898 postulavit;
1067 820 1104 884 in
1119 821 1247 900 quibus
1262 837 1343 884 cum
1356 837 1431 884 non
1446 820 1630 885 mediocri·

400 934 455 990 ter
469 925 688 1006 profecisset,
705 923 920 988 Societatem
934 935 1094 990 nostram
1117 927 1258 1007 ingredi
1280 927 1475 1006 constituit;
1499 937 1535 990 et
1555 930 1630 1008 qui·

400 1031 480 1098 dem
495 1032 583 1096 satis
602 1033 783 1096 ferventer
803 1049 842 1096 se
863 1049 1082 1112 praeparare
1102 1032 1290 1097 videbatur
1312 1034 1358 1096 ad
1378 1035 1628 1100 contradictio·

400 1155 474 1217 nes,
495 1156 586 1219 quas
606 1137 740 1203 Romae
760 1140 987 1218 expectabat;
1008 1151 1043 1202 et
1062 1140 1150 1204 nibil
1170 1141 1357 1205 videbatur
1380 1141 1447 1221 ipsi
1466 1142 1628 1208 accidere

399 1263 514 1326 posse,
531 1246 623 1326 quod
638 1263 719 1309 eum
733 1255 910 1308 averteret
924 1263 946 1307 a
961 1246 1146 1326 proposito
1166 1248 1275 1310 semel
1294 1258 1484 1328 concepto;
1507 1257 1543 1312 et
1564 1249 1626 1328 ita,

398 1355 503 1418 rebus
518 1353 592 1417 suis
606 1353 825 1433 compositis,
840 1351 992 1417 Romam
1003 1353 1116 1431 venit,
1129 1363 1169 1416 ut
1180 1352 1274 1418 domi
1286 1364 1441 1433 nostrae,
1453 1355 1550 1435 quod
1558 1355 1627 1420 Do·

398 1461 514 1524 minus
525 1459 733 1538 inspirabat,
746 1468 991 1540 exequeretur.
1003 1457 1074 1523 Sed
1085 1460 1230 1538 quidam
1240 1458 1317 1540 ejus
1326 1461 1451 1538 irater,
1464 1462 1524 1541 qui
1535 1464 1635 1528 hanc>

398 1565 479 1647 ejus,
497 1565 788 1632 deliberationem
805 1566 925 1646 iniquo
941 1566 1060 1630 animo
1074 1566 1222 1646 ferebat,
1243 1566 1393 1632 Romam
1414 1569 1562 1633 veniens
1581 1570 1627 1634 ad

397 1691 512 1737 euma
533 1691 597 1738 suo
619 1673 801 1753 proposito
822 1670 1079 1750 revocandum,
1101 1673 1153 1736 sic
1172 1690 1212 1738 se
1235 1675 1365 1753 gessit,
1389 1683 1427 1738 ut
1447 1673 1570 1755 primis
1588 1676 1625 1742 in

397 1781 507 1846 initiis
521 1780 751 1861 probationis,
768 1797 849 1844 cum
861 1779 1010 1843 vixdum
1023 1797 1087 1859 per
1099 1782 1272 1860 pauculos
1286 1781 1361 1844 dies
1373 1781 1468 1846 domi
1483 1791 1625 1847 nostrae

395 1887 532 1964 luisset,
547 1903 688 1951 omnent
701 1887 798 1950 iliam
813 1886 1063 1965 constantiam,
1079 1904 1188 1967 quam
1206 1887 1275 1952 sibi
1294 1888 1543 1967 pollicebatur,
1568 1906 1623 1954 su-

400 1995 518 2076 perari
531 1993 746 2075 permiserit;
762 2011 806 2056 ac
821 1990 917 2056 Patri
937 1991 1121 2058 Everardo
1139 1993 1301 2073 scripsit,
1321 2012 1360 2058 se
1378 2012 1421 2058 eo
1440 1995 1560 2062 animo
1578 1995 1623 2060 ad

397 2103 541 2168 domum
555 2100 742 2166 societatis
758 2099 909 2177 venisse,
927 2109 964 2162 ut
979 2100 1199 2180 experiretur
1222 2117 1321 2164 ause
1341 2111 1462 2181 posset
1476 2100 1552 2181 eJ'us
1572 2103 1622 2166 in-

395 2208 526 2273 stitutis
540 2205 821 2284 accommodare
838 2215 873 2270 et
888 2205 946 2269 his
960 2205 1207 2284 consideratis,
1220 2225 1311 2286 qnae
1326 2217 1449 2272 nostra
1464 2207 1623 2273 Societas

395 2333 416 2380 a
431 2315 504 2382 suis
519 2314 677 2395 requirit,
694 2328 728 2376 et
744 2313 855 2394 ipsius
869 2313 1087 2392 obligatione
1100 2313 1146 2376 ad
1160 2323 1346 2392 paternam
1361 2316 1515 2394 domum,
1532 2316 1622 2382 dice·

393 2423 453 2484 bat
467 2439 505 2484 se
521 2439 542 2483 a
556 2419 733 2484 Societate
749 2420 888 2498 abduci;
904 2420 1069 2500 quamvis
1084 2421 1170 2484 nihil
1185 2420 1279 2484 alind
1300 2432 1383 2485 tnnc
1406 2434 1619 2501 occurreret,

394 2529 489 2609 quod
504 2527 630 2594 melius
645 2537 749 2592 esset.

457 2634 525 2700 148.
567 2633 635 2699 Hic
660 2644 740 2715 post
756 2635 890 2714 aliquot
909 2651 1022 2701 anuos
1043 2634 1089 2700 ad
1103 2633 1459 2716 Archiepiscopatum
1482 2636 1619 2703 Theati·

391 2760 477 2807 num
491 2750 694 2823 assumptus
715 2751 780 2819 est,
803 2758 873 2822 quo
888 2742 924 2805 in
944 2758 1090 2807 munere
1111 2742 1288 2822 quomodo
1308 2760 1348 2806 se
1368 2745 1520 2822 gesserit
1543 2746 1620 2825 ipse

392 2850 533 2929 viderit;
546 2849 608 2915 sed
620 2850 740 2931 populi
751 2852 925 2915 clamores
937 2858 1062 2913 contra
1077 2850 1193 2929 ipsum
1205 2850 1299 2930 apud
1311 2849 1517 2937 Pontificem
1531 2851 1626 2932 ejus·-

393 2958 490 3023 modi
510 2958 664 3035 fuerunt,
687 2967 724 3019 ut
745 2957 915 3038 timerent,
931 2956 1041 3036 aliqui
1063 2956 1156 3036 quod
1181 2957 1331 3021 ecclesia
1347 2958 1407 3021 illa
1420 2958 1618 3037 privandus

389 3075 483 3129 esset
497 3065 520 3128 ¹.
537 3063 664 3127 Frater
677 3072 807 3139 autem,
824 3063 882 3141 qui
897 3073 971 3125 tam
985 3064 1135 3127 sollicite
1149 3080 1171 3125 a
1183 3063 1352 3143 religioso
1362 3064 1524 3130 instituto
1535 3083 1617 3132 euni

389 3180 585 3246 averterat,
601 3169 798 3251 praemium
813 3168 951 3250 accepit
964 3170 1009 3233 ab
1024 3168 1149 3233 eodem
1163 3168 1462 3252 Archiepiscopo,
1479 3190 1501 3236 a
1516 3171 1618 3252 cujus

390 3280 509 3358 gratia
538 3276 688 3353 excidit,
716 3287 750 3341 et
775 3277 810 3341 in
835 3286 1047 3357 paupertate
1075 3287 1110 3340 et
1138 3277 1307 3340 molestiis
1335 3280 1477 3358 magnis
1503 3280 1616 3345 vitam

427 3620 437 3653 ¹
465 3618 578 3670 Jueuues
588 3615 673 3668 Oliva,
684 3615 715 3659 de
726 3626 775 3669 quo
786 3625 874 3669 supra,
885 3626 945 3669 pag.
955 3615 991 3665 ab,
1001 3627 1026 3659 u.
1038 3615 1085 3659 142.

426 3688 438 3721 ¹
464 3690 582 3733 Nondum
592 3688 698 3741 Joannis
709 3686 800 3731 olivae
810 3698 890 3731 causa
901 3686 998 3731 Romae
1009 3686 1082 3732 linita
1090 3692 1157 3736 erat,
1166 3687 1226 3731 dum
1233 3688 1297 3732 baec
1305 3689 1337 3732 de
1346 3700 1376 3731 eo
1384 3689 1515 3733 scribebat
1524 3688 1616 3735 Palen·

383 3774 437 3817 cns,
449 3761 505 3806 ideo
516 3760 547 3803 de
557 3761 613 3816 ejus
623 3758 769 3803 innocentia
780 3769 932 3813 suspensum
948 3759 1053 3811 reliquit
1065 3759 1198 3813 iudicium.
1217 3758 1355 3804 Caeterum
1371 3761 1436 3804 baec
1452 3761 1569 3804 breviter
1582 3762 1613 3806 de

385 3846 415 3879 eo
426 3834 463 3877 uit
473 3833 599 3877 Ueusctr:
611 3830 735 3883 “ioannes
750 3828 835 3883 Oliva,
852 3828 1003 3879 Perusinus,
1019 3828 1087 3880 Jurls
1104 3830 1244 3885 Utriusque
1260 3831 1444 3877 celeberrimus
1457 3832 1564 3885 Ductor,
1580 3844 1612 3877 ex

386 3917 433 3951 sue
443 3906 571 3949 virtutum
580 3904 651 3948 lama
661 3902 693 3945 ad
705 3902 961 3955 Archiepiscopalem
971 3901 1064 3944 Sedem
1071 3902 1208 3946 Teretinam
1219 3909 1326 3946 evectus
1339 3910 1380 3947 est
1396 3913 1412 3946 s
1429 3904 1473 3947 Plo
1488 3904 1521 3947 V.
1535 3904 1576 3948 dle
1588 3906 1615 3949 12

385 3976 502 4031 Jenuaril
513 3974 573 4018 1568.
584 3984 676 4018 munus
686 3972 889 4016 consecrationis
899 3974 1000 4027 accepit
1011 3974 1051 4016 dle
1061 3973 1096 4016 25,
1106 3974 1230 4027 eiusdem,
1245 3974 1323 4028 pallio
1339 3974 1478 4029 insignitus
1492 3976 1516 4019 8.
1534 3974 1612 4020 Febr.

382 4062 441 4095 mox
451 4048 487 4093 ed
496 4046 641 4091 Ecclesiam
651 4056 725 4087 suem
735 4044 873 4098 proiectus.
884 4044 971 4098 coepit
981 4044 1054 4089 illam
1063 4043 1176 4088 sollicite
1186 4045 1380 4095 administrare:
1391 4047 1436 4089 sed
1446 4058 1506 4091 curn
1522 4047 1548 4089 ln
1558 4057 1614 4090 eor·

380 4120 496 4177 rigandis
506 4118 626 4167 moribus,
636 4116 758 4161 tollendis
772 4116 907 4166 abusibus,
922 4116 950 4159 iu
963 4117 1143 4161 ecclesiastica
1158 4118 1338 4171 jurisdictione
1355 4118 1452 4163 tuenda
1469 4118 1614 4165 acerrimus

381 4192 475 4239 uindex
486 4190 623 4240 evasisset,
634 4188 778 4231 invidorum
789 4188 928 4231 multorum
939 4187 1144 4241 indignationem
1154 4189 1278 4237 incurrit.
1293 4190 1461 4242 quamobrem
1476 4191 1510 4233 ab
1525 4200 1614 4235 eorum

379 4266 468 4318 lingua
479 4262 567 4304 dolosa
577 4258 645 4313 apud
658 4256 806 4301 Pontificem
821 4258 852 4301 de
868 4258 1021 4311 quibusdem
1036 4258 1186 4302 criminibus
1202 4260 1378 4312 insimulatus,
1396 4261 1520 4305 canonice
1538 4271 1613 4307 susm

380 4338 487 4379 coactus
497 4337 537 4376 eet
547 4332 658 4385 probare
668 4328 848 4377 innocentiam.
859 4340 937 4383 quam
947 4341 1006 4373 cum
1020 4330 1112 4373 eximie
1127 4330 1240 4383 iecisset,
1256 4331 1348 4385 impios
1366 4332 1469 4385 fugavit
1487 4333 1612 4382 aemulos.

382 4414 409 4452 et
423 4404 538 4461 gratiam
552 4400 685 4447 Pontificie
699 4400 841 4455 promeruit
855 4401 1059 4454 locupletiorem.
1074 4400 1113 4445 Ea
1129 4402 1276 4446 innocentia
1293 4403 1447 4457 conspicuus
1461 4402 1609 4447 Ecclesium

382 4480 459 4524 Clero
470 4476 503 4521 ad
519 4483 635 4521 veterem
650 4472 812 4527 disciplinam
823 4484 855 4515 ex
865 4472 1010 4517 Tridentini
1026 4472 1134 4517 Concilli
1151 4474 1251 4526 legibus
1269 4480 1401 4525 revocato,
1418 4485 1449 4518 ec
1466 4476 1559 4529 populo
1575 4476 1613 4520 sd

381 4549 560 4597 Christianam
570 4547 695 4601 pietatem
704 4544 850 4597 informato,
862 4546 991 4599 excultoq.
1001 4553 1027 4589 et
1037 4545 1155 4589 instituto
1170 4544 1330 4591 clericorum
1347 4545 1501 4602 Seminario,
1514 4547 1608 4592 eximie

381 4622 456 4667 annis
465 4622 478 4663 9
488 4618 691 4669 administravin
703 4614 834 4661 laboribus
844 4616 957 4667 tandem,
977 4623 1003 4659 et
1018 4618 1090 4660 senio
1100 4616 1183 4661 iesous
1198 4617 1307 4662 decessit
1318 4628 1351 4665 ex
1361 4618 1411 4663 hac
1431 4618 1610 4676 lacrymarum

379 4694 450 4737 valle
461 4703 547 4736 mense
559 4688 679 4733 Octobris
693 4688 752 4739 1577,
762 4688 879 4741 sepultus
889 4688 914 4731 in
924 4699 972 4730 sua
983 4686 1183 4740 Metropolitane
1195 4686 1333 4739 Ecclesia,
1343 4687 1372 4732 L.
1383 4699 1415 4743 c.,
1426 4697 1445 4733 t.
1454 4700 1490 4743 vr,
1498 4691 1546 4733 col.
1554 4688 1607 4733 7⁶1.
