3717 5400
803 492 869 552 AN:
889 492 961 551 1555
1444 492 1501 554 m

319 639 391 703 599.
436 639 539 718 Quod
568 639 613 702 ad
634 637 671 700 P.
698 638 872 719 Joannem
891 639 1089 702 Guttanum
1108 640 1249 713 attinet,
1273 637 1409 717 judicia
1432 637 1500 701 Dei

257 746 470 812 admiranda
486 747 569 810 licet
594 745 832 824 considerare,
849 757 923 810 tam
942 745 1130 825 diligenter
1151 747 1246 809 enim
1275 745 1313 808 Ρ.
1336 745 1501 825 ignatius

257 852 337 934 ejus
349 853 628 933 redemptionem
647 853 807 930 curabat,
834 863 884 932 ut,
908 854 993 933 quia
1011 869 1075 931 per
1099 851 1238 916 Siculos
1263 864 1407 915 nostros
1422 861 1501 915 erat

264 959 434 1040 curanda,
446 960 596 1040 singulis
605 959 836 1024 hebdomadis
848 969 1055 1023 tenerentur
1067 958 1239 1024 Rectores
1247 958 1399 1037 Collegii
1409 957 1501 1022 Mes·

263 1067 425 1132 senensis
439 1077 473 1131 et
489 1065 733 1131 Panormitani
747 1067 902 1130 scribere
917 1067 1002 1147 quid
1016 1068 1114 1131 cirea
1129 1066 1205 1147 ejus
1220 1066 1501 1146 redemptionem
1530 1101 1536 1110 ·

258 1175 436 1255 egissent;
453 1184 487 1238 et
502 1175 643 1255 saepius
659 1184 820 1238 curatum
835 1185 889 1238 est
906 1191 970 1254 per
984 1183 1126 1238 nostros
1141 1183 1175 1237 et
1189 1174 1349 1254 ipsorum
1365 1173 1501 1236 amicos

264 1292 301 1345 ut
317 1283 558 1355 redimeretur;
576 1283 639 1344 sed
654 1299 735 1344 cum
751 1281 818 1358 ille,
835 1282 893 1345 cui
908 1281 1089 1344 serviebat
1103 1281 1140 1344 in
1153 1281 1292 1359 biremi,
1309 1280 1488 1344 intellexis

261 1401 318 1452 set
333 1390 513 1453 hominem
527 1407 605 1452 esse
620 1391 725 1465 hunc,
748 1388 847 1469 cujus
871 1389 964 1453 ratio
983 1389 1192 1464 habebatur,
1221 1387 1382 1452 decrevit
1403 1387 1503 1452 illum

264 1513 335 1559 non
350 1495 527 1559 dimittere
541 1495 610 1558 nisi
623 1495 768 1576 quidam
782 1494 856 1571 eius
875 1494 881 1526 ¹
898 1495 1021 1573 frater,
1038 1495 1098 1575 qui
1113 1497 1149 1557 in
1165 1493 1349 1574 praetoria
1363 1493 1503 1556 triremi

259 1583 413 1684 joannis
429 1601 472 1665 de
482 1601 586 1682 Vega
602 1619 730 1665 servus
745 1603 942 1678 tenebatur,
970 1619 1052 1665 cum
1073 1619 1115 1665 eo
1139 1611 1416 1680 permutaretur.
1433 1599 1502 1662 Hic

266 1726 471 1784 saracenus,
484 1709 596 1772 frater
607 1709 712 1786 illius,
725 1707 825 1788 cujus
837 1719 913 1773 erat
925 1725 1052 1772 servus
1066 1706 1103 1770 P.
1116 1708 1306 1779 Guttanus,
1319 1706 1504 1785 Pro-regis

266 1817 376 1897 ipsius
398 1833 523 1880 servus
538 1825 627 1894 erat,
655 1829 689 1880 et
714 1815 837 1879 suisset
863 1816 1068 1896 redemptus
1093 1832 1157 1897 per
1183 1816 1338 1894 aliquem
1363 1831 1409 1878 ex
1436 1814 1501 1890 εἰς,

262 1925 394 2004 quibus
409 1933 485 1988 erat
500 1925 535 1988 id
547 1923 787 1996 commissum,
800 1923 867 1985 nisi
880 1933 1024 2002 pactum
1036 1922 1180 1986 iecisset
1194 1923 1346 2001 ipsemet
1357 1919 1396 1984 P.
1413 1918 1500 1984 Gut-

268 2041 372 2095 tanus
384 2049 465 2094 cum
479 2030 622 2094 domino
638 2048 713 2108 su0,
730 2048 834 2110 quem
850 2029 1010 2092 Ziacholi
1029 2030 1221 2106 vocabant,
1247 2027 1342 2109 quod
1361 2026 1504 2091 effectu·

269 2155 329 2202 rus
343 2149 430 2215 erat,
449 2148 486 2202 ut
501 2139 556 2200 sui
570 2140 649 2201 loco
668 2137 816 2201 fratrem
831 2154 934 2202 suum
949 2137 1091 2200 nomine
1106 2135 1211 2212 Velli,
1231 2154 1252 2197 a
1269 2134 1438 2214 Pro-rege
1453 2133 1503 2198 Si·

265 2246 371 2308 ciliae
387 2245 570 2308 obtineret.
586 2244 743 2326 Joannes
758 2244 899 2324 quidem
914 2243 958 2306 de
976 2242 1089 2321 Vega,
1106 2242 1270 2318 Pro-rex,
1287 2241 1435 2303 libenter
1448 2240 1507 2304 de-

265 2352 320 2416 dit
333 2369 477 2416 servum
489 2369 594 2415 suum
616 2351 725 2430 Velli;
746 2349 809 2414 sed
828 2352 912 2431 quia
932 2350 1148 2428 octingentis
1166 2349 1289 2412 aureis
1305 2348 1403 2413 illum
1425 2347 1504 2413 esti·

269 2459 401 2538 mabat,
414 2459 556 2522 volebat
568 2469 606 2522 ut
618 2459 720 2522 simul
733 2475 813 2522 cum
826 2457 931 2521 Patre
941 2458 1082 2539 Joanne
1094 2455 1266 2532 Guttano,
1283 2454 1353 2517 duo
1365 2455 1422 2516 vel
1434 2464 1508 2516 tres

270 2564 331 2630 alii
345 2565 529 2630 christiani
542 2565 644 2629 liberi
659 2565 953 2645 relinquerentur.
972 2561 1065 2628 Velli
1087 2571 1204 2626 autem
1230 2560 1435 2641 aliquandiu
1457 2577 1510 2624 re·

267 2673 373 2751 stitit,
401 2672 463 2737 sed
484 2672 628 2736 tandem
647 2671 789 2752 scripsit
810 2671 919 2735 semel
939 2680 1047 2753 atque
1069 2671 1197 2735 iterum
1217 2669 1322 2733 fratri
1343 2684 1408 2731 suo
1430 2666 1509 2731 Zia·

266 2780 364 2845 choli
378 2790 416 2843 ut
431 2780 576 2843 omnino
592 2779 735 2843 Patrem
749 2778 947 2843 Guttanum
962 2795 1044 2841 cum
1058 2778 1198 2841 duobus
1212 2775 1291 2839 aliis
1305 2776 1343 2839 in
1358 2774 1424 2841 sui¹
1433 2791 1511 2856 per·

268 2888 501 2950 mutationem
516 2878 718 2949 dimitteret.
735 2884 897 2965 Scriptae
912 2896 994 2948 sunt
1009 2886 1118 2949 etiam
1136 2884 1277 2947 litterae
1295 2883 1341 2946 ad
1356 2882 1508 2947 Goletae

271 2992 407 3056 Ducem
428 3001 451 3067 ¹,
468 2994 550 3074 quia
566 2992 834 3057 Gierbiensibus
849 2992 990 3056 vicinus
1005 3000 1098 3069 erat,
1121 2991 1179 3055 ubi
1195 2990 1233 3053 P.
1254 2988 1433 3054 Guttanus
1448 2988 1509 3052 de·

267 3100 458 3179 tinebatur,
472 3112 510 3164 ut
522 3101 615 3163 hanc
628 3099 907 3179 redemptionem
924 3098 1137 3162 omnimodis
1152 3108 1187 3160 et
1202 3097 1392 3175 diligenter
1407 3112 1510 3158 cura·

270 3217 335 3287 ret;
352 3219 385 3273 et
401 3208 430 3271 si
446 3224 517 3271 non
532 3216 678 3286 possent
693 3207 753 3269 alii
769 3206 932 3284 obtineri,
945 3215 984 3269 ut
995 3207 1122 3269 saltem
1134 3202 1174 3267 P.
1188 3203 1369 3273 Guttanus
1384 3202 1510 3267 libera-

267 3324 378 3379 retur.
400 3315 544 3377 Interim
565 3324 683 3377 autem
703 3313 786 3377 dum
808 3314 897 3376 haec
919 3311 1118 3392 agebantur
1146 3311 1241 3375 misit
1257 3310 1391 3389 aliquid
1405 3325 1512 3389 pecu-

272 3422 353 3485 niae
367 3420 405 3485 P.
422 3420 554 3485 Paulus
566 3431 602 3483 ut
614 3420 841 3485 incommoda
855 3418 1040 3483 servitutis
1055 3419 1180 3482 melius
1196 3419 1378 3481 toleraret.
1392 3414 1510 3480 Datus

269 3538 325 3591 est
339 3528 448 3591 etiam
462 3544 590 3591 servus
605 3526 698 3591 Velli
715 3537 752 3590 ut
767 3528 965 3589 mitteretur
985 3524 1030 3587 ad
1045 3524 1195 3589 Guletae
1211 3522 1363 3601 Ducem,
1380 3523 1512 3587 additis

272 3634 399 3699 litteris
414 3632 611 3714 Pro·regis;
630 3634 692 3697 sed
708 3634 792 3697 dum
807 3634 896 3696 haec
921 3632 1051 3695 lentius
1070 3642 1228 3711 aguntur
1247 3639 1394 3711 propter
1409 3631 1511 3694 navi·

269 3740 427 3820 gationis
441 3752 476 3803 et
500 3741 698 3821 piratarum
717 3738 959 3817 difficultateS,
988 3738 1129 3801 interim
1150 3735 1189 3800 P.
1209 3737 1367 3820 Joannes
1388 3735 1513 3800 Gutta-

274 3864 354 3927 nuS,
366 3864 411 3911 ex
423 3847 491 3911 hac
506 3846 581 3910 vita
595 3845 782 3923 decedens,
796 3846 832 3908 in
845 3845 1044 3909 libertatem
1056 3843 1208 3909 filiorum
1225 3843 1306 3923 Dei,
1324 3852 1515 3925 postquam

272 3954 347 4018 fere
366 3954 545 4018 biennium
565 3954 602 4016 in
622 3954 680 4015 illo
704 3954 799 4015 velut
820 3950 1033 4029 Purgatorio
1047 3950 1221 4030 probatus
1244 3950 1380 4030 fuisset,
1398 3948 1499 4011 vindi

273 4071 377 4130 catus
393 4070 446 4125 cst
462 4058 485 4120 ⁵.

280 4414 479 4425 *—

318 4518 327 4549 ¹
355 4516 427 4570 Eius,
438 4515 479 4559 cui
489 4516 515 4559 in
525 4514 616 4559 biremi
628 4512 746 4559 Gutauus
756 4513 904 4563 serviebat.

260 4624 263 4631 .
318 4588 329 4619 ¹
356 4584 493 4631 Dominum
504 4586 666 4640 alphonsum
676 4585 707 4627 de
718 4586 744 4629 la
756 4584 853 4629 Cueva.
866 4582 932 4633 Vide
943 4592 1114 4637 supra,t.1v,
1126 4594 1186 4637 pag.
1198 4582 1244 4632 186,
1256 4592 1280 4623 n.
1291 4580 1343 4625 39⁶.

316 4657 329 4689 ὅ
357 4658 491 4711 Quodtlam
501 4658 542 4701 lric
551 4658 665 4711 spatium
676 4667 787 4701 vacuum
798 4656 823 4699 ln
834 4653 878 4699 Ma.
893 4655 1011 4698 relictum
1022 4663 1072 4707 est.
1083 4656 1150 4699 torte
1162 4655 1255 4697 utalia
1265 4654 1296 4695 dc
1309 4652 1336 4696 P.
1349 4652 1518 4700 Guttanoad·

341 4740 412 4785 ntur,
423 4742 488 4785 quae
500 4731 604 4773 tandem
616 4730 804 4783 praetermissa
815 4737 884 4771 sunt.
