3717 5400
367 504 421 564 140
825 505 953 565 Canon.
975 503 1052 566 Soc.
1074 504 1142 575 les.

363 649 552 728 munionis,
566 649 749 714 sedetiam
764 651 801 714 in
820 649 1051 716 concionibus
1074 651 1110 712 in
1126 648 1245 712 vicino
1264 648 1482 710 monasterio
1501 646 1598 710 nabi·

365 757 423 836 tis,
445 775 491 821 ex
513 758 638 837 quibus
657 767 693 822 et
717 758 817 838 ipsae
839 757 1013 820 moniales
1031 756 1214 836 spirituale
1236 755 1407 817 auxilium
1426 754 1597 834 percipie-

362 865 461 928 bant.
477 865 576 929 Adiit
590 875 626 927 et
639 866 755 943 ipsum
770 865 907 927 Ducem
927 863 1130 941 Herculem,
1152 863 1213 943 qui
1233 862 1428 940 dubitabat,
1451 870 1595 941 propter

361 988 493 1036 causas
507 973 627 1036 nescio
641 989 742 1051 quas,
759 972 803 1034 de
815 970 960 1050 jubilaei
975 971 1091 1050 gratia
1104 969 1306 1044 obtinenda,
1319 968 1383 1032 sed
1395 968 1501 1031 rebus
1515 983 1597 1030 cum

364 1078 490 1144 eodem
508 1077 613 1142 Patre
631 1079 820 1142 Pelletario
840 1078 1121 1155 communicatis,
1138 1076 1213 1156 ejus
1234 1074 1413 1156 acquievit
1432 1074 1595 1153 consilio,

363 1203 410 1250 ac
424 1187 575 1264 monitis
592 1196 627 1249 et
642 1185 687 1248 ad
699 1185 892 1266 jubilaeum
908 1185 1137 1248 obtinendum
1154 1199 1192 1246 se
1203 1181 1386 1263 disposuit,
1399 1191 1435 1244 et
1447 1190 1485 1245 ut
1499 1180 1594 1261 quie·

364 1293 436 1356 tius
449 1291 631 1357 devotioni
644 1310 791 1373 operam
805 1293 918 1371 daret,
935 1291 1101 1354 Ferraria
1120 1291 1267 1354 recessit
1286 1289 1455 1352 inlocum
1475 1304 1596 1369 quem-

362 1399 448 1463 dam
462 1398 699 1480 Episcopatus
710 1399 962 1478 FerrariensiS,
976 1398 1047 1476 ubi,
1061 1398 1165 1461 simul
1177 1415 1258 1461 cum
1270 1413 1334 1458 sua
1346 1397 1457 1473 curia,
1471 1411 1589 1458 sacra·

363 1514 484 1571 menta
496 1506 663 1587 percepit.
681 1505 752 1569 Sed
767 1506 812 1569 ad
823 1505 954 1569 festum
968 1508 1075 1568 etiam
1096 1503 1263 1568 Omnium
1281 1502 1493 1566 Sanctorum
1515 1499 1590 1580 ejus

364 1630 458 1676 uxor
470 1611 624 1676 Ducissa
635 1623 670 1676 et
684 1612 849 1677 confessa
863 1622 918 1675 est
934 1621 969 1676 et
984 1611 1275 1674 communicavit.

420 1718 492 1782 396.
535 1719 625 1784 Cum
640 1718 677 1782 P.
695 1719 832 1784 Natalis
846 1720 936 1784 haec
959 1720 1109 1798 collegia
1131 1718 1304 1796 visitaret,
1327 1719 1363 1781 in
1386 1718 1513 1797 quibus
1526 1731 1595 1780 nec

360 1837 585 1892 correctores
599 1830 791 1891 sustentari
811 1837 987 1908 poterant,
1017 1845 1081 1890 nec
1107 1826 1377 1889 inveniebantur
1404 1824 1449 1888 ad
1464 1839 1593 1904 pueros

363 1935 401 1998 in
427 1934 559 1998 scholis
587 1934 828 2015 castigandos,
855 1935 1061 1997 observavit
1084 1935 1152 1996 hoc
1174 1933 1389 1996 incommodi
1414 1931 1590 2007 accidere,

360 2042 460 2121 quod
476 2059 602 2121 parum
618 2041 666 2104 illi
685 2041 908 2106 reverentiae
924 2051 1031 2121 atque
1050 2039 1272 2104 obedientiae
1286 2039 1360 2103 suis
1383 2045 1589 2118 praecepto·

359 2148 461 2211 ribus
475 2148 698 2224 exhibebant3
712 2159 747 2214 et
762 2149 926 2228 quamvis
941 2149 1000 2210 alii
1022 2165 1085 2227 per
1110 2148 1198 2210 alios
1216 2147 1465 2226 puniebantur,
1488 2145 1523 2208 id
1538 2153 1589 2206 ta·

361 2271 444 2318 men
464 2255 622 2336 ipsorum
633 2255 839 2335 parentibus
850 2253 993 2317 minime
1014 2255 1189 2334 placebat,
1203 2270 1269 2316 nec
1285 2267 1502 2332 magnopere
1516 2267 1591 2330 e0S,

359 2361 424 2442 qui
438 2361 683 2442 puniebantur,
693 2360 852 2441 juvabat.
866 2361 961 2425 Nihil
975 2371 1092 2424 tamen
1105 2361 1291 2423 immutare
1302 2359 1415 2422 voluit
1426 2357 1519 2422 idem
1531 2356 1596 2420 Pa·

360 2476 426 2548 ter,
442 2469 505 2531 sed
529 2485 604 2531 rem
629 2468 913 2532 consideratione
935 2467 1041 2530 valde
1067 2467 1212 2546 dignam
1238 2484 1316 2529 esse
1331 2465 1429 2529 Patri
1455 2463 1594 2544 ignatio

361 2575 517 2656 scripsit.

420 2682 490 2747 397.
534 2683 821 2747 Ferrariensibus
835 2691 871 2747 et
886 2683 966 2746 aliis
978 2682 1046 2745 hoc
1057 2699 1152 2746 anno
1167 2681 1276 2745 missa
1291 2689 1344 2745 est
1361 2697 1381 2743 a
1397 2678 1434 2743 P.
1452 2678 1590 2759 ignatio

363 2787 519 2853 formula
534 2798 595 2853 aut
608 2790 700 2853 ratio
715 2790 859 2868 negotia
873 2789 1023 2869 gerendi
1038 2805 1119 2851 cum
1134 2786 1379 2851 aedificatione
1396 2788 1416 2849 ¹.

419 2894 490 2961 398.
533 2897 572 2960 ln
587 2897 741 2961 dioecesi
767 2896 958 2961 Mutinensi
972 2895 1140 2976 oppidum
1166 2893 1345 2975 quoddam
1370 2901 1424 2956 est
1448 2892 1590 2958 nomine

364 3004 497 3068 Bersell
510 3003 534 3083 ⁹,
549 3005 669 3084 inquo
684 3004 939 3067 monasterium
957 3014 1034 3067 erat
1050 3002 1266 3079 monialium,
1283 3000 1377 3081 quod
1397 3016 1478 3063 curn
1493 3000 1592 3061 inve·

359 3111 483 3191 nisset,
499 3112 535 3174 in
557 3112 764 3175 lustratione
783 3128 875 3201 suae
897 3110 1081 3189 dioecesis,
1099 3126 1316 3189 magnopere
1340 3106 1591 3171 reformatione

361 3219 532 3299 indigere,
548 3220 646 3283 venit
659 3219 856 3300 Episcopus
870 3217 882 3251 ⁸
903 3217 1108 3282 Ferrariam
1129 3228 1167 3281 ut
1182 3216 1320 3280 Ducem
1342 3218 1592 3295 alloqueretur,

358 3334 397 3389 et
406 3343 481 3389 rem
491 3334 604 3389 totam
618 3344 700 3391 cum
710 3326 747 3389 P.
761 3326 949 3407 Pelletario
962 3326 1120 3403 contulit,
1138 3341 1181 3388 ac
1198 3322 1340 3387 Patrem
1358 3322 1556 3403 Philippum
1569 3320 1591 3400 ⁴,

360 3432 548 3496 Rectorem
573 3432 817 3511 Mutinensem,
835 3433 880 3495 ad
891 3433 1025 3512 aliquot
1040 3432 1126 3509 dieS,
1143 3440 1181 3495 nt
1200 3431 1407 3494 monialium
1422 3428 1589 3492 reforma·

359 3539 450 3603 tloni
464 3548 621 3617 vacaret,
638 3541 843 3619 postulavit.
859 3538 904 3602 Et
919 3538 1082 3620 quamvis
1098 3538 1214 3619 aliquo
1235 3538 1340 3601 modo
1356 3536 1387 3599 ei
1409 3550 1594 3599 concesse·

368 3718 566 3727 *-

402 3814 412 3849 ¹
439 3814 530 3863 Eritne
547 3816 612 3860 haec
628 3816 748 3869 formula
764 3816 817 3869 iila,
834 3826 900 3870 qnae
916 3816 988 3859 edita
1005 3822 1045 3859 est
1063 3815 1088 3860 ln
1106 3814 1201 3859 Carras
1215 3815 1247 3858 de
1263 3815 1318 3858 San
1335 3814 1452 3869 Ignaris,
1464 3822 1482 3859 t.
1496 3828 1521 3867 v,
1532 3826 1593 3871 pat.

361 3886 469 3931 mua?
484 3886 583 3931 Verum
599 3888 644 3931 iiia
658 3888 741 3932 solnm
758 3887 878 3931 demodo
892 3887 1070 3941 negotiasset
1085 3886 1277 3941 Superioribus
1294 3886 1435 3929 Societnris
1460 3886 1592 3931 tractandi

359 3960 427 4015 agit.

402 4031 414 4063 ¹
441 4030 491 4085 Sic;
502 4032 680 4075 existimamus
691 4037 779 4075 tamen
788 4040 934 4075 sermonem
945 4028 1000 4075 fieri
1012 4029 1043 4072 de
1054 4028 1199 4081 Bresseilo,
1208 4030 1274 4084 quod
1283 4029 1402 4084 oppidum
1411 4036 1449 4071 est
1459 4030 1483 4072 in
1491 4026 1593 4073 Ducatu

362 4101 498 4147 Mutinensi
508 4114 587 4156 prope
597 4102 719 4158 adjacens
726 4100 843 4145 confiniis
850 4100 1088 4145 Parmensis-Nec
1099 4102 1192 4145 mirum
1202 4100 1269 4156 qnod
1279 4102 1356 4156 liujus
1361 4100 1446 4155 oppidi
1457 4100 1594 4155 specialem

362 4174 511 4223 habendam
525 4185 616 4219 euram
633 4180 737 4231 optaret
753 4172 895 4217 Ferrarius
912 4172 980 4225 an;
998 4172 1061 4217 lllntl
1076 4172 1143 4217 enirn
1157 4184 1252 4227 magno
1268 4179 1371 4227 sumptu
1385 4173 1592 4217 instauraverat.

365 4245 501 4303 ‘Anziper
511 4246 647 4290 mostrarsi
657 4246 713 4288 cosi
727 4244 838 4288 Hercule
854 4243 898 4297 (ΙΙ)
913 4244 939 4288 in
954 4242 1059 4288 edificar
1074 4245 1098 4287 le
1113 4245 1187 4298 cirta,
1203 4255 1274 4287 come
1290 4246 1502 4289 honoratameuts
1519 4244 1543 4287 lo
1557 4254 1596 4287 so.

366 4316 456 4371 mloelln
465 4318 490 4360 ln
501 4322 568 4361 tntte
579 4318 603 4361 le
614 4318 681 4359 altre
691 4328 736 4361 sne
747 4317 828 4369 virtu,
839 4315 873 4360 ha
884 4316 1029 4360 realmente
1040 4315 1136 4359 ridotto
1147 4316 1286 4363 Brescelio.
1302 4316 1320 4360 ll
1335 4316 1411 4370 quale
1421 4325 1467 4357 era
1482 4326 1516 4358 nu
1531 4324 1595 4369 poco

365 4388 436 4439 nobil
445 4388 569 4437 castello.
581 4390 606 4433 ln
615 4399 666 4435 naa
677 4389 817 4433 bellissima
829 4388 913 4433 forma
922 4388 949 4431 di
963 4388 1037 4437 eitra.
1047 4393 1074 4433 et
1089 4388 1140 4431 l'ba
1153 4393 1258 4433 armata
1272 4388 1298 4431 di
1314 4386 1453 4431 fortissime
1469 4392 1496 4431 et
1511 4387 1596 4431 sisare

363 4471 448 4509 mura.
458 4466 485 4503 et
494 4460 646 4505 circondats
655 4460 680 4503 di
691 4461 746 4505 cosi
755 4459 952 4515 profundissime
969 4459 1045 4513 fosse,
1056 4458 1104 4501 elie
1120 4458 1146 4503 ln
1156 4464 1226 4502 tutta
1237 4458 1314 4503 italia
1324 4469 1374 4501 non
1389 4458 1410 4501 sl
1425 4464 1520 4502 truova
1531 4458 1598 4502 cittis

362 4532 407 4587 pin
416 4532 485 4576 forre
495 4532 520 4575 di
531 4532 684 4582 Breseello.,
694 4530 707 4583 J
711 4542 807 4575 onasus
817 4530 946 4575 Baerrsrn
956 4529 1077 4583 Graiam,
1091 4529 1286 4573 Continenrnrio
1296 4530 1366 4573 delle
1374 4540 1432 4574 cose
1440 4530 1470 4573 di
1477 4528 1599 4573 Ferraria

359 4606 389 4647 er
398 4604 440 4647 αι’
450 4602 574 4657 Principe·
583 4603 617 4645 da
628 4602 703 4653 Este,
712 4614 772 4657 pag.
783 4601 833 4644 180.

401 4677 413 4710 ⁸
441 4676 568 4728 :lepidius
577 4674 725 4728 Foscararl,
736 4675 766 4720 0.
777 4674 803 4719 S.
816 4676 846 4719 D.

399 4750 410 4781 ⁴
438 4749 584 4803 Philippum
595 4746 717 4798 Fabrum,
729 4748 789 4791 olim
799 4746 937 4791 Leernum.
