3717 5400
365 479 417 545 196
819 477 948 538 Canon.
968 477 1046 537 Soc.
1066 477 1138 550 Jus.
1206 449 1213 459 ’

361 625 425 704 leS,
441 635 476 689 et
491 624 526 688 in
546 625 666 688 latinis
684 635 719 687 et
738 625 880 702 graecis
899 623 1027 686 litteris
1044 625 1190 702 egregie
1208 625 1354 686 versati.
1374 622 1421 686 Hi
1435 634 1528 701 sunt,
1551 623 1597 690 de

361 733 489 813 quibus
497 735 602 813 paulo
614 742 696 795 ante
707 731 872 809 drximus,
885 733 980 813 quod
992 732 1195 795 Messanam
1205 731 1394 794 rediissent
1405 731 1471 796 sub
1481 739 1596 795 aesta-

362 850 433 902 tem
447 840 586 902 scilicet
597 838 700 918 hujus
715 839 799 901 anni
817 839 839 897 ¹.

422 945 494 1010 566.
537 945 640 1026 Quod
655 945 699 1009 ad
715 946 858 1010 scholas
872 946 1009 1024 attinet,
1025 947 1150 1010 eadem
1164 946 1274 1020 ratio,
1289 963 1381 1026 quae
1395 946 1486 1009 alias
1499 946 1596 1008 dicta

361 1051 443 1132 fuit,
470 1053 740 1116 observabatur.
763 1052 885 1116 Nostri
911 1063 1030 1116 autem
1048 1054 1206 1116 externis
1225 1053 1494 1132 condiscipulis,
1520 1063 1596 1116 tam

362 1161 399 1222 in
413 1159 556 1239 virtute,
574 1177 681 1240 quam
695 1161 731 1224 in
743 1160 942 1224 eruditione
955 1162 1157 1240 exemplum
1166 1159 1352 1239 egregium
1362 1159 1594 1240 praebebant.

362 1267 422 1330 Ad
435 1267 606 1330 ducentos
620 1277 655 1329 et
670 1267 852 1348 octoginta
867 1268 948 1347 plus
966 1266 1082 1329 minus
1103 1266 1318 1329 ascendebat
1333 1283 1457 1328 eorum
1476 1282 1596 1330 nume·

362 1391 436 1452 rus,
452 1375 513 1453 qui
533 1373 640 1437 rebus
654 1374 910 1454 spiritualibus,
928 1384 962 1436 et
983 1374 1124 1454 quidem
1143 1373 1253 1452 aliqui
1270 1389 1396 1436 eorum
1414 1371 1594 1435 ferventer

361 1480 565 1560 admodum,
581 1481 848 1555 incumbebant;
871 1491 905 1544 et
928 1493 1060 1544 octavo
1079 1481 1137 1542 vei
1155 1481 1279 1559 quinto
1298 1479 1435 1541 decimo
1455 1495 1596 1559 quoque

360 1587 419 1649 die
434 1597 660 1650 sacramenta
675 1586 908 1650 confessionis
923 1597 959 1650 et
973 1587 1232 1650 communionis
1246 1585 1536 1666 frequentabant;
1559 1594 1596 1648 et

361 1711 408 1756 ex
422 1694 475 1756 eis
489 1693 597 1774 aliqui
614 1695 649 1758 in
665 1694 856 1773 religiones
871 1695 994 1757 varias
1008 1694 1162 1774 ingressi
1176 1703 1273 1770 sunt;
1289 1693 1456 1773 quamvis
1474 1695 1595 1772 piures

362 1802 399 1864 in
413 1799 629 1865 Societatem
644 1800 782 1864 admitti
803 1802 1004 1880 cupiebant.

422 1908 493 1972 567.
538 1908 710 1988 Coeptum
730 1909 796 1972 fuit
815 1919 936 1972 autem
961 1911 1029 1972 hoc
1054 1926 1149 1972 anno
1173 1908 1372 1987 Collegium
1396 1906 1593 1985 arabicum,

363 2033 445 2079 cum
459 2017 602 2096 quidam
617 2017 783 2080 inventus
798 2027 891 2080 esset
903 2017 991 2080 satis
1001 2016 1161 2079 eruditus
1171 2016 1209 2078 in
1219 2032 1263 2078 ea
1274 2016 1409 2094 lingua,
1421 2025 1457 2077 et
1468 2015 1505 2077 in
1515 2015 1596 2094 lege

363 2122 554 2186 Mahometi
570 2132 745 2201 versatus,
761 2140 868 2202 aquo
884 2133 958 2186 tres
971 2122 1084 2203 pueri,
1100 2140 1147 2185 ex
1166 2123 1236 2185 iliis
1255 2123 1317 2202 qni
1333 2122 1371 2183 in
1389 2120 1516 2184 Africa
1536 2138 1596 2184 ca·

363 2231 416 2310 pti
429 2229 580 2308 fuerant,
597 2240 632 2292 et
647 2248 668 2292 a
684 2229 853 2309 Pro-rege
867 2231 1027 2310 Collegio
1041 2230 1174 2307 donati,
1189 2230 1315 2292 adhoc
1327 2229 1444 2307 ipsum
1456 2238 1496 2290 ut
1506 2228 1596 2292 bene

363 2338 633 2414 instruerentur,
650 2337 719 2402 duo
735 2349 921 2418 praeterea
941 2357 987 2402 ex
1007 2340 1157 2414 nostris,
1179 2353 1330 2418 quorum
1351 2336 1443 2398 alter
1460 2335 1596 2416 Tripoli

363 2452 469 2508 natus
482 2444 611 2520 fuerat,
628 2444 687 2507 ubi
701 2455 837 2525 septem
851 2446 985 2524 primos
1004 2446 1132 2508 aetatis
1150 2462 1264 2508 annos
1288 2454 1427 2525 egerat,
1448 2445 1540 2506 alter
1560 2444 1597 2506 in

364 2549 539 2634 Melitensi
554 2551 670 2614 insula
684 2549 846 2614 eamdem
861 2552 1044 2615 arabicam
1056 2553 1226 2630 linguam,
1238 2560 1278 2614 ut
1288 2551 1337 2614 ibi
1350 2551 1594 2628 vernaculam,

362 2657 552 2735 didicerat,
580 2657 866 2722 instituebantur.
892 2659 938 2722 Et
955 2658 1056 2722 brevi
1074 2660 1193 2738 legere
1218 2677 1262 2722 ac
1285 2659 1444 2722 scribere
1467 2656 1596 2720 didice-

363 2776 456 2845 runt,
474 2778 508 2829 et
523 2767 631 2846 aliqui
646 2784 769 2830 eorum
784 2776 858 2829 tam
871 2767 962 2830 bene
973 2766 1048 2847 J'am
1061 2767 1313 2847 loquebantur,
1333 2775 1372 2829 ut
1392 2767 1428 2828 in
1449 2766 1596 2829 arabica

362 2874 486 2952 lingua
515 2873 721 2936 concionari
748 2890 854 2953 posse
887 2873 1106 2937 viderentur.
1136 2872 1265 2937 Postea
1296 2883 1416 2937 tamen
1450 2882 1596 2954 propter

363 2981 623 3059 aegritudinem
638 2978 788 3044 duorum
804 2997 850 3043 ex
864 2980 934 3043 iilis
948 2982 1069 3059 pueris
1084 2981 1253 3044 africanis
1267 2992 1302 3043 et
1317 2981 1467 3045 aliorum
1486 2982 1595 3060 impe·

362 3086 532 3163 dimenta,
549 3089 616 3149 hoc
633 3084 865 3165 Collegiolum
884 3086 1081 3164 arabicum,
1097 3089 1191 3167 quod
1207 3088 1301 3168 apud
1323 3087 1478 3151 Montem
1492 3104 1594 3165 rega·

364 3196 433 3257 iem
448 3193 655 3271 habebatur,
672 3192 865 3273 frigescere
880 3193 949 3255 hoc
964 3210 1058 3255 anno
1078 3194 1194 3274 coepit
1208 3200 1230 3258 ¹.

423 3298 493 3362 568.
537 3298 639 3379 Quod
655 3300 700 3362 ad
716 3300 907 3363 conciones
922 3302 1059 3377 attinet,
1076 3318 1256 3381 nunquam
1273 3302 1354 3364 iliae
1373 3301 1596 3365 intermissae

361 3406 505 3470 fuerunt
531 3406 717 3471 dominicis
743 3415 777 3469 et
796 3406 898 3470 festis
919 3407 1054 3485 diebus;
1080 3410 1171 3471 sicut
1196 3426 1261 3471 nec
1284 3409 1389 3472 lectio
1413 3409 1597 3475 doetrinae

361 3514 580 3577 christianae
595 3512 719 3576 diebus
734 3516 886 3577 veneris
905 3513 945 3577 In
961 3515 1071 3576 variis
1086 3515 1195 3578 etiam
1210 3516 1436 3579 monasteriis
1454 3516 1522 3579 hoc
1544 3534 1597 3579 se·

365 3638 444 3683 men
462 3622 559 3683 verbi
574 3621 642 3684 Dei
658 3638 728 3684 non
742 3622 819 3683 sine
834 3622 952 3684 fructu
963 3620 1100 3701 iactum
1114 3631 1179 3700 est;
1195 3640 1278 3685 nam
1291 3623 1328 3685 in
1339 3640 1596 3687 conversarum

362 3729 598 3805 monasteri0,
623 3728 682 3791 ubi
702 3738 872 3807 tanquam
892 3728 927 3790 in
951 3728 1160 3807 probatione
1184 3731 1386 3810 complures
1405 3730 1597 3793 versaban-

405 4004 414 4037 ¹
444 4007 507 4059 Pag.
520 4005 566 4057 192,
577 4006 660 4050 abbo.

403 4080 415 4111 ¹
441 4078 508 4123 Vide
527 4078 603 4128 inira,
614 4088 655 4121 nn.
666 4076 708 4121 6oe
721 4082 747 4121 et
757 4076 921 4123 odi-Valde
936 4079 1008 4122 cordi
1024 4087 1080 4121 erat
1098 4078 1148 4121 hoc
1157 4078 1259 4122 arabici
1269 4079 1399 4131 collegioli
1409 4078 1511 4123 initium
1521 4079 1598 4123 Patri

362 4150 473 4205 ignatio.
485 4148 531 4191 “V.
543 4148 573 4191 R.
583 4150 605 4192 ci
615 4149 682 4191 avisi
694 4149 735 4192 del
746 4160 884 4203 progresso
902 4150 982 4193 chesi
997 4150 1024 4193 fa
1034 4150 1094 4192 nell·
1109 4160 1190 4203 opera
1203 4150 1252 4193 che
1267 4150 1290 4193 si
1306 4150 1333 4193 fa
1343 4150 1403 4202 (stc)
1420 4152 1463 4194 dei
1479 4150 1597 4205 eolleglo

362 4222 477 4275 arabico,
488 4222 564 4275 quale
581 4220 603 4264 si
615 4220 682 4263 tiene
693 4232 744 4275 qna
755 4232 801 4275 per
818 4222 977 4275 importante
994 4232 1041 4275 per
1057 4222 1116 4275 quel
1131 4222 1271 4266 medeaimo
1287 4222 1376 4265 efferto
1392 4223 1441 4265 che
1458 4223 1564 4266 havera
1580 4233 1597 4266 a

360 4293 461 4337 servire
473 4294 490 4337 ii
502 4292 611 4345 collegio
622 4292 647 4336 di
658 4290 748 4343 Malta,
757 4294 811 4337 cine
822 4294 846 4336 di
857 4300 933 4347 poter
943 4294 1045 4338 aiutare
1055 4296 1080 4336 la
1093 4294 1241 4346 Barbula„
1252 4294 1514 4345 Poiancus,excom.,
1523 4294 1597 4339 Patri

361 4364 521 4421 Hieronymo
534 4363 689 4411 Dornenech,
699 4364 714 4406 5
724 4364 875 4408 Decembris
886 4366 947 4408 1554.
975 4364 1029 4409 “La
1043 4366 1207 4409 solicitudine
1217 4366 1241 4409 d’
1250 4366 1389 4419 insegnare
1401 4367 1427 4409 ia
1436 4367 1526 4420 lingua
1536 4376 1596 4411 ara·

361 4436 421 4481 bica
431 4446 478 4489 per
488 4436 506 4477 ii
517 4435 616 4487 discgni
627 4434 650 4477 di
663 4434 789 4478 Barberia
799 4440 812 4479 e
824 4438 903 4479 molto
911 4439 1089 4487 conveniente,
1100 4438 1154 4481 etii
1166 4436 1264 4489 disepni
1276 4437 1319 4480 del
1332 4438 1444 4491 collegio
1460 4439 1597 4483 turcbesco

360 4515 388 4551 et
400 4508 415 4550 l'
425 4509 494 4551 altro
505 4508 611 4549 arabico
622 4516 650 4548 ce
662 4517 760 4560 pareno
770 4509 850 4551 molto
866 4508 1062 4556 charltatevoil.
1081 4520 1154 4552 come
1170 4510 1254 4552 anche
1264 4510 1280 4551 l'
1297 4512 1367 4553 altro
1383 4511 1410 4553 di
1428 4509 1597 4555 Sculavonia.

362 4580 409 4623 Coi
421 4586 506 4632 tempo
516 4580 574 4631 ogni
587 4589 648 4621 cosa
658 4578 679 4620 si
691 4583 740 4633 puo
752 4590 867 4634 sperare,
878 4588 904 4623 et
914 4584 928 4624 e
939 4584 987 4623 ben
1004 4582 1072 4623 farto
1088 4581 1212 4624 sforzarsf
1224 4581 1313 4624 adare
1324 4583 1401 4625 alcun
1416 4584 1485 4626 bnon
1504 4583 1598 4631 princi·

360 4656 411 4706 pio;
423 4652 470 4694 che
482 4650 530 4693 Dio
542 4648 562 4692 N
588 4649 614 4691 S.
626 4650 690 4692 dara
702 4654 717 4693 l'
729 4654 910 4705 incremento„
922 4653 991 4696 idem
1008 4655 1101 4706 eidem,
1114 4655 1138 4697 13
1155 4654 1292 4698 Februarii
1311 4655 1363 4699 15ὀό
1374 4654 1442 4699 -Cf.
1461 4658 1542 4701 etiarn
1556 4668 1600 4700 su·

362 4734 420 4779 pra,
431 4728 496 4775 arv,
508 4732 569 4776 pag.
580 4720 619 4763 211
631 4724 713 4777 eriis,
725 4735 766 4766 nn.
777 4724 875 4767 482481.
