3717 5400
830 490 894 548 Art.
917 489 988 549 isui
1468 494 1526 553 479

294 632 379 696 dum
393 633 569 713 quaedam
583 635 694 715 ipsius
707 636 852 715 negotia
867 635 1001 699 Rornae
1012 635 1300 716 expediebantur.
1317 637 1350 700 Is
1362 639 1445 702 olim
1455 638 1526 702 Ro·

294 756 374 802 mae
387 740 424 803 in
439 741 682 821 spiritualibus
695 742 886 821 exercitiis,
905 760 995 823 quae
1011 755 1228 823 susceperat,
1242 761 1314 807 non
1325 745 1467 808 omnino
1479 746 1523 811 de

294 846 390 909 vitae
405 864 491 910 suae
506 856 602 912 statu
616 849 808 912 decernere
824 851 998 927 voluerat,
1021 849 1084 913 sed
1105 860 1228 930 postea
1249 851 1284 913 in
1304 868 1394 931 eam,
1416 869 1528 931 quam

293 952 379 1033 dixi,
397 956 608 1020 sententiam
622 955 733 1020 venit.
748 954 833 1035 Ejus
844 966 964 1020 tamen
976 958 1175 1020 constantia
1188 956 1320 1019 nostris
1332 956 1522 1022 admodum

293 1060 444 1141 probata
460 1078 531 1124 non
545 1069 639 1139 erat;
655 1071 690 1125 et
705 1063 754 1125 ita
770 1063 816 1127 ad
838 1080 903 1126 sua
924 1064 1030 1127 rediit
1055 1060 1075 1127 ¹.
1099 1062 1251 1143 Quidam
1271 1075 1390 1127 autem
1413 1065 1521 1145 magi·

293 1177 367 1231 ster
392 1168 577 1244 Galindus,
603 1170 790 1249 theologus
809 1170 918 1233 etiam
938 1180 972 1233 et
994 1172 1053 1251 qui
1077 1169 1287 1234 beneficium
1310 1190 1381 1235 non
1401 1172 1524 1252 exigui

293 1275 428 1337 valoris
443 1275 595 1338 habebat
609 1292 720 1356 prope
735 1275 964 1352 Placentiam,
982 1276 1159 1339 admissus
1174 1288 1227 1341 est
1242 1276 1264 1336 ³.
1287 1276 1355 1341 Sed
1377 1276 1523 1358 quidam

291 1382 549 1447 baccalaureus
570 1382 694 1459 Perea,
717 1384 777 1464 qui
802 1384 839 1446 in
859 1384 1093 1447 universitate
1114 1382 1386 1448 Salmanticensi
1406 1385 1524 1449 fuerat

292 1487 486 1564 institutus,
502 1490 538 1551 in
553 1489 730 1553 rhetorica
745 1499 780 1552 et
794 1491 829 1553 in
845 1491 988 1569 graecis
1003 1492 1141 1563 litteris
1160 1492 1430 1569 mathematicis
1448 1492 1521 1573 phi·

292 1596 487 1676 iosophicis
502 1615 545 1659 ac
560 1598 771 1678 theologicis
785 1596 945 1661 eruditus
959 1596 981 1661 ⁸.
1000 1596 1069 1662 Sed
1084 1609 1119 1662 et
1134 1600 1225 1662 alius
1245 1600 1389 1679 quidam
1404 1616 1521 1663 sacer-

291 1700 367 1780 dos,
382 1702 498 1766 etsub
513 1704 727 1781 annifinem,
743 1705 856 1768 laicus
870 1705 1025 1784 quidam,
1043 1706 1113 1785 qui,
1131 1716 1210 1785 post
1229 1707 1401 1770 exercitia
1419 1708 1521 1787 spiri·

289 1810 412 1885 maiia,
429 1820 653 1873 sacramenta
667 1811 764 1875 domi
778 1824 922 1875 nostrae
938 1811 1239 1892 frequentaverat.

352 1916 441 1980 1302.
484 1918 552 1997 Qui
566 1930 685 1981 autem
700 1919 735 1982 in
752 1916 910 1998 Collegio
925 1917 1130 1982 Placentino
1150 1920 1402 1989 versabantur.
1425 1921 1520 1984 serio

288 2025 453 2104 orationi,
469 2025 522 2087 sui
538 2024 783 2102 abnegationi,
800 2022 1020 2087 obedientiae
1040 2038 1074 2089 et
1097 2026 1247 2089 instituti
1267 2026 1381 2089 nostri
1402 2028 1522 2091 obser·

289 2132 437 2210 rationi,
454 2132 519 2195 sub
535 2131 643 2194 Patre
655 2130 846 2194 Vilianova
861 2132 1042 2195 vacabant
1061 2142 1094 2195 et
1110 2132 1357 2212 proficiebant;
1374 2144 1409 2197 et
1429 2134 1519 2197 duas

288 2240 398 2302 horas
410 2238 576 2320 quotidie,
589 2249 730 2316 praeter
742 2239 907 2301 examina
919 2238 1000 2315 due,
1010 2239 1163 2302 orationi
1175 2239 1434 2321 impendebant,
1448 2257 1518 2322 quo

287 2348 514 2427 intempore,
531 2355 655 2425 postea
674 2344 870 2408 moderatio
893 2346 1051 2409 adhibita
1071 2345 1151 2425 suit,
1174 2346 1268 2427 quod
1289 2347 1334 2409 ad
1354 2349 1520 2427 collegia·

286 2457 340 2517 les
351 2452 366 2485 ⁴
379 2454 517 2517 attinet.

350 2560 438 2624 1303.
482 2560 666 2623 institutus
680 2560 796 2623 iuerat
817 2558 855 2623 P.
879 2558 1072 2622 Vilianova
1094 2560 1309 2624 collateralis
1329 2558 1413 2622 D.¹¹⁸
1432 2558 1520 2623 Tor·

286 2669 416 2748 rensis,
433 2668 492 2749 qui
509 2667 674 2731 Baeticae
695 2666 931 2730 Provincialis
951 2676 1045 2745 erat,
1068 2666 1133 2730 sub
1148 2684 1217 2747 quo
1236 2677 1320 2730 tunc
1344 2666 1517 2732 Placenti·

286 2794 370 2840 num
385 2787 463 2839 erat
477 2775 686 2854 Collegium,
703 2774 765 2837 sed
781 2791 862 2838 cum
877 2775 1001 2854 procul
1017 2774 1061 2837 ab
1076 2775 1154 2854 ipso
1169 2774 1373 2854 praedictus
1388 2775 1424 2838 Ρ.
1442 2773 1519 2839 vii·

284 2885 416 2947 lanova
437 2882 607 2945 resideret
624 2880 646 2957 ⁸,
667 2879 883 2958 significavit
897 2879 935 2943 P.
957 2881 1106 2960 Ignati0,
1124 2899 1167 2944 ae
1181 2881 1374 2961 postulavit
1388 2893 1426 2944 ut
1440 2881 1515 2946 offi-

285 2991 380 3053 cium
398 2990 484 3055 illud
503 2990 539 3052 in
560 2990 668 3052 alium
687 2987 951 3066 transferretur,
972 2988 1032 3067 qui
1054 2987 1213 3051 actiones
1232 2987 1349 3052 Patris
1368 2989 1517 3053 Provin-

284 3097 385 3160 eialis
401 3097 526 3160 melius
541 3097 733 3159 observare
748 3105 868 3176 posset
882 3105 917 3159 et
937 3094 1051 3159 officio
1066 3096 1281 3158 collateralis
1294 3094 1410 3175 sungi;
1433 3113 1515 3160 cum

283 3202 493 3283 praesertim
519 3204 687 3282 ignorare
711 3219 750 3266 se
775 3202 910 3266 diceret
930 3201 1082 3265 officium
1101 3201 1346 3265 Provincialis
1370 3201 1514 3267 Interim

282 3311 352 3374 hoc
371 3328 466 3373 anno
486 3327 617 3390 magna
636 3327 682 3372 ex
704 3319 804 3388 parte
825 3308 1028 3372 Placentiae
1052 3308 1129 3386 fuit,
1157 3319 1190 3371 et
1216 3308 1281 3371 sub
1305 3307 1381 3388 ejus
1406 3309 1510 3374 finem

281 3416 507 3496 Complutum
522 3434 561 3478 se
576 3416 742 3494 contulit,
758 3425 797 3479 ut
811 3416 946 3495 aliquot
967 3415 1043 3479 dies
1062 3432 1144 3478 cum
1162 3415 1239 3478 D.re
1255 3415 1420 3494 Vergara
1440 3417 1517 3480 exi-

280 3534 394 3603 geret,
411 3535 445 3586 et
460 3541 540 3587 eum
556 3523 601 3587 ad
616 3524 902 3588 constituendum
917 3505 1050 3604 aliquid
1064 3522 1107 3585 de
1122 3531 1216 3585 statu
1237 3523 1332 3585 vitae
1355 3539 1441 3587 suae
1457 3522 1510 3603 ju·

281 3640 384 3693 varet
397 3628 421 3692 ⁶.
438 3631 516 3694 Non
529 3631 717 3709 ignorabat
731 3641 850 3693 tamen
867 3631 1117 3709 permolestum
1132 3645 1211 3692 esse
1226 3629 1382 3693 futurum
1396 3631 1511 3696 eidem

283 3735 433 3800 Ductori
459 3748 496 3801 ut
518 3739 593 3817 ipse
612 3737 830 3800 Placentiam
850 3737 992 3812 rediret,
1012 3744 1048 3799 et
1067 3745 1185 3799 tamen
1212 3737 1345 3800 referre
1366 3754 1516 3816 magno·

281 3861 365 3923 pere
380 3846 559 3923 censebat,
575 3853 613 3907 ut
628 3843 761 3925 aliquid
775 3844 864 3907 certi
878 3843 922 3906 de
937 3853 1030 3907 statu
1046 3860 1111 3906 suo
1125 3844 1329 3923 praedictus
1352 3841 1416 3906 Dr.
1437 3855 1512 3908 sta·

278 3959 406 4014 tuerer.

320 4156 328 4187 ¹
357 4155 552 4210 uniusquidem
562 4154 702 4199 meminere
713 4165 893 4209 nonnunquam
905 4153 1002 4197 Curias
1009 4153 1042 4197 de
1051 4153 1106 4196 San
1117 4153 1239 4206 Ignacto:
1249 4165 1305 4198 eum
1315 4161 1513 4209 tamensemper

277 4227 412 4280 appellunt
420 4227 444 4270 el
455 4226 606 4270 Ractnnero
615 4227 649 4270 de
657 4225 832 4278 Salamancn,
841 4225 942 4269 nomine
953 4233 980 4270 et
991 4225 1142 4280 cogromine
1152 4225 1309 4280 suppressis.

316 4299 329 4330 ¹
355 4297 464 4352 ignotas
474 4299 552 4342 etiam
562 4299 605 4342 bie
615 4298 742 4343 Galindas
752 4297 800 4342 init
811 4299 909 4342 nostris
919 4297 1059 4342 historicis.

316 4369 330 4402 ⁸
355 4368 404 4413 Hic
414 4370 481 4413 alius
491 4380 547 4413 esse
556 4370 633 4413 debet
644 4371 718 4413 abeo
733 4369 847 4424 eiusdem
857 4368 1024 4423 cognominis,
1036 4369 1115 4413 etism
1132 4369 1311 4422 baccalaureo,
1322 4370 1365 4425 qui
1380 4369 1509 4415 societati

274 4449 368 4484 aomen
378 4441 457 4494 dedit,
468 4442 493 4485 in
504 4440 645 4494 Ognntensi
656 4440 781 4494 collegio,
793 4449 860 4484 suno
872 4440 932 4484 1552.
943 4439 1009 4483 Vide
1019 4451 1106 4494 supra,
1118 4447 1136 4483 t.
1145 4451 1172 4492 tr,
1182 4452 1242 4496 pag.
1253 4441 1301 4492 613.
1313 4454 1338 4485 n.
1348 4441 1396 4486 tui.

316 4513 330 4545 ⁴
355 4511 465 4556 Nostros
473 4513 598 4566 intellige,
607 4519 663 4557 tum
673 4512 845 4567 coadiutores,
857 4521 910 4555 tum
920 4511 1077 4566 praesertim
1087 4512 1264 4556 scholasticos.
1276 4512 1315 4557 Ci.
1326 4514 1405 4557 etium
1419 4523 1511 4568 supra,

275 4593 337 4637 pag.
346 4582 395 4634 tat,
404 4594 428 4627 n.
440 4583 500 4626 11⁶9.

317 4652 329 4686 ⁸
356 4653 493 4699 Residebat
504 4655 532 4698 P.
543 4653 639 4698 Turres
648 4665 769 4707 magnam
779 4653 840 4698 anni
850 4660 954 4708 partem
965 4653 1065 4708 Hispali
1076 4661 1101 4698 et
1113 4654 1256 4699 Grnnatae.

317 4724 329 4757 ⁸
358 4726 423 4770 Vide
433 4737 520 4781 supra,
530 4738 590 4781 pag.
600 4726 648 4780 tsi,
660 4739 683 4769 n.
697 4725 757 4769 120⁶.
