3717 5400
375 415 433 476 562
482 462 485 477 .
839 415 967 477 Canon.
988 416 1064 477 Soc.
1085 423 1156 491 jas.

379 564 516 629 amicus
536 574 630 629 esset
650 564 832 642 Societati,
856 581 928 627 non
953 564 1133 644 displicuit
1152 565 1285 628 nostris
1306 575 1345 627 ut
1364 581 1614 629 successorem

378 672 415 736 in
429 672 641 753 magistratu
661 672 849 753 acciperet,
870 680 1014 752 propter
1033 672 1126 735 hanc
1145 671 1346 752 opinionem
1367 689 1458 751 quae
1472 674 1613 735 nostris

378 780 596 861 displicebat.
610 779 721 843 Immo
736 798 817 843 cum
832 780 876 842 ab
896 791 1065 843 autumno
1079 780 1165 843 anni
1186 779 1368 859 praeteriti
1389 796 1435 842 ex
1454 779 1607 844 consilio

376 885 566 951 Infantiam
581 886 821 951 decrevissent
835 895 844 926 ¹
860 887 981 966 plures
995 886 1189 966 discipulos
1204 904 1277 949 non
1295 886 1492 965 admittere,
1509 888 1605 968 quod

377 1004 450 1059 tam
465 996 584 1058 multis
598 993 857 1058 confluentibus
871 1010 937 1056 nec
952 992 1096 1056 scholae
1110 992 1309 1057 sufficerent
1320 1010 1386 1056 nec
1398 1004 1602 1075 praecepto·

376 1120 445 1181 res,
473 1101 581 1165 etita
607 1110 744 1164 tantum
769 1100 941 1181 quosdam
966 1100 1135 1163 nobilium
1159 1099 1250 1163 filios
1279 1100 1518 1179 admitterent,
1544 1104 1601 1164 vel

376 1208 528 1273 aliarum
547 1223 791 1287 personarum,
811 1208 940 1287 quibus
959 1206 995 1271 id
1011 1207 1138 1287 negari
1157 1217 1398 1301 nonpoterat,
1420 1204 1608 1289 Olyssipo*

375 1332 503 1379 nenses
517 1332 588 1378 non
602 1314 638 1377 ln
651 1314 782 1377 bonam
793 1325 932 1394 partem
944 1313 981 1376 id
992 1314 1328 1394 interpretabantur,
1342 1323 1377 1377 et
1392 1331 1473 1377 cum
1486 1318 1601 1394 repul-

375 1438 453 1486 sam
473 1431 681 1503 paterentur
702 1439 767 1502 pro
782 1421 855 1485 suis
878 1420 971 1500 filiis,
994 1420 1311 1485 obmurmurabant
1336 1432 1371 1484 et
1389 1424 1607 1503 acceptatio-

374 1547 456 1593 nem
469 1546 702 1611 personarum
718 1529 849 1592 nostris
862 1526 1086 1609 objiciebant.

437 1636 524 1700 1544.
568 1635 692 1699 Voluit
708 1636 784 1699 Rex
798 1636 921 1699 videre
943 1636 1245 1700 concertationem
1265 1638 1421 1717 aliquam
1436 1647 1470 1700 et
1489 1640 1603 1717 speci·

373 1762 453 1808 men
465 1743 770 1821 scholasticorum,
784 1760 872 1824 quos
885 1743 978 1823 apud
992 1742 1058 1807 Ssss
1073 1742 1269 1808 Antonium
1282 1747 1395 1809 nostri
1410 1745 1602 1810 docebant.

370 1850 525 1932 injunxit
540 1866 626 1930 ergo
638 1850 743 1913 Pater
754 1850 869 1913 Miron
885 1849 1065 1931 praelecto
1080 1850 1289 1930 studiorum,
1306 1851 1403 1915 Patri
1417 1851 1602 1933 Cypriano

370 1957 513 2036 Suarez,
529 1966 566 2021 ut
577 1958 714 2038 aliquos
726 1967 968 2037 praepararet.
983 1956 1176 2037 Postquam
1187 1974 1274 2037 ergo
1286 1958 1449 2038 discipuli
1460 1959 1596 2023 confes·

371 2066 482 2129 sionis
497 2076 531 2127 et
546 2064 805 2127 communionis
819 2075 1044 2127 sacramento
1058 2080 1097 2126 se
1112 2064 1323 2145 munierant,
1346 2083 1434 2145 puer
1452 2066 1601 2145 quidam

371 2189 494 2237 coram
511 2170 610 2251 Rege
634 2171 827 2252 positiones
852 2170 1053 2236 rhetoricas
1071 2168 1311 2235 defendendas
1332 2173 1498 2253 suscepit.
1523 2174 1601 2238 Alii

370 2289 488 2343 autem
517 2296 563 2343 ex
591 2277 757 2343 studiosis
785 2276 1068 2342 adolescentibus
1097 2287 1223 2342 contra
1251 2296 1331 2343 eum
1358 2279 1599 2361 disputarunt,

368 2387 574 2468 praemissis
603 2386 846 2463 oratiunculis
876 2394 950 2448 tam
976 2384 1120 2464 graecis
1151 2402 1257 2466 quam
1279 2385 1413 2465 latinis,
1439 2395 1474 2450 et
1498 2398 1601 2452 recte

368 2496 532 2575 utrinque
558 2493 688 2574 optime
710 2492 721 2523 ¹
743 2510 783 2555 se
807 2501 1006 2573 gesserunt,
1030 2502 1069 2556 ut
1093 2490 1185 2572 Regi
1208 2493 1348 2556 abunde
1372 2492 1598 2559 satisfactum

366 2613 472 2680 esset,
490 2602 548 2665 cui
563 2602 686 2664 aderat
701 2598 839 2681 Regina
850 2610 884 2662 et
896 2596 962 2662 Dr.
974 2598 1153 2663 Antonius
1163 2599 1322 2674 Pinerus;
1336 2608 1371 2663 et
1381 2601 1457 2681 ipse
1470 2600 1509 2664 P.
1533 2600 1599 2666 Mi-

367 2729 431 2775 ron
447 2709 602 2772 omnium
617 2709 792 2772 rationem
807 2708 858 2770 eis
872 2707 1054 2772 reddebat:
1071 2707 1237 2771 credibile
1251 2717 1305 2771 est
1325 2708 1419 2789 quod
1432 2707 1511 2774 Rex
1523 2711 1595 2774 hoc

364 2816 576 2880 litterarium
591 2815 770 2895 specimen
787 2813 907 2876 videre
922 2814 1085 2893 voluerit,
1103 2813 1197 2894 quod
1212 2814 1255 2878 de
1269 2831 1334 2878 suo
1349 2814 1507 2895 Collegio
1526 2815 1589 2882 Co·

362 2921 592 2987 nimbricensi
606 2921 737 2984 nostris
751 2919 925 2984 tradendo
940 2930 1024 2983 tunc
1039 2921 1180 3000 agebat.
1196 2919 1271 2984 Nec
1284 2922 1399 2986 solum
1412 2921 1597 3005 principes

362 3040 397 3093 et
413 3029 473 3093 alii
487 3030 701 3108 saeculares
715 3027 778 3090 sed
792 3027 951 3106 religiosi
965 3026 1083 3106 etiam,
1100 3027 1144 3090 de
1158 3027 1214 3091 his
1228 3028 1355 3092 studiis
1368 3029 1499 3110 optime
1513 3047 1589 3094 sen·

362 3137 509 3214 tiebant,
528 3136 587 3216 qui
602 3133 646 3198 ad
663 3135 731 3198 hoc
746 3133 943 3214 Collegium
956 3133 1064 3197 studii
1077 3134 1196 3214 gratia
1210 3153 1273 3199 eos
1286 3136 1484 3216 mittebant,
1500 3154 1590 3217 quos

362 3245 436 3308 suis
451 3243 616 3324 expensis
630 3240 829 3313 educabant
848 3251 886 3304 ut
907 3241 944 3306 in
965 3241 1157 3320 religiones
1178 3258 1262 3306 suas
1281 3241 1407 3307 deinde
1428 3245 1592 3309 admitte·

362 3361 453 3430 rent;
468 3360 587 3413 ettam
601 3349 637 3412 hi
653 3365 758 3430 quam
774 3349 846 3427 alii,
863 3348 923 3429 qui
945 3365 990 3411 ex
1004 3349 1135 3411 nostris
1154 3347 1286 3412 scholis
1305 3350 1351 3414 ad
1370 3368 1494 3415 eorum
1506 3353 1588 3416 reli-

320 3537 322 3542 *
361 3455 504 3540 gionem
524 3473 562 3519 se
584 3455 826 3536 conserebant,
842 3454 1097 3519 aedificationis
1116 3456 1306 3535 plurimum
1324 3464 1359 3519 et
1378 3459 1592 3524 consolatio·

360 3567 416 3630 nis
430 3565 481 3627 eis
497 3563 725 3643 praebebant;
742 3571 776 3626 et
791 3562 917 3627 horum
932 3579 1101 3626 numerus
1115 3579 1266 3642 magnus
1280 3574 1369 3628 erat.

423 3671 510 3734 1545.
555 3670 644 3734 Cum
659 3670 752 3734 enim
767 3685 920 3748 magnus
935 3669 1125 3736 haberetur
1140 3668 1297 3734 delectus
1318 3671 1355 3734 in
1378 3671 1444 3752 his,
1460 3673 1521 3755 qui
1540 3675 1588 3739 ad

360 3778 575 3844 Societatem
590 3776 877 3854 admittebantur,
894 3793 1067 3856 persaepe
1083 3777 1129 3841 ad
1149 3776 1238 3840 alias
1257 3779 1449 3858 religiones
1469 3782 1584 3844 adole·

359 3895 499 3950 scentes
514 3903 553 3948 se
568 3882 835 3960 convertebant,
853 3891 888 3946 et
902 3882 939 3946 in
956 3900 1062 3945 unum
1078 3885 1333 3948 monasterium
1346 3884 1391 3948 D.
1412 3886 1588 3951 Bernardi

359 3993 482 4056 decem
496 3991 555 4054 vel
569 3989 756 4053 duodecim
771 4006 816 4052 ex
830 3988 961 4052 nostris
975 3989 1106 4052 scholis
1120 3989 1274 4068 ingressi
1293 3993 1585 4072 numerabantur;

357 4110 392 4163 et
407 4115 518 4178 usque
534 4097 623 4160 adeo
637 4095 754 4159 Priori
768 4095 974 4159 monasterii
989 4097 1187 4176 placebant,
1204 4107 1242 4160 ut
1257 4098 1508 4180 Ulyssiponam
1525 4121 1586 4166 ve·

356 4208 449 4271 nerit
464 4206 559 4286 (nam
574 4202 827 4268 monasterium
842 4211 944 4266 extra
959 4204 1081 4267 urbem
1096 4202 1198 4283 erat),
1216 4213 1254 4268 ut
1269 4203 1406 4270 videret
1419 4225 1504 4272 num
1523 4210 1584 4272 ali·

355 4331 444 4396 quos
464 4313 564 4390 alioS,
586 4320 727 4391 praeter
744 4308 817 4390 jam
840 4307 1027 4388 admissos
1051 4310 1210 4375 obtinere
1235 4323 1365 4393 posset.
1393 4313 1438 4378 Et
1463 4325 1587 4380 tamen

393 4594 401 4626 ¹
429 4591 497 4635 Vide
508 4600 595 4644 supra,
606 4596 624 4634 t.
635 4599 671 4644 rr,
682 4601 742 4643 pag.
753 4589 800 4642 523,
813 4599 837 4632 n.
847 4589 906 4638 1108,
916 4596 1010 4643 etpag.
1020 4589 1069 4638 5‘27.
1078 4602 1102 4636 n.
1113 4592 1166 4635 1119
1175 4599 1201 4635 ct
1213 4604 1268 4649 seq.

392 4668 405 4702 a
432 4661 483 4717 Slc;
494 4671 585 4705 verum
596 4668 641 4705 aut
652 4664 723 4705 recle
734 4666 779 4705 aut
791 4661 890 4715 optime
901 4662 1045 4705 redundare
1057 4662 1169 4708 videtur.
