3717 5400
783 506 847 565 Au.
871 506 941 566 1555
997 538 1003 550 .
1410 508 1477 566 -ot9

246 661 423 730 ceremur,
440 650 623 716 sectanda.
645 650 856 716 Orationum
870 651 1059 716 formulam
1074 653 1166 717 scire
1182 653 1387 734 cupiebant,
1404 671 1474 735 qua

244 757 419 836 utebatur,
441 775 548 838 quam
572 760 709 840 aliquas
733 758 823 822 alias
848 757 928 840 (stit)
952 759 1119 824 mulieres
1141 760 1322 836 docuerat;
1349 770 1385 825 et
1400 747 1474 824 suis

245 865 411 944 expensis
425 865 480 928 vir
492 867 549 930 hic
562 867 735 930 lusitanus
747 875 889 932 nostros
901 866 1076 930 deducere
1089 868 1242 947 volebat;
1259 868 1335 931 etsi
1348 877 1474 932 sancta

245 971 445 1035 obedientia
459 973 495 1036 id
514 973 709 1052 probasset,
731 973 880 1038 libenter
902 973 942 1038 Ρ.
962 973 1136 1038 Melcbior
1154 974 1190 1037 id
1209 984 1358 1054 tempuS,
1380 975 1475 1056 quod

244 1077 393 1141 inludia
413 1081 557 1159 exigere
572 1080 732 1159 debebat,
749 1081 833 1145 dum
848 1079 1058 1161 Aethiopica
1074 1081 1253 1161 expeditio
1264 1082 1478 1170 parabatur,¹

245 1186 279 1247 in
294 1186 355 1249 illa
372 1187 486 1250 insula
497 1188 687 1266 exegisset,
705 1188 787 1269 quia
799 1189 914 1252 classe
929 1205 1062 1268 magua
1075 1206 1163 1268 opus
1179 1199 1256 1252 erat
1271 1189 1317 1252 ad
1332 1201 1475 1252 nostros

244 1293 281 1354 in
296 1291 521 1373 Aethiopiam
533 1293 769 1370 deducendos,
786 1302 820 1358 et
832 1294 924 1358 bono
936 1295 1106 1359 comitatu
1118 1295 1163 1357 ad
1175 1294 1474 1359 mediterraneum
1580 1364 1584 1371 ,

245 1399 312 1462 iter
326 1400 594 1480 conficiendum,
611 1419 653 1464 eo
670 1403 764 1481 quod
779 1411 901 1466 turcae
915 1403 996 1466 loca
1013 1403 1072 1465 illa
1086 1402 1265 1466 maritima
1277 1419 1474 1482 occupare·

244 1514 336 1580 rant,
350 1523 412 1587 per
423 1525 514 1588 quae
527 1507 562 1570 in
573 1507 800 1588 Aethiopiam
810 1507 1080 1588 ingrediendum
1091 1518 1180 1572 erat.
1194 1507 1354 1573 Classem
1366 1508 1475 1572 etiam

244 1613 293 1676 illi
307 1615 484 1678 habebant
499 1615 535 1678 iu
549 1615 639 1678 mari
651 1613 781 1692 Rubro,
800 1616 964 1696 quamvis
979 1616 1077 1678 circa
1092 1616 1181 1679 haec
1197 1624 1359 1695 tempora
1374 1631 1474 1694 prae·

245 1722 379 1784 claram
395 1721 582 1784 victoriam
602 1725 768 1786 navalem
787 1722 951 1786 Lusitani
970 1741 993 1784 a
1011 1723 1204 1802 praedictis
1223 1721 1351 1786 Turcis
1372 1726 1474 1802 (quos

245 1842 367 1889 rumas
386 1831 529 1903 vocant)
546 1839 836 1907 reportaverant,
853 1829 973 1892 multis
987 1829 1191 1893 triremibus
1209 1847 1332 1892 eorum
1347 1830 1472 1910 captiS,

245 1934 324 1996 aliis
339 1936 543 2013 combustis
561 1946 595 1999 et
611 1935 746 2015 reliqua
761 1934 901 1998 demum
917 1939 1033 1999 classe
1048 1935 1230 2016 dissipata.
1472 1917 1478 1930 ⁴

305 2041 350 2104 Et
364 2043 453 2105 haec
468 2043 511 2106 de
527 2043 756 2122 navigatione
771 2053 976 2106 nostrorum
992 2043 1061 2106 sint
1074 2042 1182 2108 dicta.

625 2470 689 2535 DE
710 2469 944 2535 COLLEGIO
965 2468 1097 2534 GOAE

307 2792 394 2857 1780.
441 2792 547 2858 Pauci
567 2811 612 2857 ex
637 2794 771 2855 nostris
797 2794 1043 2859 sacerdotibus
1068 2795 1105 2857 in
1128 2796 1197 2858 hoc
1217 2793 1393 2875 Collegio,
1415 2798 1474 2861 cui

243 2911 408 2982 praeerat
424 2900 460 2964 P.
477 2900 666 2964 Balthasar
681 2899 783 2977 Dtaz,
800 2902 864 2964 sub
880 2902 1019 2966 initium
1034 2898 1139 2981 hujus
1154 2902 1237 2965 anui
1252 2913 1366 2981 erant,
1383 2901 1474 2965 adeo

245 3018 282 3071 ut
302 3008 450 3071 Pro-rex
465 3008 510 3071 D.
533 3007 659 3071 Petrus
679 3006 946 3087 MuscaregnaS,
968 3018 1007 3072 ut
1021 3009 1095 3072 suis
1110 3009 1237 3072 litteris
1252 3009 1298 3073 ad
1312 3007 1351 3073 P.
1366 3009 1473 3083 Miro·

245 3132 327 3179 nem
353 3116 508 3196 scripsit,
536 3115 579 3177 de
605 3132 727 3177 eorum
751 3116 931 3195 paucitate
952 3126 1240 3196 conquereretur;
1261 3117 1362 3181 multi
1380 3118 1474 3180 enim

245 3224 417 3301 obierant,
435 3233 473 3286 ut
485 3220 556 3302 jam
575 3222 657 3285 alibi
672 3224 827 3287 diximus
847 3232 873 3301 ¹;
891 3222 931 3287 Ρ.
953 3222 1125 3287 Melchior
1145 3224 1293 3303 Nugnez
1313 3226 1349 3288 in
1368 3225 1472 3307 Japo·

243 3347 324 3393 nem
339 3339 535 3393 recesserat
551 3330 659 3392 etalii
675 3330 721 3422 ad
736 3330 806 3393 alia
821 3331 919 3407 loca3
936 3340 971 3393 et
987 3332 1035 3393 ita
1056 3333 1134 3409 plus
1153 3334 1241 3396 satis
1255 3348 1407 3411 magnos
1422 3350 1473 3396 re·

244 3435 338 3499 ditus
354 3436 484 3499 habere
500 3437 532 3499 ei
547 3436 735 3499 videbatur
756 3435 897 3499 Goense
917 3435 1115 3517 Collegium
1133 3448 1168 3500 et
1187 3440 1371 3518 operarios
1391 3442 1473 3502 mul·

244 3542 299 3605 los
314 3544 471 3607 submitti
485 3546 700 3624 postulabat;
717 3562 782 3607 uec
798 3544 892 3607 euim
907 3544 954 3607 ad
967 3551 1041 3607 tam
1056 3546 1166 3607 multa
1181 3546 1332 3626 collegia
1349 3546 1471 3609 admit·

243 3650 348 3713 tenda
376 3652 411 3713 in
437 3650 654 3729 Portugallia
682 3651 867 3715 tenebatur
892 3669 938 3715 ex
961 3652 1171 3730 evangelica
1197 3654 1288 3733 lege,
1314 3654 1377 3717 sed
1398 3657 1472 3717 ani·

155 3824 158 3831 ,
246 3757 370 3819 mabus
396 3759 642 3837 proximorum
671 3758 706 3820 in
735 3768 834 3821 tanta
867 3758 1080 3821 necessitate
1113 3760 1313 3824 constitutis
1345 3760 1472 3825 debere

246 3863 448 3939 subvenire;
464 3881 529 3927 nec
546 3881 624 3927 esse
639 3865 829 3928 mittendos
846 3864 882 3928 in
904 3864 1041 3928 Indiam
1059 3882 1122 3928 eos
1143 3868 1323 3946 censebat,
1345 3870 1473 3950 qulbus

243 3968 347 4033 facile
366 3987 489 4034 carere
510 3970 546 4033 in
566 3956 786 4051 Portugallia
806 3980 984 4051 poteraut,
1007 3971 1070 4035 sed
1090 3973 1243 4053 optimos
1265 3992 1424 4060 quosque
1438 3990 1472 4041 et

242 4078 374 4140 virtute
398 4086 434 4139 et
459 4094 578 4140 rerum
604 4078 822 4157 experientia
848 4088 1085 4159 praestantes,
1111 4090 1146 4143 et
1172 4081 1222 4143 ita
1245 4098 1309 4146 suo
1331 4083 1473 4147 nomine

242 4182 280 4247 P.
297 4182 435 4263 ignatio
451 4184 558 4247 scribi
574 4195 608 4247 et
623 4185 713 4262 aliis,
729 4184 791 4264 qui
805 4182 879 4264 ejus
894 4184 1036 4249 nomine
1050 4184 1220 4250 Societati
1240 4188 1309 4252 illis
1329 4190 1364 4251 in
1385 4190 1473 4253 locis

240 4300 441 4372 praeerant,
455 4290 611 4370 J'ubebat.

305 4396 392 4461 1781.
435 4396 614 4481 Judicavit
630 4396 723 4461 idem
735 4396 884 4463 Pro-rex
898 4400 1053 4481 aliquem
1068 4420 1112 4464 ex
1128 4403 1260 4465 nostris
1276 4404 1311 4465 in
1326 4403 1473 4467 Aethio-

241 4505 337 4585 piam
352 4504 562 4569 mittendum
576 4522 655 4569 esse
671 4514 708 4569 ut
722 4522 936 4585 praecursor
957 4519 1051 4572 esset
1071 4508 1313 4589 Patriarchae,
1330 4522 1365 4575 et
1386 4510 1472 4575 inte·

322 4748 389 4791 vide
399 4759 486 4803 supra.
498 4753 516 4790 t.
528 4758 564 4797 rr,
575 4758 635 4802 pag.
645 4748 694 4798 661.
706 4758 730 4791 n.
742 4748 795 4793 ttae
804 4756 829 4792 et
839 4760 893 4805 seq.
