3717 5400
807 420 935 481 ennox.
956 421 1033 480 Soc.
1057 420 1123 492 Jns.

346 584 474 631 eorum
498 551 713 631 monasteria
738 569 950 632 auctoritate
974 569 1168 647 apostolica
1195 568 1468 631 observantibus
1493 566 1579 629 data

350 674 502 752 suerunt,
515 686 551 737 et
570 678 619 737 ita
634 677 694 755 qui
718 677 985 739 observantium
1007 676 1206 739 lust‘itutum
1232 688 1352 736 tenere
1377 675 1584 751 noluerunt,

351 782 495 844 omnino
509 781 613 845 sedes
627 784 718 846 alias
731 801 904 863 quaerere
918 784 1094 862 compulsi
1104 796 1195 845 sunt.

413 888 502 952 1096.
545 887 721 967 Quamdiu
735 891 848 954 nostri
862 890 1035 954 Pedrolae
1048 892 1200 965 luerunt,
1218 892 1317 953 initio
1329 891 1470 970 quidem
1482 890 1581 951 domi

350 1012 390 1056 se
404 996 631 1059 continebant
647 998 682 1059 in
697 1000 829 1077 palatio
843 997 993 1062 Comitis
1018 996 1241 1078 Rivagorzae
1267 999 1338 1077 (qui
1358 1010 1480 1076 postea
1497 996 1580 1063 Dux

352 1100 661 1167 Villae-formosae
675 1106 791 1167 dictus
804 1105 881 1184 suit,
907 1116 943 1169 et
963 1122 1035 1169 uon
1056 1116 1133 1168 erat
1155 1106 1477 1183 Caesaraugustae,
1498 1122 1579 1169 cum

353 1210 476 1272 turbae
487 1212 692 1290 praedictae
702 1213 909 1276 acciderunt
924 1211 959 1291 ¹),
972 1214 1054 1293 quia
1065 1214 1227 1277 homines
1242 1232 1285 1274 ne
1297 1213 1427 1291 alloqui
1439 1211 1578 1291 quidem

352 1325 494 1378 nostros
509 1317 698 1390 audebant.
713 1330 749 1381 et
767 1320 932 1383 dicebant
953 1320 1059 1401 aliqui
1081 1320 1242 1383 homines
1264 1320 1311 1382 ibi
1335 1336 1414 1381 esse
1436 1319 1480 1379 ab
1495 1318 1580 1379 anti-

353 1423 488 1487 christo
499 1426 639 1489 missos.
656 1426 706 1490 lbi
717 1428 824 1490 eum¹
843 1428 981 1490 amicus
995 1428 1141 1508 quidam
1159 1426 1347 1490 Societatis
1369 1444 1414 1488 ex
1437 1424 1580 1488 civitate

352 1528 564 1611 Calatayud,
590 1535 731 1597 nomine
747 1534 905 1617 Joannes
924 1531 1034 1598 Perez
1054 1532 1066 1563 ³
1087 1552 1149 1597 eos
1171 1535 1291 1597 invisit
1317 1546 1351 1596 et
1377 1533 1585 1595 consolatus

353 1646 419 1715 est,
435 1650 471 1700 et
485 1656 507 1701 a
522 1638 737 1704 Provinciali
753 1640 896 1705 Ordinis
910 1640 1033 1705 Sancti
1048 1641 1226 1705 Dominici
1243 1640 1255 1670 ⁸
1270 1642 1474 1720 impetrauit
1489 1639 1584 1707 idem

355 1744 492 1807 litteras
505 1745 550 1807 ad
565 1764 661 1815 suos.
678 1748 737 1827 qui
753 1748 1064 1827 Caesaraugustae
1089 1762 1202 1819 erant,
1230 1750 1356 1828 quibus
1382 1749 1433 1810 eis
1449 1747 1582 1826 praeci-

354 1853 475 1931 piebat
489 1870 533 1916 ne
548 1872 585 1917 se
600 1872 682 1917 cum
696 1854 914 1918 adversariis
928 1855 1118 1919 Societatis
1134 1868 1276 1918 nostrae
1289 1853 1544 1934 conjungerent
1558 1852 1588 1913 ⁸..

419 1961 507 2025 1097.
551 1961 641 2025 Cum
651 1961 840 2026 Comitissa
853 1962 1077 2041 Rivagorzae
1090 1964 1135 2026 ab
1144 1964 1424 2043 Archiepiscopo
1436 1962 1582 2023 laculta-

358 2080 430 2133 tem
445 2071 670 2150 postulasset,
687 2082 725 2132 ut
739 2072 852 2133 nostri
866 2083 1011 2151 possent
1031 2089 1094 2134 sua
1116 2072 1311 2135 ministeria
1332 2071 1379 2133 ibi
1400 2085 1584 2144 exercere,

358 2177 441 2241 licet
456 2179 629 2257 sanguiue
644 2177 834 2257 conjuncta
849 2190 942 2241 esset
956 2178 979 2256 ⁶,
998 2198 1067 2241 non
1082 2177 1117 2241 id
1133 2180 1345 2241 obtinuerat.
1359 2176 1428 2240 Sed
1440 2175 1593 2255 Inquisi·-

359 2296 467 2361 tores‚
494 2304 574 2349 cum
594 2286 764 2365 neophyti
787 2285 861 2349 fere
880 2298 999 2349 essent
1019 2286 1238 2348 habitatores
1264 2287 1404 2347 illorum
1428 2286 1589 2345 locorum

359 2394 443 2455 olim
458 2410 503 2455 ex
516 2394 700 2463 saracenis
711 2395 888 2469 conversi,
901 2394 1068 2456 volebant
1080 2402 1118 2455 ut
1136 2393 1248 2455 nostri
1263 2410 1326 2455 sua
1343 2392 1505 2454 doctrina
1527 2406 1595 2453 eos.

360 2500 586 2563 instruerent.
603 2498 788 2562 Venerunt
802 2500 922 2580 itaque
937 2518 982 2563 ex
995 2500 1184 2581 neophytis
1198 2500 1267 2561 illis
1280 2500 1388 2576 multi,
1403 2499 1462 2579 qui
1473 2514 1511 2559 se
1522 2497 1588 2560 do-

359 2608 434 2668 ceri
447 2608 613 2685 petebant
627 2608 723 2669 viam
743 2607 849 2669 eundi
868 2606 915 2669 ad
934 2608 1084 2684 coelum,
1101 2618 1135 2669 et
1154 2607 1296 2688 quidem
1315 2607 1352 2668 hi
1371 2606 1585 2685 reliquerant

363 2713 399 2774 in
414 2713 513 2792 agris
526 2731 629 2776 suum
651 2731 740 2794 opus
759 2716 974 2794 incoeptum.
995 2715 1090 2797 Jussi
1112 2727 1193 2776 sunt
1213 2724 1331 2776 autem
1350 2723 1430 2792 post
1450 2712 1587 2792 aliquot

361 2821 470 2882 horas
483 2820 615 2899 redire;
628 2839 708 2884 cum
723 2831 842 2885 autem
857 2822 1045 2884 rediissent
1060 2822 1163 2884 simul
1178 2838 1259 2883 cum
1273 2821 1392 2882 multis
1403 2820 1492 2897 aliiS,
1505 2836 1588 2881 con-

363 2928 419 2989 cio
433 2926 553 2990 habita
569 2939 622 2990 est
637 2928 731 3008 apud
746 2946 820 3002 eoS,
836 2945 928 3007 quae
943 2945 1074 3008 magna
1089 2947 1151 2992 eos
1166 2928 1409 2990 consolatione
1421 2926 1593 3006 perfudit..

363 3033 408 3096 Et
421 3034 607 3113 petebatur
621 3035 746 3098 deinde
762 3047 799 3098 ut
814 3034 1046 3098 christianam
1061 3035 1259 3099 doctrinam
1274 3035 1386 3096 nostri
1407 3034 1457 3096 eis
1476 3033 1586 3112 expli-

364 3148 498 3202 carent.
515 3139 584 3204 Sed
598 3143 682 3220 quia
701 3143 866 3204 nolebant
886 3142 1006 3204 clerici
1028 3142 1064 3205 in
1079 3142 1219 3222 templis
1238 3150 1380 3204 nostros
1400 3140 1589 3203 admittere

364 3263 410 3310 ne
434 3247 753 3328 Archiepiscopum
774 3247 1002 3325 offenderent,
1025 3250 1060 3311 in
1082 3250 1160 3327 ipsa
1185 3251 1313 3328 platea,
1341 3258 1421 3310 ante
1446 3247 1591 3309 domum

365 3352 523 3432 Comitis,
540 3355 735 3418 christiana
750 3355 912 3418 doctrina
927 3356 1083 3434 quotidie
1102 3357 1153 3419 eis
1174 3355 1447 3435 proponebatur.
1468 3353 1592 3433 Aliqui

365 3478 410 3522 ex
426 3462 558 3524 nostris
580 3461 760 3525 auditores
781 3481 827 3525 ex
848 3464 907 3526 illo
928 3464 1057 3542 oppido
1079 3462 1307 3542 colligebant,
1331 3462 1420 3524 alius
1438 3459 1600 3542 explicam

366 3567 442 3644 bat;
457 3579 493 3630 et
507 3567 629 3630 diebus
643 3567 831 3632 dominicis
845 3587 887 3632 ac
903 3570 1001 3632 lestis
1017 3581 1051 3631 et
1065 3569 1242 3645 mercurii,
1267 3569 1433 3648 perutiles
1451 3567 1600 3630 concio·

407 3881 416 3913 ¹
445 3883 513 3926 Vide
522 3894 609 3939 supra,
618 3896 680 3939 pag.
689 3884 737 3932 illl,
750 3897 774 3929 u.
786 3885 845 3929 lim.

407 3955 419 3984 ¹
446 3954 498 4010 Sic;
510 3956 556 4000 sed
565 3968 618 4000 vox
628 3968 689 4000 eum
701 3957 846 4001 redundare
857 3958 970 4002 videtur.

407 4027 419 4060 ⁸
446 4027 529 4083 liujus
540 4026 678 4072 Societatiu
686 4030 772 4084 amici,
782 4041 857 4084 quem
865 4031 1043 4074 existimamus
1053 4041 1109 4073 esse
1120 4029 1244 4080 Jouunem
1255 4028 1334 4071 Perea
1342 4027 1373 4070 de
1383 4027 1490 4080 Nueros,
1499 4025 1602 4070 mentio

368 4097 397 4143 lit
407 4099 433 4142 lu
444 4098 538 4142 Curias
548 4101 581 4142 de
591 4099 646 4143 San
658 4100 776 4153 Ignacio,
784 4109 803 4145 t.
817 4115 841 4153 v,
851 4113 909 4156 pag.
921 4102 968 4153 lii,
980 4101 1073 4156 fietque
1084 4101 1110 4144 lu
1121 4099 1195 4143 Nova
1208 4099 1292 4142 serie.

408 4171 420 4203 ⁴
447 4169 512 4215 Erat
521 4172 542 4215 lu
552 4183 568 4215 a
578 4173 620 4215 die
629 4172 677 4216 20!l
686 4172 803 4224 Januaril
818 4174 894 4228 hujus
905 4175 967 4217 anni
978 4174 1030 4216 1555
1044 4172 1130 4228 “Fray
1141 4171 1224 4215 Pedro
1241 4170 1343 4226 Martyr
1359 4169 1446 4217 Coma.
1457 4169 1488 4212 de
1505 4168 1606 4214 biblio.

369 4243 411 4286 del
421 4250 547 4287 conuento
556 4244 587 4287 de
597 4250 675 4288 santa
684 4243 826 4288 catherina
836 4249 939 4301 martyr
949 4245 980 4288 de
990 4245 1144 4296 Barcelonu,
1152 4257 1170 4300 y
1179 4242 1254 4286 Prior
1269 4242 1312 4286 del
1325 4242 1356 4285 de
1371 4241 1424 4286 San
1434 4241 1518 4284 Pedro
1526 4237 1602 4283 Mar·

369 4321 413 4369 tyr
423 4315 454 4358 de
464 4313 633 4369 calataind,
644 4314 738 4367 Draco,
748 4315 871 4359 Historia
882 4317 915 4359 de
924 4317 952 4359 ia
964 4317 1108 4360 Provincia
1118 4315 1151 4359 de
1159 4315 1266 4368 Aragon
1277 4314 1320 4358 dei
1329 4313 1417 4356 orden
1428 4313 1461 4356 de
1471 4311 1584 4356 Pndicu
1594 4333 1602 4343 ·

369 4387 458 4439 dores,
466 4387 510 4430 llb.
519 4398 535 4436 r.
545 4398 602 4442 cap.
612 4388 649 4432 63.

410 4457 422 4489 ⁵
449 4457 612 4502 Postremum
622 4461 680 4512 boc,
689 4472 706 4503 a
713 4462 820 4505 vocibus
830 4460 873 4504 ibi
882 4472 954 4512 eum,
964 4471 1042 4503 manu
1051 4459 1157 4514 propriu
1166 4459 1276 4503 luserult
1287 4458 1423 4502 Polancus.

409 4527 422 4562 ⁸
448 4530 600 4574 Avunculus
610 4538 667 4575 erat
677 4531 831 4576 Comitium
841 4533 873 4574 de
879 4532 1026 4584 Ribagorza
1036 4531 1297 4584 Caesaraugustanus
1312 4529 1538 4582 Archiepiscopuu.
1558 4525 1602 4569 So·

372 4612 459 4645 rorem
475 4602 543 4645 enlm
560 4602 651 4646 habuit
666 4601 820 4648 Comitlssae
837 4610 957 4657 matrem,
973 4601 1100 4655 Joannam
1117 4603 1148 4646 de
1166 4603 1282 4655 aragon.
1301 4601 1417 4644 sanctus
1435 4599 1607 4643 Franciscus

370 4673 484 4726 Borgiu,
493 4679 513 4716 t.
526 4683 542 4721 l.
553 4685 612 4726 pag.
624 4673 645 4727 7,
656 4681 744 4718 annot.
754 4677 772 4720 1.
