3717 5400
802 460 866 520 Au.
893 459 964 518 labb
1451 462 1507 524 127

265 603 396 666 choata
417 604 584 681 lectione,
605 620 753 668 necesse
771 603 838 668 fuit
860 616 898 668 ut
918 603 1050 670 Rector
1065 605 1100 670 id
1119 605 1226 669 etiam
1242 607 1399 670 muneris
1422 610 1504 672 sub·

266 710 344 773 iret.

324 818 395 880 357.
439 815 646 897 Spiritualia
668 817 840 882 exercitia
865 819 986 882 multis
1011 820 1193 899 utriusque
1219 837 1326 885 sexus
1352 822 1501 886 homini·

267 924 333 987 bus
348 942 429 987 cum
445 925 561 988 fructu
576 925 761 1005 proposita
775 924 929 990 luerunt.

325 1029 396 1094 358.
439 1029 551 1110 Hujus
561 1033 645 1096 anni
655 1031 755 1094 initio
767 1032 860 1098 serio
873 1041 993 1096 actum
1004 1042 1058 1095 est
1070 1033 1113 1096 de
1126 1031 1274 1113 Collegii
1286 1034 1505 1114 migratione

265 1139 302 1200 in
317 1138 506 1202 ecclesiam
520 1136 645 1202 Sancti
658 1137 836 1204 Andreae,
855 1137 988 1202 Romae
1003 1140 1134 1203 etenim
1150 1141 1232 1204 unio
1249 1141 1351 1221 hujus
1370 1141 1499 1206 benefi-

265 1245 312 1308 cii
326 1245 363 1308 in
377 1261 481 1308 usum
496 1245 648 1325 Collegii
663 1263 685 1308 a
702 1244 795 1327 Julio
814 1244 860 1308 lll
882 1263 1055 1308 concessa
1076 1247 1141 1309 suit
1160 1259 1195 1309 et
1218 1247 1431 1328 supplicatio
1455 1248 1505 1312 ab

263 1351 388 1415 eodem
404 1352 615 1432 subscripta,
632 1361 667 1414 et
682 1353 857 1431 agebatur
872 1352 916 1416 de
931 1352 1160 1434 expediendis
1174 1355 1300 1417 litteris
1322 1353 1499 1434 Apostoli·

264 1460 327 1538 cis;
345 1459 381 1522 id
396 1469 515 1522 tamen
531 1459 697 1538 expensis
712 1460 928 1523 cathedralis
943 1461 1115 1524 ecclesiae
1135 1459 1252 1538 fiebat,
1276 1462 1401 1541 quibus
1423 1460 1506 1540 ejus

264 1566 438 1628 ecclesiae
452 1564 587 1628 reditus
608 1566 713 1628 simul
734 1583 815 1628 cum
836 1566 1005 1629 oneribus
1030 1567 1311 1646 applicabantur.
1334 1567 1373 1630 ln
1396 1585 1500 1634 usum

264 1682 384 1735 autem
404 1671 553 1750 Collegii
579 1673 732 1736 ecclesia
758 1684 792 1736 et
814 1671 940 1736 domus
966 1673 1149 1736 cedebant.
1178 1672 1355 1737 Curarunt
1376 1685 1496 1740 autem

264 1779 378 1842 nostri
393 1789 430 1841 ut
445 1779 589 1842 domum
603 1777 795 1857 quamdam
814 1780 971 1842 vicinam
990 1780 1162 1843 ecclesiae
1182 1777 1425 1842 stationae
1449 1781 1502 1842 vi-

264 1885 399 1964 derent,
417 1903 506 1966 quae
522 1885 591 1948 illis
605 1902 822 1965 magnopere
838 1886 981 1965 placuit,
998 1903 1082 1948 nam
1097 1886 1224 1963 viginti
1243 1883 1314 1950 duo
1330 1887 1376 1948 ad
1396 1887 1498 1950 habi-

264 1993 410 2056 tandum
429 1991 592 2055 cubicula
612 1992 670 2054 vel
696 1994 796 2055 aulas
821 1991 976 2055 babebat
1002 2003 1037 2054 et
1061 1994 1150 2054 alias
1175 1991 1333 2056 officinas
1359 2003 1393 2056 et
1418 1995 1498 2056 loca

264 2098 452 2162 commoda
468 2099 513 2161 ad
528 2099 670 2161 scholas
684 2098 935 2174 conficiendas
949 2109 983 2161 et
995 2099 1207 2174 sacristiam,
1223 2116 1313 2179 quae
1325 2099 1499 2164 ecclesiae

265 2204 551 2285 conjungeretur.
568 2203 722 2268 Hortum
736 2205 844 2268 etiam
858 2205 1010 2268 habebat
1026 2215 1059 2267 et
1076 2205 1111 2266 in
1127 2205 1242 2268 medio
1265 2205 1361 2267 urbis
1377 2222 1420 2268 ac
1435 2223 1496 2268 no·

261 2313 408 2377 bilitatis
423 2313 492 2376 sita
507 2323 596 2390 erat,
613 2322 647 2374 et
662 2313 757 2375 mille
772 2329 816 2374 ac
831 2323 972 2375 centum
984 2312 1101 2374 aureis
1112 2312 1237 2376 domus
1253 2311 1491 2390 indicabatur,

261 2438 350 2500 quos
365 2419 519 2499 quinque
534 2419 636 2482 annis
651 2419 764 2482 nostri
779 2430 881 2482 erant
896 2419 1056 2481 soluturi.
1072 2418 1195 2499 Itaque
1211 2435 1332 2482 mense
1345 2417 1439 2483 Maio
1454 2437 1501 2482 eo

262 2527 531 2606 commigraturi
546 2526 658 2589 nostri
674 2537 786 2589 erant.

319 2634 391 2697 359.
435 2634 490 2699 De
515 2636 594 2697 loco
615 2643 736 2696 autem
755 2634 791 2696 in
816 2650 885 2715 quo
909 2633 1021 2696 nostri
1048 2642 1161 2713 erant,
1189 2651 1298 2714 prope
1324 2637 1496 2715 templum

261 2742 343 2807 8²⁸0
358 2742 502 2820 Luciae,
519 2742 662 2804 omnino
677 2742 908 2821 relinquendo
924 2741 1108 2821 agebatur;
1128 2743 1291 2821 quamvis
1306 2758 1351 2804 ex
1367 2742 1494 2805 amicis

260 2850 379 2929 aliqui,
396 2858 435 2912 ut
450 2848 495 2911 D.
512 2848 752 2927 Hieronymus
768 2847 974 2923 CasalinuS,
992 2848 1164 2909 ecclesiae
1180 2846 1262 2911 85²0
1277 2848 1411 2911 Luciae
1428 2848 1494 2912 Re·

260 2966 349 3033 ctor,
365 2966 399 3018 et
414 2955 558 3019 domina
573 2954 741 3019 Violante
757 2953 962 3019 Gozzadina
979 2972 1021 3017 ac
1034 2953 1176 3017 domina
1189 2954 1386 3034 Margarita
1399 2954 1495 3019 Gilia

259 3072 295 3126 et
309 3063 515 3141 Fantuccia,
529 3062 655 3125 litteris
667 3061 712 3123 ad
724 3060 762 3124 P.
780 3061 958 3140 ignatium
973 3061 1126 3139 scriptis
1145 3062 1248 3124 enixe
1263 3062 1441 3141 rogabant
1457 3071 1496 3124 ut

258 3170 386 3233 saltem
401 3170 489 3232 duos
504 3187 549 3231 ex
564 3170 695 3232 nostris
711 3168 840 3232 ibidem
859 3169 1116 3247 relinquerent,
1142 3168 1237 3247 quod
1257 3177 1375 3231 tamen
1397 3168 1496 3232 factu

257 3276 396 3339 difficile
404 3276 605 3353 videbatur,
619 3286 694 3339 tum
706 3284 850 3355 propter
863 3275 1111 3354 operariorum
1121 3276 1316 3353 penuriam,
1327 3285 1403 3339 tum
1415 3293 1497 3356 pro·

258 3394 337 3463 pter
353 3383 440 3446 alias
456 3400 595 3446 causas.
613 3382 711 3445 Haec
727 3399 848 3445 mense
862 3380 992 3444 Martio
1008 3382 1206 3461 agebantur
1224 3381 1242 3444 ¹.

319 3488 392 3552 360.
436 3490 581 3553 Interim
595 3490 744 3552 moritur
759 3488 856 3568 Papa
870 3488 985 3571 Julius
996 3487 1052 3563 ΙΙΙ,
1068 3499 1257 3568 antequam
1274 3488 1357 3551 unio
1373 3488 1432 3551 illa
1448 3488 1494 3552 ef·

260 3598 389 3661 sectum
409 3599 597 3660 sortiretur
618 3606 652 3659 et
673 3596 785 3659 nostri
811 3596 858 3659 ad
882 3594 1051 3659 Sanctum
1075 3595 1259 3661 Andream
1284 3596 1492 3676 migrarent.

259 3704 379 3785 Aliqui
400 3704 541 3767 interim
560 3702 737 3766 facessere
760 3702 942 3782 negotium
968 3702 1099 3765 nostris
1124 3712 1328 3781 coeperunt;
1356 3710 1494 3767 etcum

258 3822 415 3892 ternpore
430 3810 529 3874 Pauli
544 3810 595 3875 IV
610 3810 753 3890 negotia
762 3819 891 3902 ‘nostra
911 3825 1056 3872 cursum
1077 3809 1267 3873 admodum
1290 3809 1498 3889 expeditum

258 3938 329 3982 non
344 3919 527 3997 haberent,
548 3936 593 3981 ne
609 3919 728 3981 litibus
750 3916 987 3980 interminatis
1006 3917 1209 3979 vacandum
1230 3926 1334 3991 esset,
1357 3915 1494 3996 judica·

257 4024 368 4097 vitP.
390 4024 538 4104 NataliS,
560 4025 639 4105 qui,
659 4042 705 4087 ex
725 4022 918 4087 Germania
939 4022 1092 4101 rediens,
1115 4021 1357 4086 Commissarii
1379 4022 1498 4085 officio

255 4131 471 4213 fungebatur
485 4131 513 4210 ¹,
536 4133 668 4195 omissa
690 4131 905 4194 tractatione
923 4128 984 4194 stt
998 4128 1181 4207 Andreae,
1204 4138 1242 4192 ut
1261 4128 1376 4191 nostri
1399 4128 1495 4209 apud

255 4239 425 4305 Sanctam
439 4239 588 4303 Luciam
603 4247 804 4318 manerent,
826 4238 921 4318 quod
943 4246 980 4301 et
998 4236 1036 4299 P.
1060 4236 1198 4316 Ignatio
1215 4236 1359 4317 placuit,
1376 4246 1414 4299 ut
1430 4235 1491 4299 ad·

255 4348 454 4411 mitteretur
469 4363 511 4409 ea
527 4346 695 4425 conditi0,
712 4362 819 4425 quam
837 4345 946 4408 vicini
961 4344 1170 4422 offerebant,
1194 4343 1318 4423 libere,
1339 4343 1489 4423 scilicet,

296 4554 305 4587 ¹
336 4552 404 4597 Vlde
422 4551 519 4597 cartas
534 4552 568 4595 de
585 4551 641 4595 San
658 4552 778 4605 retracto,
800 4558 819 4595 t.
838 4562 865 4604 u,
885 4561 946 4603 pag.
964 4548 1013 4603 320,
1032 4556 1119 4593 annot.
1142 4550 1161 4601 1,
1178 4553 1205 4591 et
1226 4552 1247 4591 t.
1267 4561 1292 4601 v,
1313 4560 1372 4602 pag.
1389 4546 1435 4601 118,
1454 4547 1497 4591 tet

256 4637 281 4669 et
293 4627 342 4671 tut.

296 4701 307 4731 ²
337 4698 402 4742 Vide
414 4710 501 4751 supra.
513 4706 574 4751 pag.
585 4694 632 4749 102,
643 4706 670 4739 n.
682 4695 730 4737 278.
