3717 5400
373 493 426 554 170
827 494 955 554 Canon.
977 493 1055 553 Soc.
1075 495 1145 566 Jus.

364 641 579 720 scriptorem
604 638 797 720 adjungere
827 640 926 704 Patri
951 641 1095 721 Laynez
1125 641 1306 720 cogitabat
1336 640 1357 700 ¹.
1387 641 1516 704 Missus
1545 653 1599 704 est

362 748 473 811 etiam
484 747 656 826 VenetiiS,
670 765 797 812 versus
809 746 978 825 Siciliam,
993 747 1207 822 BoniiaciuS,
1221 749 1363 827 siculuS,
1378 749 1597 812 medicorum

360 854 525 934 consili03
540 855 603 918 sed
618 867 653 917 et
668 855 705 918 P.
722 854 885 933 Sanctus,
907 855 1148 933 bononiensis,
1172 863 1210 919 ut
1232 855 1420 919 satisfieret
1441 855 1596 920 Domino

364 961 492 1042 Priori,
507 963 543 1025 in
557 963 680 1025 villam
695 963 835 1025 Astiani
850 961 862 993 ¹
877 963 1007 1026 missus
1027 973 1095 1040 est,
1118 962 1323 1026 cumfratre
1345 973 1467 1026 nostro
1491 961 1596 1026 Petro

362 1069 523 1132 Atriensi
537 1067 560 1148 ³,
577 1080 615 1132 ut
630 1087 820 1150 puerorum
842 1071 877 1132 in
898 1070 1094 1132 christiana
1117 1071 1279 1132 doctrina
1302 1070 1596 1134 instituendorum

364 1192 489 1240 curam
504 1176 661 1255 haberet,
678 1187 714 1239 et
729 1177 798 1240 alia
814 1177 1003 1240 charitatis
1016 1194 1137 1256 opera,
1152 1195 1233 1240 cum
1250 1178 1317 1240 illis
1329 1187 1523 1256 exerceret,
1538 1179 1598 1257 qui

364 1301 418 1363 eo,
434 1301 480 1347 ex
494 1285 590 1347 villis
602 1283 742 1361 viciniS,
760 1284 953 1346 convenire
974 1286 1100 1346 solent.
1117 1282 1186 1348 Sed
1208 1297 1243 1347 et
1263 1286 1399 1348 litteras
1418 1285 1454 1348 in
1474 1285 1598 1347 schola

359 1408 425 1454 eos
439 1391 608 1455 docturus
622 1401 699 1455 erat
713 1390 839 1454 Petrus
858 1390 1048 1454 Atriensis

423 1498 494 1562 492.
536 1496 627 1560 Cum
640 1498 705 1560 sub
720 1497 921 1578 ingressum
937 1495 1102 1560 Octobris
1124 1497 1300 1577 Bassan0,
1323 1507 1469 1578 propter
1490 1498 1592 1562 nives

362 1605 577 1679 decidentes
600 1604 762 1668 rediisset
775 1605 948 1668 Venetias
968 1604 1006 1667 P.
1030 1583 1153 1668 Simon
1173 1603 1195 1679 ⁴,
1219 1605 1279 1684 qui
1296 1605 1441 1685 frigoris
1460 1606 1594 1669 incom-

359 1712 507 1776 modum
522 1713 570 1776 ibi
584 1712 769 1791 sentiebat,
785 1711 866 1775 inde
881 1713 988 1775 etiam
1007 1711 1210 1791 Patavium,
1232 1721 1270 1775 ut
1289 1713 1509 1775 commodius
1530 1729 1594 1776 va·

364 1818 511 1882 letudini
527 1820 738 1898 consuleret,
755 1819 976 1899 approbante
992 1818 1027 1880 id
1042 1835 1107 1880 suo
1128 1815 1260 1897 judicio
1280 1817 1434 1882 Domino
1456 1817 1590 1898 Priore,

364 1926 474 2004 venit;
490 1926 548 1989 ubi
564 1926 609 1988 ad
629 1943 806 2006 expensas
828 1925 904 2005 ejus
922 1925 1037 1990 Roma
1057 1926 1095 1993 P.
1123 1927 1283 2006 ignatius
1307 1925 1495 2005 pecuniam
1517 1927 1592 1990 mit·

360 2033 507 2096 tendam
532 2034 684 2111 censuit,
710 2051 754 2096 ne
774 2051 971 2114 pauperum
996 2035 1228 2114 collegiorum
1252 2034 1474 2097 incommoda
1494 2033 1584 2096 senti

364 2149 429 2203 ret.
447 2138 518 2204 Sed
533 2140 622 2204 ursit
636 2141 744 2204 etiam
758 2141 867 2220 pestis
881 2142 918 2204 in
929 2140 997 2204 hac
1010 2153 1191 2222 postrema
1203 2152 1303 2221 parte
1316 2142 1410 2218 anni,
1425 2157 1489 2204 nec
1502 2139 1596 2203 enim

365 2249 523 2311 extincta
534 2257 612 2311 erat
622 2246 793 2325 VenetiiS,
808 2256 842 2310 et
854 2249 1054 2327 complures
1070 2248 1186 2312 adbuc
1202 2248 1327 2311 domus
1340 2247 1597 2311 claudebantur

360 2364 400 2416 et
414 2354 530 2433 ipsum
544 2355 661 2418 adhuc
676 2355 851 2435 hospitale
865 2353 925 2417 gn
944 2355 1092 2437 Joannis
1108 2365 1142 2417 et
1162 2354 1277 2433 Pauli,
1298 2366 1333 2417 et
1356 2363 1499 2434 praeter
1521 2371 1594 2430 eos,

369 2461 429 2540 qui
443 2471 541 2541 peste
554 2461 774 2537 laborabant,
788 2462 909 2524 decem
922 2471 958 2524 et
970 2471 1050 2524 octo
1062 2462 1170 2526 millia
1186 2461 1447 2541 aegrotantium
1459 2478 1501 2524 eo
1513 2471 1598 2524 tem·

367 2583 454 2646 pore
468 2567 629 2631 Venetiis
644 2585 722 2631 esse
737 2568 953 2632 ferebantur.

426 2673 497 2737 493.
542 2672 630 2738 Cum
648 2675 838 2739 occasione
852 2674 986 2740 decreti
1009 2675 1216 2756 parisiensis
1239 2675 1409 2756 scriptum
1433 2683 1525 2738 esset
1549 2673 1594 2737 ad

360 2790 503 2844 nostros
518 2791 664 2845 venetos
675 2793 713 2845 ut
728 2783 970 2846 testimonium
981 2782 1108 2861 Legati
1120 2780 1132 2814 ⁸
1146 2792 1181 2845 et
1196 2782 1424 2863 Reipublicae
1439 2782 1594 2862 postula·

358 2897 452 2967 rent,
469 2898 507 2952 ut
528 2888 572 2951 ab
594 2889 673 2951 aliis
696 2888 918 2969 Principibus
944 2906 987 2953 ac
1012 2888 1187 2953 Praelatis
1212 2891 1431 2970 postulatum
1452 2897 1540 2967 erat,
1556 2905 1596 2951 re

358 2996 491 3059 collata
505 3014 586 3058 curn
601 2995 753 3060 Domino
769 2995 902 3073 Priore,
916 2995 1090 3075 judicavit
1109 2996 1166 3059 ilie
1186 3005 1219 3059 et
1240 2995 1381 3075 quidem
1403 2993 1596 3075 prudenter

361 3101 524 3166 Venetiis
548 3120 620 3165 non
645 3120 724 3165 esse
749 3104 988 3166 testimonium
1014 3102 1214 3182 hujusmodi
1235 3102 1495 3182 requirendum,
1522 3118 1595 3164 uon

361 3209 457 3289 quod
471 3206 514 3272 de
524 3210 657 3271 nostris
671 3227 742 3272 non
757 3210 887 3289 optime
903 3212 1074 3273 sentirent
1090 3210 1242 3289 plurimi,
1261 3209 1323 3271 sed
1339 3210 1420 3288 quia
1440 3209 1475 3271 in
1496 3217 1595 3271 tanta

362 3316 583 3403 multitudine
597 3317 691 3379 illius
706 3326 862 3395 senatus,
880 3318 940 3379 alii
956 3316 1057 3380 aliter
1072 3316 1237 3381 fortassis
1258 3316 1389 3379 sentire
1414 3322 1591 3395 poterant,

360 3440 428 3486 nec
443 3422 488 3486 ad
503 3439 626 3485 eorum
642 3424 880 3503 cognitionem
898 3424 1081 3487 decretum
1106 3424 1174 3503 ipsi
1188 3422 1199 3453 ⁸
1222 3423 1417 3503 parisiense
1439 3422 1596 3485 deferen-

362 3530 448 3593 dum
463 3530 661 3593 videbatur.

420 3636 490 3700 494.
534 3636 649 3718 Quam
663 3638 752 3701 bene
771 3647 891 3701 autem
904 3637 948 3701 de
967 3638 1187 3701 institutione
1203 3636 1400 3718 juventutis
1420 3638 1478 3715 (uti
1497 3636 1595 3700 omit-

359 3754 435 3807 tam
450 3745 648 3825 spiritualia
663 3744 793 3825 munia,
811 3745 988 3825 inquibus
1013 3744 1119 3807 latius
1140 3756 1345 3807 nostrorum
1371 3762 1479 3824 opera
1496 3753 1593 3823 pate·

360 3853 434 3927 bat)
460 3853 568 3939 etiam
590 3852 747 3931 religiosi
767 3852 949 3929 sentirent,
974 3870 1017 3915 ex
1037 3852 1209 3915 concione
1230 3850 1416 3930 cujusdam
1437 3850 1596 3931 religiosi

402 4166 410 4198 ¹
441 4164 494 4207 iios
503 4176 591 4207 secum
600 4164 746 4208 adducebat
757 4176 789 4207 ex
800 4163 942 4208 Germania
958 4167 983 4209 in
999 4164 1102 4209 italiam
1120 4164 1222 4208 rediens
1239 4163 1268 4207 P.
1283 4164 1397 4208 Natalis.
1414 4163 1544 4208 Ambrosii
1555 4174 1598 4207 co·

360 4246 472 4290 gnomen
483 4238 557 4279 nobie
567 4237 684 4290 ignotum
694 4242 742 4288 est;
754 4236 808 4290 ejus
819 4241 907 4280 tamen
917 4236 991 4280 dotes
1001 4242 1027 4279 et
1038 4236 1117 4279 animi
1128 4242 1153 4278 et
1162 4236 1286 4289 eorporis,
1297 4236 1507 4289 quibusoptlmus
1520 4237 1591 4280 vide·

362 4309 440 4351 batur
451 4308 552 4350 iuturus
562 4307 650 4351 Patris
665 4306 771 4363 Laynez
783 4307 957 4361 amanuensis,
972 4308 1094 4351 describit
1113 4307 1167 4361 ipse
1185 4306 1287 4350 Natalis
1305 4307 1401 4350 litteris
1416 4308 1448 4350 ad
1465 4308 1595 4361 ignatium

365 4378 434 4423 datis
444 4378 562 4421 Veneriis
572 4378 585 4421 6
595 4378 655 4430 Juiii
668 4378 727 4421 1355.

403 4450 415 4483 Ι
442 4449 510 4493 Vide
522 4461 609 4504 supra,
620 4458 639 4493 t.
651 4460 687 4503 rv,
699 4450 965 4504 peg.129,n.256,ubi
977 4450 1082 4505 scripsit
1094 4449 1220 4493 Polancus
1229 4448 1367 4494 Hasiiani.

405 4522 416 4551 ³
444 4521 511 4565 Vide
522 4520 625 4572 ibidem,
636 4532 696 4575 pag.
707 4522 752 4573 125,
761 4530 850 4567 annot.
861 4523 885 4566 9.

401 4594 414 4625 ⁴
440 4592 467 4636 P.
480 4592 566 4635 Simon
578 4592 731 4646 Rodriguea.
743 4592 810 4637 Vide
820 4605 907 4647 supra,
917 4600 936 4637 t.
948 4606 984 4646 ιν,
995 4605 1056 4647 pag.
1069 4594 1116 4645 lut,
1130 4604 1155 4637 n.
1166 4592 1216 4647 268,
1225 4600 1313 4637 annot.
1324 4594 1347 4637 2.

405 4663 417 4695 ⁵
444 4664 597 4718 apostolici.
607 4662 674 4707 Vide
684 4676 772 4717 supra,
783 4676 807 4707 n.
817 4664 868 4708 498.

402 4733 416 4766 ⁶
442 4735 488 4780 iiie.
499 4737 578 4780 habet
589 4736 648 4789 ipse
657 4748 704 4790 pro
716 4737 771 4789 ipsi
780 4735 905 4790 (Domino
915 4736 1017 4791 Priora)
1029 4749 1073 4782 aut
1085 4740 1153 4783 iorte
1165 4740 1256 4793 ipsum
1268 4738 1435 4791 (decretum).
