3717 5400
362 443 422 502 372
827 442 957 503 Cnaou.
977 443 1055 502 Soc.
1076 443 1146 516 Jns.

365 591 485 670 nollet,
502 607 646 654 crucem
662 591 696 653 in
716 598 812 652 terra
828 589 1006 669 depictam
1020 589 1301 653 deoscularetur.
1322 587 1452 653 Mirum
1467 601 1602 670 quanta

362 696 500 762 laetitia
516 699 583 761 hae
597 699 802 761 sanctiones
816 695 948 760 fuerint
964 705 1145 776 acceptae,
1162 705 1196 759 et
1217 713 1324 777 quarn
1338 695 1526 776 diligenter
1541 699 1601 761 ob-

362 814 542 881 servatae3
560 805 623 868 vix
645 806 738 868 enirn
753 803 815 866 uni
828 801 1068 881 iuramentum
1079 803 1279 882 excidebat,
1293 821 1373 866 cum
1385 811 1467 866 ante
1477 821 1517 866 se
1527 813 1601 868 tres

363 921 427 974 aut
443 919 595 991 quatuor
609 909 767 988 haberet,
784 911 844 991 qui
861 928 942 974 eum
957 920 1164 974 reverenter
1180 921 1392 973 accusarent
1413 919 1449 973 et
1471 910 1598 974 blande
1631 964 1638 986 ,

362 1019 586 1098 corrigerent
609 1017 628 1082 ¹.
947 1009 951 1020 ’
1452 1033 1456 1042 ·

428 1125 516 1191 1001.
560 1125 668 1189 Venit
684 1125 860 1190 Gandiam
868 1126 1067 1206 Episcopus
1079 1124 1273 1204 Segrianus
1290 1127 1335 1188 ab
1346 1123 1596 1204 Archiepisco-

365 1249 422 1313 po,
439 1235 499 1314 qui
514 1243 598 1298 tunc
610 1234 767 1311 vivebat,
781 1234 910 1297 missus
926 1232 1155 1312 (suffraganei
1169 1232 1283 1297 officio
1298 1232 1329 1294 is
1343 1231 1568 1312 fungebatur)
1586 1230 1598 1261 ²

362 1349 402 1403 ut
418 1341 632 1404 christianos
648 1358 774 1418 novos,
791 1341 861 1420 qui,
879 1339 1015 1404 scilicet
1035 1359 1081 1403 ex
1103 1340 1287 1404 saracenis
1300 1339 1466 1402 conversi
1481 1349 1594 1417 erant,

361 1447 544 1526 inviseret,
561 1459 595 1510 et
610 1465 671 1510 eos
687 1448 723 1510 in
737 1448 843 1510 rebus
859 1447 990 1510 divinis
1014 1447 1181 1525 erudiret;
1207 1447 1296 1509 haec
1311 1446 1406 1510 enim
1430 1446 1549 1526 opinio
1561 1445 1596 1508 in

362 1557 493 1634 populo
516 1555 711 1618 christiano
737 1554 780 1617 de
806 1555 862 1618 his
886 1555 1087 1618 hominibus
1112 1553 1319 1629 habebatur,
1346 1553 1440 1633 quod
1455 1553 1597 1615 nomine

358 1661 558 1739 christiani,
586 1662 703 1742 reipsa
730 1662 894 1724 saraceni
916 1673 1046 1724 essent.
1064 1661 1152 1724 Cum
1178 1671 1296 1723 autem
1317 1660 1378 1723 diu
1398 1658 1595 1722 dubitatum

358 1779 455 1832 esset
470 1769 514 1832 ab
530 1769 654 1832 eodem
670 1768 846 1849 Episcopo
862 1786 933 1848 qua
952 1769 1095 1832 tandem
1110 1768 1248 1832 ratione
1264 1768 1390 1831 horum
1414 1766 1596 1830 hominum

360 1876 578 1954 pertinaciae
604 1875 799 1940 remedium
815 1875 974 1940 adhiberi
1000 1885 1131 1954 posset,
1152 1875 1245 1938 inter
1269 1876 1339 1937 alia
1361 1874 1396 1937 id
1418 1872 1593 1953 judicavit

360 1984 583 2062 potissimum
599 1993 637 2047 ut
651 1993 775 2047 nostra
790 1983 952 2048 Societas
972 2001 1096 2047 eorum
1112 2000 1235 2046 curam
1257 1983 1475 2062 peculiarem
1494 1998 1593 2046 assu-

357 2099 482 2168 meret,
506 2101 551 2168 et,
570 2091 703 2154 eisdem
728 2091 932 2170 frequenter
955 2089 1213 2167 concionando,
1240 2089 1408 2152 duritiam
1432 2090 1592 2168 ipsorum

357 2197 467 2260 lenire
491 2198 660 2261 studeret.
683 2197 760 2261 Hoc
786 2199 916 2277 itaque,
941 2207 976 2260 et
997 2196 1269 2277 Archiepiscopi
1289 2205 1324 2259 et
1348 2213 1414 2259 suo
1437 2197 1590 2273 nomine,

357 2303 555 2385 Episcopus
577 2303 772 2384 Segrianus
794 2305 913 2367 multis
933 2304 1099 2384 precibus
1114 2303 1318 2383 postulavit;
1341 2311 1377 2365 et
1397 2303 1448 2365 ita
1463 2311 1592 2366 octavo

353 2427 497 2491 quoque
512 2411 569 2474 die
584 2411 773 2474 conciones
787 2411 823 2474 in
839 2411 934 2474 hunc
950 2427 1054 2474 usum
1069 2428 1090 2472 a
1105 2410 1238 2472 nostris
1253 2410 1395 2472 habitae
1409 2419 1503 2472 sunt.

400 2517 488 2581 1002.
532 2516 1590 2599 Eranthurimi,utethodiesunt,int0toregnoValentiae3

353 2634 390 2686 et
405 2626 500 2706 quod
514 2626 730 2689 Machometi
741 2627 895 2689 cultores
911 2633 1041 2704 essent,
1056 2624 1230 2705 quaedam
1242 2625 1401 2705 ipsorum
1409 2622 1541 2704 jejunia
1555 2633 1590 2687 et

356 2730 503 2796 affectus
516 2734 812 2797 adAIchoranum
826 2733 913 2795 satis
925 2731 1216 2795 demonstrabant
1224 2743 1260 2795 et
1273 2732 1380 2795 animi
1393 2732 1535 2795 aversio
1544 2732 1590 2794 ab

351 2840 407 2901 eis
422 2840 606 2904 audiendis
621 2840 753 2904 nedum
767 2839 1031 2920 amplexandiS,
1047 2856 1138 2920 quae
1153 2838 1199 2901 ad
1214 2839 1446 2902 christianam
1460 2839 1588 2902 verita·

355 2956 425 3008 tem
440 2948 629 3027 pertinent,
647 2966 689 3011 ac
705 2948 931 3027 potissimum
950 2963 1031 3009 cum
1046 2964 1163 3009 sermo
1184 2955 1277 3009 esset
1297 2946 1340 3009 de
1360 2945 1512 3009 Domino
1527 2963 1589 3009 no-

355 3062 429 3115 stro
453 3054 537 3139 Jesu
563 3054 716 3119 Christo.
749 3054 873 3135 Coepit
900 3062 1019 3117 autem
1044 3054 1189 3132 quidam
1213 3070 1259 3116 ex
1273 3053 1405 3117 nostris
1424 3052 1588 3116 Patribus

350 3176 492 3225 summo
519 3162 634 3225 studio
659 3164 855 3241 magistros
881 3159 985 3240 hujus
1010 3172 1130 3223 sectae
1155 3158 1352 3241 pestilentis
1377 3162 1469 3225 inter
1491 3163 1589 3242 ipsos

353 3269 545 3331 convenire
560 3279 594 3331 et
610 3287 691 3333 cum
706 3270 758 3333 eis
773 3280 913 3333 secreto
929 3269 1041 3348 loqui,
1058 3279 1097 3331 ut
1111 3270 1179 3332 hac
1199 3269 1336 3332 ratione
1351 3269 1435 3349 quid
1456 3270 1493 3333 in
1515 3270 1588 3333 ani-

352 3391 411 3436 mo
427 3375 597 3439 haberent
610 3378 742 3440 certius
757 3375 1040 3457 deprehenderet
1051 3385 1086 3437 et
1100 3374 1240 3439 facilius
1252 3375 1297 3438 ad
1313 3393 1436 3439 veram
1449 3377 1586 3456 religio·

353 3498 434 3543 nem
455 3500 517 3545 eos
536 3494 656 3563 posset
679 3464 866 3547 revocare.
895 3482 945 3547 At
970 3484 1040 3562 illi,
1066 3491 1147 3562 post
1171 3484 1283 3545 multa
1308 3484 1400 3546 ultro
1426 3485 1586 3564 citroque

350 3596 545 3665 transacta,
563 3607 666 3653 suum
682 3608 841 3654 errorem
863 3591 1019 3674 ingenue
1039 3589 1191 3654 confessi
1207 3599 1305 3669 sunt,
1330 3600 1364 3653 et
1383 3591 1532 3654 libenter
1547 3608 1586 3654 se

353 3706 500 3775 peccata
516 3696 743 3760 confessuros
758 3697 1037 3777 pollicebantur;
1054 3695 1118 3759 sed
1132 3696 1254 3759 statim
1275 3698 1440 3776 promissi
1463 3698 1585 3761 oblivi-

352 3802 553 3882 scebantur,
581 3822 797 3886 quamquam
818 3806 1009 3885 primarios
1033 3821 1157 3867 eorum
1175 3815 1210 3866 et
1230 3806 1366 3869 hortari
1386 3815 1421 3868 et
1441 3824 1586 3870 monere

352 3908 457 3974 Pater
471 3912 528 3974 ille
543 3929 613 3975 non
629 3912 831 3975 desisteret.
855 3910 1008 3991 Quidam
1029 3921 1158 3990 autem,
1180 3913 1241 3992 qui
1260 3912 1430 3976 intereos
1450 3912 1584 3993 primas

348 4018 531 4082 obtinebat
545 4028 580 4081 et
596 4020 686 4083 alios
701 4019 886 4097 edocebat,
903 4018 1094 4083 confitendi
1108 4020 1227 4098 gratia
1247 4019 1292 4082 ad
1307 4019 1505 4099 Collegium
1525 4038 1584 4083 ve·

349 4126 411 4203 nit,
428 4136 464 4188 et
476 4126 621 4206 quidem
638 4134 734 4189 recte
749 4124 842 4206 quod
858 4126 1009 4189 debebat
1030 4126 1225 4206 praestitit,
1245 4126 1295 4189 ita
1317 4136 1355 4189 ut
1375 4126 1488 4190 nostri
1508 4144 1585 4207 spe-

348 4240 470 4295 rarent
484 4234 614 4295 multos
630 4233 719 4295 aiios
735 4232 828 4295 idem
844 4250 923 4296 esse
937 4232 1108 4306 facturos;
1128 4232 1221 4312 quod
1236 4241 1271 4295 et
1284 4234 1368 4296 fecit
1384 4233 1528 4313 quidam
1538 4251 1585 4297 ex

348 4340 400 4402 eis
416 4338 521 4403 valde
544 4340 761 4417 ingeniosus

390 4544 398 4575 ί
427 4542 528 4587 Similia
536 4543 591 4598 jam
602 4543 674 4587 dicta
684 4548 744 4588 suut
754 4543 785 4586 de
796 4543 846 4587 hac
857 4544 1085 4598 confraternitate,
1095 4554 1161 4598 quae
1172 4544 1292 4586 nominis
1300 4542 1368 4599 Jesu
1379 4547 1530 4598 vocabatur.
1544 4560 1586 4591 su-

340 4624 404 4670 vpru,
416 4622 435 4659 t.
444 4627 480 4667 tv,
491 4626 550 4669 pag.
562 4614 609 4667 358,
621 4626 646 4657 n.
655 4614 704 4669 765,
715 4620 742 4659 et
751 4626 813 4669 pag.
827 4614 876 4669 att,
888 4626 912 4660 n.
924 4615 985 4661 1088.

389 4685 401 4718 ⁸
428 4685 495 4730 Vide
506 4685 627 4728 Litterae
638 4685 868 4739 Quadrlmestres,
877 4693 896 4731 t.
908 4698 946 4740 tn,
956 4687 1073 4743 paguo,
1084 4693 1171 4731 annot.
1180 4687 1202 4731 4.
