3717 5400
805 521 869 578 Au.
893 521 964 579 1555
1445 519 1500 579 339

259 675 347 732 rent
360 668 502 732 beatum
518 677 668 745 uterum,
681 666 740 746 qui
755 683 836 730 eum
846 667 1041 746 genuisset,
1053 677 1088 730 et
1100 667 1170 730 alia
1182 683 1253 729 non
1265 683 1391 746 pauca,
1407 684 1499 746 quae

269 777 445 856 insignem
458 775 733 851 Canonicorum,
750 775 994 854 Magistratus
1012 773 1259 838 Professorum
1279 775 1499 839 Universita·

269 883 316 946 tis
330 900 374 945 ac
387 883 639 957 studiosorum,
656 899 699 944 ac
715 882 864 962 denique
879 883 1012 946 civium
1031 883 1190 945 omnium
1205 881 1370 945 affectum
1385 882 1498 945 decla·

271 990 409 1054 rabant.
1487 989 1491 995 ’

331 1096 402 1160 910.
447 1096 667 1161 Mirabantur
692 1107 809 1160 autem
836 1115 957 1160 omnes
983 1097 1077 1178 quod
1098 1099 1261 1162 laborum
1283 1099 1418 1161 nullum
1440 1097 1500 1159 sti·

267 1205 439 1286 pendium
454 1205 560 1268 vellet
575 1205 745 1284 recipere,
762 1205 926 1284 quamvis
941 1205 1065 1268 vinum
1080 1205 1312 1268 honorarium
1329 1204 1337 1235 ¹
1354 1223 1375 1267 a
1389 1203 1500 1282 Magi·

273 1320 387 1375 stratu
402 1312 569 1388 oblatum,
587 1311 772 1374 admittere
787 1311 918 1390 debuit,
932 1329 976 1374 ne
990 1311 1144 1374 incivilis
1158 1313 1358 1375 haberetur.
1372 1310 1501 1375 Trans·

274 1420 364 1482 actis
380 1427 497 1482 autem
513 1418 612 1481 festis
627 1417 869 1496 Pentecostes,
886 1419 963 1498 ipso
987 1419 1043 1482 die
1067 1419 1245 1497 mercurii,
1263 1419 1323 1499 qui
1337 1418 1433 1501 Junii
1453 1419 1503 1480 5.*

274 1526 349 1604 fuit,
366 1543 491 1588 sacrae
506 1526 705 1604 scripturae
720 1525 907 1588 lectionem
919 1526 1137 1605 auspicatuS,
1151 1525 1191 1588 B.
1206 1525 1306 1588 Pauli
1318 1526 1364 1589 ad
1374 1523 1503 1588 Roma·

266 1649 339 1696 “nos
353 1633 549 1712 Epistulam
569 1631 742 1712 operariis
757 1631 879 1694 diebus
898 1632 1148 1713 explicandam
1167 1633 1322 1712 suscepit
1344 1650 1425 1695 cum
1440 1649 1504 1695 nu-

276 1756 415 1804 meroso
431 1739 695 1812 canonicorum,
720 1739 1018 1802 scholasticorum
1033 1752 1068 1803 et
1087 1740 1221 1803 civium
1242 1748 1437 1818 conventu,
1454 1749 1503 1801 at·

268 1847 431 1911 'tentione
447 1856 481 1909 et
495 1845 613 1908 fructu
623 1862 695 1908 non
706 1844 930 1925 poenitendo.
945 1845 1224 1910 Gratulabantur
1239 1847 1338 1909 cives
1351 1849 1505 1925 (praeter

277 1955 374 2034 ipsos
393 1953 585 2031 auditores)
606 1962 726 2016 tantae
748 1952 1011 2016 commoditatis
1032 1953 1256 2016 occasionem
1276 1953 1343 2017 sibi
1362 1954 1506 2032 obtigis-

278 2077 329 2140 se;
346 2073 379 2124 et
395 2061 463 2124 hoc
478 2061 620 2124 nomine
634 2060 739 2123 valde
754 2057 817 2140 [se]
838 2059 1024 2124 devinctos
1038 2060 1216 2141 Episcopo
1237 2059 1504 2140 profitebantur.

336 2168 408 2232 911.
451 2167 609 2247 Septima
630 2176 748 2231 autem
772 2165 928 2246 ejusdem
952 2169 1085 2231 mensis
1109 2167 1373 2231 Claramontem
1393 2167 1506 2248 profe·

279 2286 368 2355 ctus,
385 2276 429 2338 ab
444 2275 619 2354 Episcopo
639 2274 808 2354 postridie
828 2274 873 2337 ad
893 2273 1115 2337 Diaconatus
1137 2275 1298 2338 ordinem
1320 2287 1506 2352 promotus

270 2393 342 2448 est.
358 2382 442 2446 Inde
458 2382 502 2444 ab
518 2381 695 2461 Episcopo
711 2381 839 2443 missus
855 2390 908 2443 est
927 2381 1085 2444 Montem
1104 2381 1284 2445 Feranum
1299 2381 1323 2461 ³,
1339 2381 1434 2461 quod
1450 2399 1507 2461 op·

278 2490 399 2572 pidum
414 2488 635 2552 Claramonti
651 2489 850 2568 proximum
870 2497 940 2566 est,
962 2488 1021 2551 ubi
1041 2488 1097 2551 die
1119 2488 1313 2567 dominico,
1338 2489 1508 2568 gravissi·

279 2614 417 2660 morum
433 2596 593 2658 virorum
608 2604 798 2671 conventu,
815 2595 1061 2667 concionatus,
1079 2613 1151 2657 non
1166 2596 1336 2659 mediocri
1347 2596 1403 2658 sui
1419 2596 1508 2659 desi·

280 2705 377 2768 derio
393 2704 536 2779 relicto,
560 2702 776 2782 Episcopum
796 2702 1010 2783 Euscopiam
1028 2720 1215 2767 reversum
1239 2704 1412 2783 postridie
1431 2706 1510 2767 sub-

281 2820 450 2891 sequutus
466 2820 531 2873 est.

340 2918 411 2981 912.
455 2917 593 2981 Interea
606 2916 858 2994 BilliomenseS,
872 2917 1025 2979 reditum
1037 2916 1148 2996 ipsius
1160 2918 1392 2997 suspirantes
1406 2936 1511 2982 cano·

282 3027 383 3089 nicos
398 3026 570 3106 quosdam
591 3024 635 3087 ad
650 3023 865 3103 Episcopum
884 3023 1071 3100 miserunt,
1097 3034 1133 3087 ut
1155 3025 1199 3086 ab
1220 3043 1261 3088 eo
1282 3026 1512 3105 impetrarent

282 3134 456 3223 maturius
481 3132 526 3195 ad
552 3150 589 3195 se
616 3132 826 3209 magistrum
845 3130 1040 3195 Robertum
1061 3132 1163 3208 mitti;
1187 3132 1251 3195 sed
1269 3142 1304 3195 et
1323 3134 1434 3210 civeS,
1456 3134 1513 3196 die

282 3242 456 3322 sequenti,
473 3257 553 3303 cum
569 3237 754 3301 Praefecto
771 3239 815 3301 ad
831 3239 898 3300 hoc
914 3238 1029 3317 ipsum
1044 3237 1260 3319 Euscopium
1277 3248 1461 3319 venerunt,
1478 3253 1513 3304 et

280 3366 364 3413 cum
379 3355 589 3410 exorassent
604 3345 831 3426 Episcopum,
852 3344 918 3408 12.a
931 3345 1025 3427 Junii
1038 3346 1238 3408 Billiomum
1251 3364 1419 3411 reversus
1433 3365 1514 3411 cum

284 3456 469 3520 Praefecto
485 3454 595 3532 urbiS,
614 3454 751 3532 hospite
766 3469 842 3527 suo,
859 3452 916 3515 die
931 3453 1108 3532 sequenti,
1125 3471 1195 3533 quo
1210 3454 1340 3517 festum
1354 3457 1516 3536 corporis

278 3562 417 3629 Christi
431 3562 690 3638 celebrabatur,
709 3560 942 3623 concionatus
956 3560 1058 3622 estin
1072 3558 1163 3638 foro,
1181 3560 1241 3623 ubi
1252 3562 1517 3626 sanctissimum

282 3668 417 3735 Christi
444 3685 590 3749 corpus,
613 3666 875 3748 quiescentibus
901 3667 962 3747 qui
986 3666 1071 3729 illud
1097 3667 1319 3746 deferebant,
1347 3686 1518 3749 praesens

284 3786 375 3856 erat,
393 3787 427 3840 et
443 3774 710 3840 innumerabilis
723 3774 904 3837 hominum
923 3774 1027 3837 turba
1048 3773 1132 3838 illud
1148 3775 1395 3840 comitabatur.

346 3883 417 3947 913.
461 3881 528 3945 Die
557 3880 700 3944 veneris
727 3880 889 3961 sequenti
917 3862 1156 3958 theologicam
1183 3882 1372 3945 lectionem
1400 3900 1519 3962 prose·

282 4001 416 4072 quutus
437 4000 507 4067 est;
532 3988 712 4052 dominico
734 3996 852 4051 autem
878 3988 935 4051 die
960 3988 1138 4068 sequenti,
1167 3999 1250 4053 ante
1274 3990 1460 4054 meridiem
1484 3991 1520 4053 in

286 4097 455 4179 paroecia
483 4094 543 4160 gn
561 4096 675 4175 Lupi,
702 4104 780 4174 post
800 4093 984 4157 meridiem
1010 4104 1129 4159 autem
1158 4095 1195 4159 in
1223 4113 1361 4159 summo
1389 4099 1521 4177 templo

284 4204 496 4268 concionem
522 4220 604 4265 cum
628 4202 732 4265 solita
757 4202 878 4282 populi
902 4202 1103 4283 frequentia
1130 4202 1264 4267 habuit.
1286 4203 1521 4269 Tantumdem

287 4312 465 4393 praestitit
478 4310 545 4373 23.ο
563 4308 619 4372 die
632 4309 739 4392 Junii,
756 4310 814 4389 qui
830 4309 1028 4373 dominicus
1040 4321 1129 4389 erat,
1143 4320 1177 4373 et
1193 4311 1229 4373 iu
1244 4311 1300 4374 die
1315 4310 1522 4377 Natiuitatis

287 4416 350 4483 ΒΜ
369 4418 518 4501 Joannis
537 4418 719 4498 Baptistae
738 4417 775 4480 in
797 4416 921 4479 eodem
945 4434 1084 4481 summo
1107 4418 1249 4497 templo.
1276 4417 1390 4483 Feriis
1405 4429 1525 4485 autem

290 4524 335 4589 D.
352 4525 447 4589 Petri
464 4534 498 4588 et
513 4524 615 4587 Pauli
629 4526 664 4587 iu
680 4524 767 4587 aede
783 4521 842 4587 Sd*
861 4522 963 4603 Lupi.

294 4652 507 4665 ’.ι-α·-

336 4698 342 4728 ¹
372 4698 530 4741 onerarium
540 4697 618 4740 habet
630 4694 675 4740 Mn.

333 4773 345 4805 ¹
372 4768 583 4815 idom-Ferrand.
