3717 5400
789 476 852 536 Au.
876 476 947 536 1555
1426 475 1478 536 631

249 622 364 700 beret,
380 623 528 702 ipsemet
541 621 579 686 Ρ.
597 621 802 688 Ludovicus
819 621 826 653 ¹
844 620 889 684 ad
904 620 969 685 Sat
983 620 1211 686 Vincentium
1222 621 1441 685 evocabatur
1455 620 1479 696 ¹;

254 739 290 793 et
305 730 387 810 quia,
402 730 507 809 pauci
521 746 666 794 numero
682 741 766 793 tunc
781 738 893 806 erant,
912 729 982 792 duo
993 738 1131 792 tantum
1142 730 1222 792 loca
1236 730 1400 804 retinere,
1413 728 1482 792 sci·

254 837 352 914 licet,
378 835 576 918 Salvatoris
594 847 628 899 et
652 835 711 900 Sti
732 835 912 904 vincentii
928 837 1144 916 cogitabant.
1161 835 1345 901 Venerant
1363 844 1481 900 autem

257 945 396 1010 litterae
411 963 432 1008 a
448 942 544 1024 Rege
559 943 798 1022 portugalliae
814 954 852 1007 ut
868 945 903 1006 in
919 943 1103 1022 praedicta
1123 943 1269 1006 civitate
1284 941 1483 1014 Salvatoris

257 1051 444 1130 collegium
458 1051 700 1116 institueretur
715 1067 796 1114 cum
811 1051 944 1113 scholis
959 1050 1004 1113 ad
1025 1066 1106 1114 eum
1121 1051 1276 1126 modum,
1293 1066 1364 1129 quo
1380 1051 1483 1129 Ulys-

257 1159 403 1238 siponae
418 1158 533 1222 suerat
548 1157 756 1236 institutum,
774 1154 874 1236 cujus
891 1155 1021 1220 Rector
1035 1155 1175 1221 iuturus
1188 1167 1265 1222 erat
1280 1157 1482 1236 praedictus

258 1265 295 1326 P.
313 1264 524 1328 Ambrosius
538 1263 560 1344 ³,
578 1273 612 1328 et
624 1265 810 1328 lectionem
825 1265 981 1326 lecturus
1001 1264 1045 1327 de
1067 1264 1210 1327 casibus
1223 1264 1481 1340 eonscientiae;

257 1373 411 1453 aliquam
434 1385 550 1436 autem
573 1372 616 1436 de
634 1372 868 1452 grammatica
894 1371 1005 1434 irater
1024 1381 1144 1434 noster
1164 1371 1336 1451 Blasquez
1351 1369 1364 1401 ⁴
1382 1387 1483 1453 prae·

256 1481 411 1544 lecturus
426 1488 515 1556 erat,
537 1480 596 1544 ubi
611 1479 770 1561 ‚quinque
789 1483 846 1542 vel
866 1497 929 1542 sex
952 1479 995 1542 de
1010 1480 1141 1543 nostris
1161 1477 1368 1557 residerent,
1390 1479 1482 1542 inter

257 1603 346 1666 quos
361 1597 437 1650 erat
451 1586 595 1668 quidam
607 1585 733 1651 Petrus
743 1585 786 1650 de
798 1585 1059 1661 Goez,·nobilis,
1074 1595 1109 1649 ct
1119 1587 1212 1649 bono
1226 1586 1369 1664 ingenio
1381 1601 1482 1666 prae·

215 1691 220 1702 ’
260 1695 365 1768 ditus,
382 1694 442 1775 qui
456 1694 492 1756 in
507 1693 657 1758 Brasilia
673 1693 848 1756 admissus
862 1693 990 1757 fuerat.

320 1800 407 1864 1726.
452 1799 601 1881 Accepit
621 1811 740 1863 autem
760 1799 798 1863 P.
814 1800 1019 1863 Ludovicus
1031 1800 1237 1864 facultatem
1253 1819 1273 1864 a
1288 1801 1326 1864 Ρ.
1343 1799 1480 1878 ignatio

261 1907 515 1988 professionem
539 1907 731 1985 emittendi;
758 1905 909 1969 sednon
935 1907 1054 1970 statim
1074 1923 1153 1970 eam
1168 1907 1295 1983 emisit,
1319 1907 1401 1988 quia
1422 1925 1479 1972 ex·

260 2016 424 2094 pectebat
448 2025 486 2078 ut
512 2013 549 2078 P.
567 2011 802 2077 Provincialis
829 2011 997 2093 Nobrega
1025 2014 1124 2092 prius
1145 2031 1224 2077 eam
1246 2013 1421 2080 emitteret
1444 2014 1480 2078 in

256 2122 417 2190 manibus
437 2120 603 2201 Episcopi
622 2121 666 2184 ad
693 2119 907 2202 praesidium
934 2119 994 2184 S.2¹
1012 2119 1204 2194 vincentii,
1227 2131 1264 2185 ut
1282 2121 1477 2198 dicebatur,

234 2313 237 2320 .
257 2229 449 2308 profecturi
464 2230 486 2291 ³.

320 2335 406 2400 1727.
450 2335 544 2399 Ante
560 2347 677 2398 tamen
693 2352 800 2416 quam
815 2335 852 2397 P.
878 2334 1088 2398 Ambrosius
1103 2335 1211 2405 Perez
1230 2337 1276 2400 ad
1298 2337 1479 2403 civitatem

259 2443 456 2516 Salvatoris
476 2443 614 2507 veniret
639 2443 734 2521 (narn
756 2441 830 2523 jam
854 2441 928 2506 sere
948 2456 1028 2505 octo
1048 2459 1186 2506 menses
1207 2443 1294 2507 nihil
1312 2461 1358 2508 ex
1371 2443 1480 2506 Portu

256 2549 399 2629 Securo,
417 2550 475 2614 ubi
490 2551 547 2628 ille
562 2550 785 2628 versabatur,
802 2548 1006 2630 acceperat)
1022 2549 1068 2614 ad
1082 2548 1147 2612 San
1161 2549 1389 2614 Vincentium
1403 2567 1496 2630 pro·-

257 2657 368 2729 fioisci
392 2657 551 2726 decrevit
562 2655 585 2737 ⁶,
612 2656 648 2721 P.
667 2657 862 2721 Antonium
886 2657 935 2721 ibi
959 2656 1198 2737 relinquenda
1227 2657 1362 2722 obierat
1386 2657 1479 2729 euim

259 2765 297 2837 B.
314 2764 481 2829 Salvator
500 2764 711 2844 Rodriguez,
732 2781 814 2829 eum
836 2781 967 2843 magna
986 2763 1232 2829 aedificatione
1251 2765 1381 2830 ibidem
1402 2784 1479 2829 ver-

256 2880 365 2953 satus,
382 2873 458 2953 ipsu
473 2872 529 2935 die
544 2871 806 2951 Assumptionis
820 2870 860 2935 B.
880 2872 1053 2952 Virginis,
1070 2888 1177 2950 quarn
1192 2872 1361 2953 peculiari
1376 2871 1480 2937 devo·

257 2982 352 3055 tione
366 2981 482 3043 colere
497 2980 713 3069 solituszerat
733 2977 755 3042 ¹.
805 2982 810 2993 '

319 3085 406 3154 1728.
450 3086 569 3151 Monet
594 3098 712 3151 autem
738 3086 831 3151 idem
852 3085 888 3149 P.
902 3087 1106 3151 Ludovicus
1131 3087 1271 3152 difficile
1291 3088 1481 3153 admodum

257 3262 467 3273 —n———u-——n

293 3364 302 3396 ¹
332 3362 499 3417 Sententiam,
511 3375 527 3408 a
538 3364 625 3407 verbis
636 3375 683 3406 nec
694 3363 812 3417 antpiius
823 3374 852 3406 eo
868 3364 998 3417 bucusque
1014 3366 1253 3428 expressambaud
1268 3366 1354 3418 facile,
1369 3372 1398 3408 ut
1408 3373 1483 3419 puta·

255 3446 318 3488 mus,
328 3437 410 3481 lector
421 3436 506 3490 capiet
521 3436 607 3488 Quare
618 3448 650 3479 ex
661 3436 709 3487 bia,
720 3446 786 3489 quae
796 3436 936 3480 inmediate
946 3446 1096 3489 sequuntur,
1107 3448 1164 3481 eam
1174 3446 1303 3485 eruentes.
1311 3439 1348 3481 sie
1358 3438 1483 3481 scribere·

255 3518 317 3553 inus:
329 3512 415 3553 necin
427 3508 606 3553 Pernambuci
621 3509 749 3551 dieculam
761 3508 881 3563 urnpiius
896 3512 957 3550 erae
971 3510 1120 3557 rediturus,
1134 3513 1205 3563 quia,
1216 3521 1246 3553 eo
1261 3509 1363 3557 relicto,
1378 3513 1407 3551 in
1418 3511 1483 3553 civi·

244 3583 310 3622 tate
321 3579 472 3622 Saloutaria
483 3592 592 3623 inuuere
603 3582 694 3623 debuit
709 3580 793 3622 simul
804 3592 864 3622 cum
876 3580 959 3623 Patre
970 3580 1109 3623 Ambrosio
1121 3580 1212 3634 Perea,
1223 3583 1270 3635 qui
1284 3582 1407 3637 ejusdem
1420 3582 1486 3625 civi·

255 3652 321 3699 ratis
329 3652 437 3705 collegio
446 3652 609 3705 praefectus
620 3654 687 3695 erat.
699 3650 770 3695 Nam
783 3652 811 3695 P.
822 3650 977 3695 Ludovicus
986 3653 1020 3694 de
1032 3652 1152 3697 Graue...

295 3723 306 3754 ²
333 3723 433 3767 “aloda
444 3733 515 3767 nesle
528 3732 614 3777 tempo
625 3727 701 3773 (anno
714 3724 765 3767 1535
777 3724 890 3773 ineunte)
900 3736 927 3767 se
939 3728 990 3767 nito
998 3724 1088 3767 tinbao
1098 3726 1220 3769 avistado
1230 3732 1301 3770 estas
1315 3727 1381 3771 duas
1390 3728 1485 3771 colum·

256 3806 303 3837 nas
313 3795 345 3837 da
357 3794 515 3849 Compnnbia
526 3796 558 3837 do
570 3794 661 3843 Brasil,
672 3795 800 3849 Nobrega,
812 3807 825 3838 e
837 3795 925 3849 Gram;
935 3807 949 3837 e
959 3796 1065 3849 parecia
1081 3798 1227 3841 necessario
1242 3798 1341 3841 sareio.
1355 3800 1408 3842 assi
1422 3810 1487 3852 pera

255 3866 428 3911 communicer
438 3878 451 3909 o
462 3866 581 3919 passado,
595 3878 667 3911 como
683 3877 745 3920 pera
760 3868 917 3911 consulturo
928 3867 1024 3911 futuro.
1040 3866 1101 3911 Pelo
1117 3880 1166 3922 que
1180 3869 1266 3922 partio
1282 3868 1364 3913 Gram
1378 3880 1395 3913 a
1410 3880 1486 3912 verse

255 3946 311 3991 corp
325 3936 470 3991 Nobregaa
480 3936 505 3981 S.
518 3936 651 3989 Vlcentc.„
665 3938 870 3987 Vnscoucaetoa.
882 3939 897 3982 l.
909 3949 922 3981 c
935 3950 973 3991 ,n.
988 3938 1088 3983 l93.-“e
1105 3939 1139 3983 iol
1149 3941 1254 3985 aervldo
1268 3952 1318 3995 que
1333 3953 1365 3984 no
1381 3944 1486 3995 proprio

256 4009 297 4051 dia
313 4008 337 4051 15
352 4010 382 4051 de
398 4008 465 4053 blato
482 4010 512 4051 de
525 4010 576 4053 1555
590 4020 630 4052 em
645 4022 694 4064 que
710 4010 789 4053 bavia
803 4011 835 4053 de
851 4012 935 4065 partir
946 4010 984 4061 (P.
996 4010 1148 4055 Emmanuel
1163 4012 1194 4055 de
1205 4012 1344 4067 Nobrega),
1359 4014 1485 4067 ebegasse

256 4092 323 4125 nova
337 4092 385 4135 qne
400 4082 473 4125 tinlra
488 4082 615 4135 aportado
624 4086 640 4125 a
650 4084 714 4125 villa
726 4082 756 4125 de
767 4082 793 4126 S.
806 4082 913 4125 Vlcente
922 4094 938 4125 o
949 4082 1034 4127 Padre
1045 4081 1108 4126 Luta
1117 4082 1151 4127 da
1166 4082 1256 4138 Gram,
1271 4096 1317 4128 eeu
1333 4084 1485 4138 Collaterai,

255 4163 302 4210 ppr
312 4162 386 4209 quem
399 4164 525 4207 esperare
536 4184 547 4203 „
558 4152 606 4201 Iu..
618 4154 692 4201 ibid..
703 4166 727 4195 n.
740 4154 785 4199 1⁹9.

294 4224 306 4256 ⁸
333 4224 361 4268 Ρ.
373 4224 525 4269 Ambrosius
536 4226 624 4275 Perea.
634 4228 676 4269 vel
688 4226 762 4269 Pirea

295 4296 305 4328 ⁴
332 4295 461 4339 Antonius
472 4296 607 4350 Blasquez.

294 4367 305 4400 ὅ
332 4369 399 4413 Vide
410 4380 498 4423 supra,
509 4370 627 4427 pagssl'l,
639 4382 664 4413 n.
677 4370 736 4414 1692.

293 4439 305 4471 ⁸
332 4440 389 4496 lpse
401 4441 420 4485 P
440 4441 587 4487 Ludovicus
597 4442 628 4487 de
640 4442 720 4487 Gram
731 4443 770 4491 lde
782 4440 888 4493 Granni.
899 4438 966 4487 Vide
976 4453 1065 4497 supra,
1076 4453 1136 4497 pag.
1153 4442 1203 4495 (m,
1214 4454 1239 4487 n.
1252 4442 1312 4487 1725.

293 4512 303 4543 ⁷
331 4512 438 4558 Oblerat
449 4514 551 4568 quidem
561 4515 589 4558 P.
601 4514 724 4559 Salvator
736 4514 890 4569 Rodrlgue23
902 4514 958 4568 eius
968 4522 1055 4558 autern
1066 4514 1152 4558 obitus
1160 4514 1192 4557 ad
1202 4524 1297 4558 annum
1309 4515 1361 4558 1553
1367 4522 1406 4561 eet
1416 4515 1486 4559 rele-

252 4584 348 4629 rendus
368 4584 435 4629 Vide
448 4597 534 4641 supra,
547 4592 565 4631 t.
577 4597 612 4637 rv,
623 4596 683 4641 pag.
692 4588 767 4638 bitu
788 4586 847 4640 lais,
858 4593 947 4631 annot.
961 4586 983 4629 i.
998 4585 1118 4639 Eloglum
1135 4586 1211 4639 buius
1226 4587 1380 4637 pientissimi
1393 4588 1444 4633 viri
1454 4594 1481 4633 et

250 4656 306 4699 alla
317 4657 349 4700 ad
361 4668 419 4701 eum
429 4656 585 4713 spectantia,
594 4670 625 4702 ex
636 4659 831 4703 vascovcrnios
842 4662 987 4713 desumpta,
996 4670 1061 4713 quae
1072 4660 1248 4712 praetermisit
1259 4660 1403 4715 Potarcus,
1412 4672 1486 4715 repe·

248 4729 306 4773 ries
317 4741 404 4785 supra,
416 4736 433 4773 t.
445 4740 483 4783 ru,
493 4742 545 4785 pag
564 4730 613 4778 tta.
624 4744 647 4775 n.
660 4731 722 4787 1022,
730 4740 817 4777 annot.
828 4735 848 4777 2.
