3717 5400
391 445 428 505 36
850 443 978 504 Canon.
998 443 1078 503 Soc.
1097 443 1168 518 Jas.

400 639 402 644 .
449 589 501 656 64.
544 589 621 654 Hoc
641 599 799 670 tempore
821 589 931 670 janua
955 599 1079 670 aperta
1105 599 1159 654 est
1183 590 1446 671 quodammodo
1475 591 1522 656 ad
1540 609 1625 657 con·

390 699 545 762 victores
560 698 596 760 in
611 696 769 776 Collegio
791 696 1007 760 Germanico
1032 695 1280 776 admittendos;
1303 714 1387 761 nam
1412 697 1623 779 P.,Natalis·,

391 805 452 886 qui
468 813 594 886 quarta
610 803 665 867 die
684 801 767 886 Julii
786 802 959 866 Venetias
973 821 1018 866 ex
1033 801 1226 866 Germania
1244 813 1468 884 pervenerat,
1493 805 1624 884 signiti-

391 913 488 976 cavit
508 910 545 974 P.
566 911 704 990 Ignatio
727 911 928 992 complures
949 927 1027 973 esse
1049 925 1252 989 germanos,
1275 911 1336 990 qui
1358 911 1507 975 libenter
1534 909 1623 975 filios

392 1035 476 1083 suos
490 1018 536 1083 ad
552 1017 804 1101 Germanicum
819 1015 1017 1095 Collegium
1030 1015 1174 1080 missuri
1188 1025 1290 1080 erant
1304 1033 1385 1081 cum
1398 1016 1453 1095 iis,
1470 1034 1562 1098 quae
1577 1018 1623 1081 ad

394 1141 570 1206 expensas
583 1125 743 1205 ipsorum
757 1133 875 1186 essent
889 1123 1105 1202 necessaria,
1121 1124 1152 1186 si
1167 1122 1243 1186 sine
1259 1123 1477 1204 obligatione
1499 1124 1546 1188 ad
1567 1141 1620 1188 ec·

395 1232 613 1298 clesiasticos
627 1229 768 1294 ordines
783 1229 1029 1310 suscipiendos
1049 1230 1097 1294 ibi
1117 1229 1254 1294 admitti
1274 1240 1439 1311 possent;
1460 1249 1624 1312 quaeres

394 1356 474 1404 cum
485 1337 523 1402 P.
534 1337 673 1416 Ignatio
680 1337 831 1417 probata
843 1336 997 1414 esset,P.
1011 1336 1154 1401 Canisio
1162 1353 1225 1400 eos
1236 1336 1329 1401 mitti
1339 1354 1444 1418 posse
1453 1338 1624 1418 scriptum

392 1455 458 1525 est,
475 1445 505 1509 si
519 1455 639 1508 tamen
653 1460 745 1523 quae
756 1442 802 1506 ad
813 1443 973 1524 ipsorum
984 1444 1280 1507 sustentationem
1294 1445 1537 1523 convenirent,
1550 1462 1624 1509 cer·

392 1566 428 1617 to
445 1552 616 1617 mittenda
631 1560 761 1630 essent;
778 1560 812 1616 et
827 1569 870 1614 eo
892 1567 1052 1626 numero,
1077 1560 1115 1614 ut
1130 1549 1255 1616 domus
1276 1559 1443 1632 separata
1464 1568 1545 1615 cum
1559 1552 1624 1616 mi-

391 1661 513 1725 nistris
530 1659 645 1739 accipi
660 1669 790 1738 posset;
808 1666 842 1722 et
865 1659 1030 1722 daturam
1044 1674 1123 1721 esse
1145 1655 1361 1722 Societatem
1381 1668 1542 1722 nostram
1564 1658 1623 1722 ali·

392 1782 481 1847 quos
503 1765 547 1829 de
568 1774 772 1829 nostrorum
795 1781 954 1842 numero,
981 1764 1041 1844 qui
1066 1780 1189 1828 eorum
1214 1764 1452 1843 regendorum
1466 1774 1501 1828 et
1525 1765 1623 1829 insti-

391 1873 603 1938 tuendorum
617 1873 653 1935 in
669 1872 794 1936 litteris
809 1884 842 1935 et
859 1872 1018 1935 moribus
1033 1889 1156 1935 curam
1170 1871 1392 1951 susciperent
1409 1871 1430 1931 ¹.

451 1979 501 2043 65.
546 1977 616 2042 Sed
630 1977 725 2059 quod
739 1987 823 2043 tunc
838 1977 881 2041 de
895 1978 1078 2058 germanis
1093 1987 1128 2041 et
1142 1979 1178 2041 in
1190 1978 1297 2041 domo
1312 1987 1478 2059 separata
1493 1987 1622 2042 tracta·

391 2087 507 2165 batur,
525 2085 628 2149 annis
643 2085 869 2164 sequentibus
883 2085 919 2148 in
932 2085 1083 2148 aliarum
1094 2085 1280 2149 nationum
1291 2083 1576 2149 adolescentibus
1587 2097 1623 2149 et

391 2195 428 2257 in
457 2195 534 2274 ipso
563 2192 714 2272 collegio
743 2191 958 2256 Germanico
987 2191 1233 2256 executionem
1262 2191 1403 2255 habuit:
1433 2210 1500 2256 nec
1527 2195 1622 2256 enim

393 2299 592 2380 hujusmodi
603 2297 753 2379 juvenes
771 2307 854 2361 tunc
870 2297 970 2362 missi
983 2297 1135 2377 luerunt;
1158 2298 1251 2362 sicut
1269 2315 1336 2361 nec
1351 2299 1412 2362 alii
1425 2299 1465 2361 49
1485 2299 1622 2363 schola·

391 2407 472 2470 stici
499 2405 662 2486 germani
682 2400 704 2485 ¹,
732 2421 821 2486 quos
845 2403 1093 2469 Ferdinandus
1113 2403 1356 2468 Romanorum
1381 2403 1457 2468 Rex
1483 2403 1621 2471 Nuncio

390 2514 598 2594 Apostolico
612 2511 624 2544 ³
639 2521 674 2576 et
689 2512 726 2577 P.
752 2513 870 2576 Natali
890 2529 929 2575 se
944 2512 1135 2576 missurum
1156 2510 1201 2574 ad
1225 2511 1424 2592 Collegium
1439 2512 1620 2576 Germani·

390 2639 471 2685 cum
485 2620 635 2696 dixerat,
652 2618 839 2700 Episcopis
854 2635 999 2682 suarum
1011 2618 1182 2682 ditionum
1193 2617 1420 2699 injungendo,
1433 2628 1471 2683 ut
1483 2628 1620 2700 partem

389 2747 508 2793 rerum
533 2727 814 2792 necessariarum
840 2727 886 2790 ad
912 2744 1035 2791 eorum
1058 2726 1352 2790 sustentationem
1374 2727 1564 2803 solverent3
1586 2738 1622 2790 et

387 2846 525 2917 partem
536 2835 613 2899 Rex
624 2834 699 2914 ipse
711 2834 850 2897 solvere
862 2833 1105 2897 constituerat.
1118 2832 1163 2897 Et
1174 2833 1323 2896 libenter
1334 2851 1395 2897 eos
1406 2851 1445 2897 se
1456 2844 1623 2914 exceptu·

387 2960 466 3007 rum
481 2942 624 3023 scripsit
639 2940 676 3005 P.
694 2940 865 3021 Ignatius‚
882 2940 1046 3020 quamvis
1060 2941 1156 3003 bono
1170 2939 1314 3019 ingenio
1326 2938 1525 3019 hujusmodi
1538 2940 1620 3003 ado·

387 3051 563 3113 lescentes
588 3048 768 3129 praeditos
794 3064 873 3111 esse
895 3047 1034 3126 debere,
1050 3056 1086 3110 et
1105 3056 1241 3110 certam
1260 3046 1392 3110 habere
1413 3047 1459 3110 ad
1476 3048 1532 3111 sui
1547 3064 1619 3110 sus·

387 3157 620 3221 tentationem
636 3156 803 3235 aliquam,
820 3171 911 3236 quae
925 3154 1113 3229 sufficeret,
1126 3154 1359 3234 pecuniarum
1373 3170 1549 3217 summam
1561 3153 1621 3218 ad·

388 3264 533 3328 monuit.
550 3262 628 3326 Hoc
643 3278 742 3342 ergo,
756 3264 847 3325 inter
861 3262 933 3325 alia
944 3261 1038 3325 bona
1049 3278 1168 3342 opera,
1182 3260 1387 3340 impeditum
1399 3261 1508 3324 fuisse
1523 3261 1622 3324 vide·

390 3381 450 3434 tur
461 3368 643 3434 daemonis
658 3372 716 3433 vel
730 3368 973 3432 ministrorum
988 3366 1064 3448 ejus
1077 3367 1264 3446 industria,
1280 3384 1346 3430 nec
1361 3367 1456 3431 enim
1470 3366 1623 3431 Romam

391 3476 591 3557 hujusmodi
606 3474 821 3553 scholastici,
839 3474 1003 3554 quamvis
1017 3490 1098 3536 cum
1114 3472 1358 3536 aedificatione
1380 3471 1484 3552 hujus
1500 3474 1621 3537 curiae

374 3608 377 3615 ⁴
391 3584 501 3663 Regis
516 3583 723 3648 deliberatio
740 3582 860 3647 audita
875 3590 982 3659 esset,
999 3590 1183 3645 venerunt.

450 3691 501 3753 bo.
548 3690 637 3755 Tam
656 3689 794 3753 Nunnio
809 3688 1029 3768 Apostolico,
1050 3688 1110 3767 qui
1131 3687 1177 3751 ad
1197 3687 1352 3751 diaetam
1373 3686 1622 3767 Augustanam

388 3799 611 3876 mittebatur,
629 3790 740 3877 'quam
759 3795 803 3873 ei,
826 3795 887 3876 qui
909 3795 945 3857 in
963 3792 1146 3857 Poloniam
1168 3793 1424 3874 destinabatur,
1446 3795 1554 3875 aliqui
1577 3811 1622 3858 ex

389 3906 534 3985 nostriS,
550 3914 589 3969 ut
604 3904 766 3984 superius
785 3901 950 3981 diximuS,
974 3900 1189 3981 adjungendi
1208 3913 1321 3977 erant;
1346 3902 1409 3965 sed
1430 3902 1547 3965 visum
1568 3911 1622 3965 est

388 4012 516 4077 deinde
531 4011 676 4075 Summo
691 4008 861 4086 Pontifici,
878 4025 987 4072 unum
1001 4017 1037 4072 et
1051 4008 1212 4071 eumdem
1223 4008 1362 4090 utrique
1374 4009 1532 4072 missioni
1543 4025 1622 4089 pos·

390 4183 459 4227 Vide
470 4182 566 4227 Carras
576 4180 610 4223 de
620 4178 676 4223 San
686 4178 806 4231 rgnacro,
815 4182 834 4221 t.
846 4188 871 4229 v,
882 4187 942 4231 pag.
953 4176 1003 4233 222,
1013 4182 1040 4221 et
1049 4176 1197 4232 Dnnnnacn,
1213 4176 1244 4220 L'
1255 4176 1415 4231 Angtererre
1432 4180 1459 4220 et
1472 4177 1500 4220 la
1516 4175 1624 4231 eompa-

391 4255 454 4307 gm'e
464 4252 498 4297 de
513 4252 596 4308 stus
614 4251 698 4293 auant
714 4248 740 4292 le
756 4250 877 4303 martyre
894 4248 931 4291 riu
951 4247 984 4291 Β.
1003 4248 1127 4293 Edmond
1143 4246 1286 4303 Campton,
1299 4250 1326 4293 ln
1342 4248 1436 4293 Precis
1451 4248 1625 4301 historiques,

389 4334 410 4370 t.
422 4322 640 4439 ¹¹xtgr'rililttge'rtffr
656 4394 722 4437 haec
737 4391 833 4437 litterla
851 4402 867 4435 a
883 4391 1005 4445 Polnnco,
1022 4402 1057 4434 eor
1071 4401 1147 4442 com„
1161 4392 1230 4436 dati·
1245 4392 1317 4436 Patri
1330 4392 1405 4437 Petro
1421 4392 1526 4437 Caninio
1543 4393 1567 4435 16
1580 4392 1623 4445 Ju-

390 4468 418 4512 Μ
430 4466 539 4581 l’Qum
549 4546 637 4590 nupta,
647 4546 708 4590 pag.
719 4534 753 4589 25,
764 4546 789 4578 n.
800 4535 834 4587 41,
846 4540 872 4579 et
883 4533 959 4588 inira,
970 4544 995 4577 n.
1004 4534 1053 4586 698,
1064 4535 1106 4578 ubl
1121 4534 1148 4578 bl
1158 4534 1332 4589 quadraginta
1342 4540 1370 4579 et
1380 4537 1436 4579 octo
1446 4543 1623 4579 numerantur.

429 4608 441 4642 ⁸
468 4608 546 4660 ldem,
560 4606 602 4662 qul
613 4617 701 4660 supra.
713 4606 856 4650 Zacharias
866 4604 989 4657 Delfluus,
1000 4606 1148 4661 priusquam
1160 4606 1193 4651 ad
1204 4613 1331 4661 tempusa
1346 4606 1429 4651 Paulo
1439 4605 1477 4650 1v
1488 4617 1625 4652 revocare·

390 4692 440 4727 tur.
452 4680 519 4724 Vlde
531 4679 745 4731 Bnaurnnnnorut,
755 4679 773 4722 l.
783 4688 814 4729 c..
826 4688 886 4731 pag.
896 4676 943 4729 552,
955 4683 1043 4722 annot.
1054 4678 1073 4729 l,
1082 4683 1108 4721 et
1119 4678 1186 4722 inira
1196 4678 1222 4721 in
1231 4678 1280 4721 hoe
1292 4677 1425 4731 caranico,
1436 4690 1460 4721 n.
1471 4690 1526 4733 seq.
