3717 5400
808 494 873 552 All.
901 495 971 552 1555
1470 493 1506 550 21

263 637 444 700 deductus
458 648 523 716 est,
541 648 578 701 ut
593 655 631 701 se
646 640 879 702 christianam
895 637 1104 716 religionem
1118 637 1300 716 suscipere
1316 638 1407 699 velle
1425 653 1507 717 pro·

267 741 441 824 fiteretur3
465 761 634 826 quaeres
656 746 929 810 admirationem
946 755 986 805 et
1003 742 1288 806 aedificationem
1308 744 1448 806 custodi
1469 757 1504 807 et

263 851 443 914 custodiis
464 853 579 916 attulit
599 868 670 916 non
689 853 914 916 mediocrem.
932 850 1012 914 Duo
1025 860 1214 930 praeterea
1229 851 1340 930 pueri,
1357 869 1378 912 a
1391 849 1501 929 judai·

270 969 349 1020 smo
370 959 546 1037 conversi,
567 959 603 1021 in
623 958 848 1040 disciplinam
869 958 994 1020 traditi
1018 967 1100 1020 sunt
1125 956 1268 1020 nostris:
1295 967 1329 1019 et
1354 956 1505 1021 alterum

270 1064 309 1127 P.
332 1063 480 1128 Olavius
500 1082 621 1129 coram
641 1065 928 1146 Compostellano
948 1064 1130 1128 Cardinali
1147 1061 1154 1093 ¹
1178 1072 1212 1126 et
1230 1073 1304 1126 tota
1325 1079 1390 1126 sua
1404 1063 1503 1127 fami·

268 1172 318 1234 lia
333 1175 369 1234 in
386 1171 473 1236 aede
488 1169 547 1236 Sil
566 1171 690 1254 jacobi
704 1172 900 1252 baptizavit
913 1171 939 1230 ¹.
954 1171 1015 1234 Ad
1029 1170 1230 1234 haereticos
1245 1181 1365 1233 autem
1375 1171 1413 1233 in
1426 1171 1501 1234 vin·

260 1281 348 1340 cula
358 1277 540 1358 conjectos
556 1279 799 1344 adhortandos
813 1291 847 1342 et
861 1277 1089 1342 instruendos
1103 1277 1218 1340 nostri
1233 1277 1423 1358 aliquando
1439 1293 1500 1341 vo-

265 1385 340 1448 cati
355 1397 594 1448 accesserunt.

328 1490 378 1554 31.
422 1491 468 1554 Ut
483 1493 705 1556 xenodochia
726 1493 897 1571 omittam,
918 1489 1105 1569 inquibus
1124 1490 1240 1552 nostri
1254 1499 1290 1553 et
1309 1490 1501 1556 confessio-

265 1613 332 1660 nes
347 1597 535 1661 andierunt
550 1609 584 1661 et
600 1599 669 1662 alia
689 1599 875 1662 charitatis
898 1609 1008 1678 opera
1030 1596 1205 1674 obierunt;
1222 1598 1316 1677 quod
1336 1599 1445 1660 etiam
1463 1600 1501 1661 in

267 1705 418 1784 privatis
433 1706 606 1784 domibus,
621 1706 881 1786 aegrotantium
890 1715 1015 1783 eausa,
1029 1721 1094 1783 pro
1110 1721 1209 1768 more
1223 1703 1358 1767 iactum
1372 1717 1437 1767 est.

327 1811 377 1874 32.
421 1813 510 1877 Cum
532 1813 659 1876 domus
677 1823 799 1876 nostra
820 1824 944 1875 eorum
967 1811 1228 1874 multitudinem
1250 1827 1322 1874 non
1341 1821 1498 1892 caperet.

260 1933 355 1998 quos
370 1917 469 1982 Deus
483 1935 529 1982 ex
544 1919 656 1982 variis
670 1919 757 1982 locis
772 1919 818 1981 ad
832 1917 1048 1982 Societatem
1062 1916 1235 1996 mittebat,
1253 1919 1361 1981 etiam
1375 1919 1412 1980 in
1427 1935 1498 1982 ma-

261 2025 348 2103 gnis
367 2041 489 2089 rerum
508 2027 757 2106 temporalium
781 2025 1046 2089 difficultatibus
1068 2024 1268 2088 aedificium
1292 2026 1418 2088 domus
1437 2039 1497 2089 aa·

262 2133 421 2210 gendum
435 2131 512 2210 fuit;
525 2148 608 2196 nam
620 2133 823 2213 aliquando,
833 2133 881 2195 ad
894 2132 1078 2211 octoginta
1088 2132 1334 2209 ascendentes,
1350 2141 1450 2194 arcte
1462 2143 1497 2195 et

263 2239 490 2302 incommode
503 2239 722 2318 habitabam
744 2249 780 2302 et
799 2239 977 2320 posterior
991 2249 1077 2316 pars
1097 2238 1222 2301 domus
1242 2238 1439 2316 aedificata,
1458 2252 1496 2302 et

260 2345 350 2424 quia
365 2346 537 2408 cubiculis
553 2346 792 2425 superioribus
813 2354 847 2407 et
868 2345 1094 2409 inferioribus
1112 2345 1298 2424 instructa,
1320 2346 1495 2408 laxiorem

266 2461 303 2514 et
328 2451 603 2515 commodiorem
632 2452 887 2515 habitationem
913 2452 1046 2516 nostris
1070 2451 1177 2515 dedit.
1208 2448 1367 2515 Ecclesia
1395 2465 1494 2526 vero,

262 2574 358 2638 quae
373 2575 467 2620 anno
482 2557 720 2638 praecedenti,
739 2567 874 2622 mutato
894 2557 1006 2638 priori
1020 2559 1089 2621 situ
1104 2571 1147 2621 ac
1166 2558 1293 2637 forma,
1313 2558 1495 2622 aedificari

257 2674 444 2747 coeperat,
462 2675 499 2730 ut
514 2663 668 2729 diximus
683 2661 709 2744 ³,
727 2681 806 2729 cum
822 2665 995 2745 paulatim
1014 2681 1162 2745 surgere
1181 2665 1365 2746 inciperet,
1389 2670 1493 2747 quae·

262 2772 348 2835 dam
362 2772 496 2837 familia
511 2772 613 2835 nobis
632 2772 751 2835 vicina
771 2772 941 2835 nobilium
962 2789 1200 2851 romanorum,
1223 2773 1283 2835 ubi
1298 2771 1357 2852 jus
1376 2774 1493 2837 miuus

261 2876 451 2943 uidebatur
472 2876 673 2959 suflragari,
696 2880 800 2942 minis
819 2889 853 2942 et
873 2896 957 2942 ense
977 2880 1137 2943 districto
1159 2890 1284 2943 contra
1304 2880 1493 2961 quemdam

257 3004 310 3048 ex
323 2985 435 3049 labris
448 2986 713 3065 coementariis
728 2987 954 3049 occasionem
968 2988 1063 3051 dedit
1078 2986 1259 3066 cessandi;
1279 2996 1314 3050 et
1327 2987 1493 3067 quamvis

259 3092 425 3173 superari
438 3090 582 3156 fortasis
593 3093 682 3156 haec
698 3090 884 3157 difficultas
897 3104 931 3156 et
942 3094 1104 3158 molestia
1116 3095 1299 3175 potuisset,
1313 3094 1492 3157 existima-

261 3201 315 3263 vit
329 3200 371 3263 P.
387 3200 559 3279 IgnatiuS,
575 3201 644 3263 huc
664 3210 806 3280 sumpta
829 3202 1034 3279 occasione,
1060 3202 1106 3264 ab
1131 3200 1293 3265 aedificio
1318 3202 1377 3264 illo
1401 3201 1492 3264 desi·

257 3306 424 3370 siendum
439 3324 529 3386 esse,
547 3323 627 3370 cum
643 3306 679 3369 in
694 3306 746 3370 rei
760 3308 990 3386 pecuniariae
1005 3304 1208 3371 difficultate
1224 3323 1366 3387 magna,
1383 3308 1490 3372 etiam

258 3415 308 3478 ad
323 3414 458 3477 victum
483 3425 518 3477 et
540 3413 720 3493 vestitum,
746 3412 884 3476 Romae
909 3414 1024 3477 nostri
1048 3425 1291 3478 versarentur.
1318 3414 1387 3479 Sed
1412 3415 1489 3479 sine

257 3520 451 3584 occasione
466 3518 668 3600 hujusmodi
682 3536 754 3583 non
768 3520 911 3583 omnino
927 3518 1167 3583 intermissum
1187 3520 1386 3585 aedificium
1406 3519 1487 3586 fuis-

257 3638 325 3705 set;
342 3625 440 3690 Deus
455 3638 574 3690 tamen
590 3626 657 3690 bac
672 3628 810 3690 ratione
824 3644 1001 3709 expensas
1015 3644 1086 3691 non
1100 3629 1325 3691 necessarias
1338 3629 1384 3691 ad
1398 3629 1487 3693 luto·

258 3748 338 3798 rum
362 3734 536 3797 ecclesiae
554 3731 753 3796 aedificium
773 3732 849 3797 lieri
871 3734 1000 3814 vetuit3
1021 3750 1107 3797 nam
1130 3750 1219 3815 quae
1234 3736 1338 3798 tertio
1356 3738 1436 3798 loco
1451 3738 1488 3800 in

258 3841 402 3904 diverso
417 3840 488 3902 situ
503 3856 545 3903 ac
559 3838 685 3919 forma,
701 3850 781 3919 post
796 3842 996 3920 complures
1008 3858 1121 3905 annos
1132 3841 1299 3905 inchoata
1310 3854 1363 3905 est
1378 3844 1486 3907 eccle·

256 3948 324 4024 sia,
343 3948 387 4009 ab
401 3946 608 4010 Alexandro
630 3944 813 4025 Farnesio,
830 3944 1011 4011 Cardinali
1030 3948 1260 4028 amplissim0,
1284 3950 1339 4011 his
1359 3950 1488 4029 princi-

255 4054 327 4136 piis
341 4064 402 4117 aut
415 4053 653 4117 fundamentis
667 4072 739 4117 non
753 4054 981 4118 innitebatur.

317 4160 367 4224 33.
411 4158 489 4223 Hoc
505 4176 598 4223 anno
614 4160 784 4223 solarium
806 4160 1017 4241 conjunctae
1042 4163 1178 4238 domus
1205 4179 1312 4243 quam
1341 4164 1487 4228 Turrim

253 4268 427 4331 Rosciam
442 4279 585 4345 vocant,
602 4264 772 4347 [emptum
785 4267 852 4351 est]
868 4279 902 4332 et
922 4270 968 4332 ad
987 4269 1145 4333 infirmos
1158 4271 1339 4334 curandos
1354 4272 1487 4352 aliquot

252 4374 419 4439 cubicula
447 4372 609 4436 conlecta
633 4374 791 4453 luerunt;
818 4372 958 4438 officina
987 4376 1095 4439 etiam
1120 4376 1422 4457 pharmacopolae
1450 4380 1487 4442 in

253 4514 467 4526 W

297 4580 305 4612 Ι
334 4578 377 4625 Fr.
387 4579 499 4632 joannet
511 4579 625 4621 Ait-arez
635 4579 666 4622 de
677 4578 780 4633 Tuledo,
788 4578 818 4623 0.
830 4579 859 4622 P.

295 4653 308 4683 ¹
336 4651 381 4696 ide.
390 4652 432 4695 llic
443 4652 521 4694 habet
533 4651 690 4703 baptizalus
701 4654 748 4694 est.

295 4724 309 4756 ὅ
336 4723 498 4779 Supra,pag.
510 4722 543 4777 10,
554 4725 621 4765 n.ll.
