3717 5400
790 477 853 536 Art.
876 479 947 538 1555
1430 481 1483 541 113

242 645 328 692 esse
344 626 485 690 Patrem
506 628 601 690 hunc
621 625 828 701 Antonium,
845 624 944 688 etita
964 624 999 687 id
1014 623 1227 704 factumest,
1244 634 1279 688 et
1295 624 1370 706 ejns
1385 627 1481 704 loco,

250 746 291 798 ut
304 733 459 798 diximus
476 732 496 810 ¹,
513 732 552 796 P.
568 733 699 796 Loarte
714 733 856 796 missus

311 841 384 904 309.
426 840 599 921 Quamvis
613 851 649 903 et
663 840 707 904 de
725 841 803 920 ipso
815 839 827 870 ³
841 839 985 919 scripsit
996 839 1033 903 Ρ.
1051 839 1188 903 Natalis
1203 840 1297 920 quod
1313 841 1482 921 expedire

248 948 432 1029 judicabat
448 957 486 1012 ut
500 957 649 1011 vacaret
669 946 908 1011 addiscendae
926 946 1071 1026 linguae
1093 947 1233 1010 italicae
1254 957 1288 1010 et
1307 947 1483 1012 concioni·

251 1057 320 1120 bus
333 1057 393 1119 vel
411 1054 633 1133 lectionibus,
653 1072 720 1118 nec
734 1061 919 1118 exerceret
938 1051 1139 1133 Superioris
1154 1053 1317 1118 officium.
1339 1054 1483 1136 Alioqui

254 1163 428 1228 sentiebat
446 1162 523 1242 ipse
541 1161 635 1241 quod
656 1179 722 1224 nec
744 1161 812 1241 ipsi
834 1177 916 1223 cum
938 1159 976 1222 P.
998 1160 1150 1224 Violaeo
1170 1161 1361 1225 convenire
1380 1162 1484 1225 facile

253 1280 386 1350 posset3
402 1279 437 1333 et
448 1270 598 1349 ipsemet
612 1267 656 1331 D.
676 1269 817 1346 Loarte,
833 1255 938 1348 quen'r
958 1269 1159 1348 alloquutus
1179 1276 1256 1331 erat
1278 1267 1315 1331 P.
1334 1267 1483 1346 Natalis,

250 1377 398 1459 scripsit
411 1394 450 1439 se
464 1376 695 1439 libentissime
707 1383 821 1437 totum
832 1374 1055 1452 gubernandi
1066 1375 1249 1454 negotium
1261 1373 1486 1456 Superinten-

255 1484 351 1548 denti
366 1484 584 1559 relicturum,
600 1491 636 1545 et
650 1481 793 1544 lectioni
808 1498 850 1543 ac
873 1481 1130 1562 praedicationi
1150 1493 1374 1560 vacaturum,
1392 1483 1486 1563 quod

254 1593 383 1672 inipso
398 1599 503 1668 esset,
527 1606 609 1653 cum
628 1590 837 1669 praesertim
865 1588 1052 1668 quaedam,
1073 1606 1164 1669 quae
1184 1589 1259 1668 ipse
1281 1589 1415 1653 Romae
1430 1592 1487 1654 ob-

248 1699 394 1762 servari
416 1697 572 1775 viderat,
594 1695 638 1758 de
657 1696 904 1775 poenitentiis,
925 1695 1076 1773 scilicet,
1098 1694 1324 1777 injungendis
1342 1707 1488 1778 propter

254 1804 427 1881 delectus,
444 1821 527 1867 cum
540 1804 647 1866 vellet
661 1820 705 1864 ca
720 1801 868 1866 Genuae
890 1819 1071 1880 exercere,
1093 1802 1266 1867 intellexit
1280 1805 1374 1883 quod
1389 1803 1487 1868 Patri

258 1911 408 1976 Violaeo
422 1911 567 1974 minime
582 1911 618 1974 id
633 1911 800 1989 placeret,
824 1909 908 1990 quia
923 1927 962 1972 se
982 1909 1216 1990 poenitentias
1236 1928 1416 1991 nunquam
1437 1912 1489 1974 in·

249 2018 419 2099 ¹J‘unxisse
443 2015 622 2099 [dicebat],
646 2034 712 2080 nec
734 2016 779 2080 ad
794 2016 830 2079 id
853 2014 928 2097 ejus
950 2017 1106 2080 animum
1126 2017 1298 2093 inclinatu
1317 2027 1351 2080 et
1374 2019 1491 2082 obser·

259 2144 367 2191 vasse
388 2144 427 2189 sc
449 2124 592 2204 alioqui,
617 2124 751 2203 scribit,
777 2123 872 2204 quod
894 2124 1060 2209 libentius
1080 2134 1246 2204 praeerat
1266 2126 1363 2188 solus
1384 2143 1491 2206 quam

252 2211 342 2297 cum
357 2234 429 2297 alio
444 2231 468 2295 ³.

320 2339 391 2403 310.
435 2338 535 2402 Patri
555 2350 674 2402 tamen
694 2337 832 2418 ignatio
848 2339 967 2402 visum
982 2347 1046 2416 est,
1063 2347 1101 2402 ut
1123 2355 1226 2402 suum
1241 2339 1405 2418 officium,
1427 2340 1491 2404 sci·

261 2449 344 2511 licet
367 2445 543 2523 RectoriS,
571 2443 677 2508 Pater
702 2446 833 2509 Loarte
858 2455 1054 2522 exerceret,
1082 2456 1117 2509 et
1143 2446 1192 2508 ita
1218 2446 1253 2509 id
1277 2446 1371 2522 fecit,
1399 2455 1493 2527 post-

256 2551 395 2635 '[quam]
410 2553 546 2633 aliquot
566 2551 809 2616 hebdomadas
831 2553 866 2614 in
889 2552 1106 2615 addiscenda
1129 2553 1249 2616 italica
1272 2554 1394 2633 lingua
1414 2572 1494 2618 con-

254 2660 422 2741 sumpsit.
438 2657 530 2725 Nam
544 2660 575 2724 is
589 2669 804 2740 pervenerat
824 2657 989 2723 Genuam
1010 2659 1076 2723 sub
1097 2659 1235 2724 initium
1255 2659 1430 2740 Octobris,
1452 2661 1494 2724 si·

262 2770 336 2832 mul
351 2785 433 2831 cum
446 2767 540 2850 Julio
555 2765 670 2842 Fatio,
686 2776 722 2830 et
736 2767 816 2830 aliis
832 2766 952 2844 sociiS,
970 2767 1060 2830 inter
1073 2784 1162 2847 quos
1173 2776 1251 2830 erat
1265 2767 1303 2831 P.
1321 2768 1494 2849 Hierony-

263 2892 343 2940 mus
353 2874 511 2949 Bassius,
524 2874 676 2954 quicum
689 2872 836 2937 Genuae
849 2891 888 2937 se
900 2873 1145 2953 conjunxisset
1157 2892 1237 2937 cum
1249 2876 1422 2954 magistro
1435 2874 1495 2939 Pe·

262 2993 320 3046 tro
335 2981 472 3057 Canali,
489 2981 558 3044 hoc
572 2981 697 3044 eodem
712 2991 883 3045 autumno
898 2980 935 3044 in
952 2980 1106 3045 Galliam
1121 2982 1271 3061 profecti
1289 2992 1381 3045 sunt.
1400 2981 1498 3046 Inve-

263 3088 316 3152 nit
330 3098 449 3151 autem
471 3087 671 3167 Collegium
686 3106 728 3150 eo
751 3098 911 3167 tempore
926 3105 999 3151 non
1023 3089 1153 3150 multos
1172 3087 1306 3151 habens
1324 3088 1494 3166 lautores,

262 3196 429 3275 quamvis
443 3195 614 3274 paulatim
630 3195 689 3257 alii
704 3204 811 3275 atque
830 3195 890 3257 alii
905 3192 1079 3274 majorem
1099 3195 1382 3259 benevolentiam
1401 3196 1498 3259 exhi·

256 3302 348 3365 bere
362 3314 571 3381 coeperunt.

322 3407 395 3471 311.
440 3408 625 3473 Profectus
649 3409 765 3472 iuerat
787 3408 902 3472 Roma
927 3407 965 3471 P.
991 3408 1121 3471 Loarte
1148 3426 1229 3471 cum
1251 3411 1370 3491 aliqua
1392 3412 1500 3475 animi

261 3515 466 3595 afflictione;
482 3517 544 3579 sed
560 3534 641 3579 cum
654 3516 748 3579 Pisis
770 3516 805 3579 iu
822 3516 912 3579 mari
934 3517 1140 3595 perturbato
1155 3517 1359 3597 aliquandiu
1375 3518 1501 3581 substi-

262 3624 365 3687 tisset
380 3624 537 3701 (biduum
551 3624 687 3687 scilicet
707 3633 769 3687 aut
784 3622 965 3700 triduum),
986 3623 1070 3686 dum
1084 3624 1220 3703 legeret
1234 3624 1362 3687 librum
1383 3642 1501 3705 quem·

259 3729 511 3813 damJoannis
526 3730 685 3809 Climaci,
709 3732 843 3810 placuit
867 3730 1022 3794 Domino
1043 3729 1118 3811 ejus
1138 3732 1262 3794 oculos
1276 3732 1328 3793 sic
1349 3731 1501 3811 aperire,

260 3845 304 3902 ut
318 3838 414 3918 quod
427 3854 609 3918 nunquam
623 3840 660 3901 in
674 3837 751 3917 ejus
763 3846 917 3901 mentem
932 3846 1091 3916 venerat,
1104 3837 1148 3901 de
1160 3838 1380 3901 obedientiae
1392 3838 1499 3901 ratio-

262 3962 311 4007 ne
325 3944 377 4007 sic
391 3945 549 4023 sentiret,
566 3954 605 4007 ut
619 3962 742 4008 omnes
758 3944 836 4007 illas
848 3944 1015 4007 tristitiae
1026 3947 1138 4009 nubes
1150 3954 1184 4007 et
1196 3946 1406 4025 praeteritas
1418 3944 1502 4009 affli-

259 4050 402 4115 ctiones
421 4052 646 4132 ingaudium
668 4052 837 4116 eximium
857 4062 1097 4132 converteret;
1120 4063 1153 4115 et
1173 4054 1270 4116 clare
1292 4053 1509 4131 intelligeret

264 4156 304 4221 P.
319 4156 451 4237 Ignatii
464 4158 621 4221 animum
635 4175 722 4237 erga
736 4159 863 4239 ipsum,
881 4159 979 4239 quod
994 4159 1093 4239 prius
1107 4169 1318 4238 assequutus
1342 4176 1415 4222 non
1430 4158 1506 4222 sue·

262 4271 333 4339 rat;
349 4272 385 4327 et
398 4264 468 4327 hoc
481 4264 700 4343 beneficium,
716 4266 812 4345 quod
834 4266 869 4328 in
887 4266 980 4329 mari
1001 4266 1151 4346 accepit,
1173 4266 1204 4328 si
1223 4263 1398 4329 Dominus
1419 4283 1505 4329 con·

313 4574 322 4608 ¹
350 4573 443 4630 snpra,
454 4576 572 4631 pugilo,
582 4588 607 4621 u.
617 4577 667 4622 aot.

315 4646 328 4679 Ι
354 4645 434 4690 Patre
443 4644 551 4692 Loarte.

312 4716 326 4751 ὅ
353 4717 393 4763 De
401 4718 443 4763 bis
452 4720 614 4773 quaedamtn
623 4721 700 4767 Nova
711 4722 788 4767 Seria
796 4723 955 4766 litterarum
968 4721 1063 4767 Sancti
1074 4720 1182 4775 ignaru

437 4805 475 4862 Τ.
490 4824 521 4867 v.
