3717 5400
259 479 263 488 ·
340 437 394 509 136
795 441 923 499 Cursor«.
943 439 1023 498 Soc.
1044 439 1113 514 jas.

341 583 546 664 probandos
569 601 648 651 esse
672 585 770 666 prius
799 585 954 651 novitios
980 603 1088 666 quam
1113 585 1149 657 in
1172 585 1303 659 nostris
1327 584 1566 662 functionibus

342 691 581 772 occupandos.
596 691 636 757 ln
650 691 844 758 Castellum
860 690 869 722 ¹
893 692 1002 758 etiam
1020 691 1195 761 Ducissae
1216 708 1297 768 eum
1316 693 1374 761 rel
1391 691 1566 772 mittebat,

341 797 399 862 vel
413 815 534 865 secum
549 797 711 877 ducebat,
728 797 787 864 ubi
801 801 882 889 plus
897 815 1005 880 quam
1024 807 1165 876 centnm
1185 808 1219 862 et
1239 798 1367 878 viginti
1388 799 1567 869 sanctissi-

342 921 436 977 mam
465 903 748 979 communionem
775 915 1008 985 susceperunt
1040 904 1152 986 ipsius
1183 904 1358 973 Ducissae
1389 905 1563 986 exemplo.

344 1009 446 1081 Alios
460 1011 577 1086 etiam,
594 1011 730 1075 nobiles
745 1013 944 1092 plerosque,
960 1012 995 1077 in
1011 1013 1161 1076 ecclesia
1177 1021 1299 1081 nostra
1316 1011 1492 1083 audiebat.

401 1117 472 1183 385.
514 1117 664 1198 Accepit
679 1117 818 1184 iuterim
832 1120 845 1153 ⁸
859 1118 997 1189 litteras
1012 1136 1033 1182 a
1048 1129 1162 1185 matre
1176 1117 1270 1185 illius
1284 1117 1441 1184 doctoris
1455 1116 1565 1189 Fran·

343 1223 440 1303 cisci,
457 1242 545 1305 quas
560 1236 594 1288 et
609 1224 759 1288 Romam
772 1225 879 1289 misit.
900 1225 985 1291 Illae
1006 1233 1124 1295 antem
1143 1225 1211 1292 hoc
1234 1225 1471 1291 continebant:
1495 1225 1566 1304 pla·

226 1401 231 1407 ,
341 1348 424 1394 cere
438 1333 505 1396 sibi
515 1331 588 1411 jam
604 1333 787 1398 accedenti
802 1331 847 1396 ad
862 1344 1023 1410 mortem,
1043 1345 1079 1398 ut
1101 1333 1297 1414 Collegium
1319 1331 1489 1406 Anconae
1510 1331 1568 1400 fie-

345 1447 401 1501 ret
415 1457 459 1502 ex
474 1439 578 1507 bouis
597 1438 766 1502 Doctoris
784 1438 982 1518 Francisci,
1004 1457 1095 1520 quae
1117 1441 1175 1508 ille
1195 1440 1336 1505 dicebat
1357 1439 1402 1505 ad
1424 1455 1489 1502 sex
1511 1438 1569 1502 vel

346 1554 481 1632 septem
495 1547 603 1624 millia
626 1545 835 1613 ducatorum
856 1544 1065 1628 ascendere;
1090 1545 1345 1611 haereditatem
1368 1547 1474 1612 etiam
1496 1561 1567 1613 am·

342 1653 436 1732 plam
450 1653 496 1716 ad
511 1670 592 1717 eum
606 1653 839 1717 deventuram
853 1667 942 1727 esse,
960 1663 994 1718 et
1009 1654 1129 1721 omnia
1144 1653 1290 1724 arbitrio
1305 1651 1494 1722 Societatis
1510 1651 1568 1716 ille

344 1757 563 1845 subjiciebat,
579 1770 613 1823 et
630 1771 714 1824 vota
728 1761 887 1824 emittere
901 1760 1129 1841 properabat,
1145 1777 1236 1842 quae
1251 1761 1328 1840 ipso
1340 1760 1396 1822 die
1408 1759 1569 1834 Paschae

344 1867 471 1941 emisit,
488 1877 522 1929 et
537 1867 681 1934 omuino
696 1883 776 1930 cum
791 1865 1036 1933 aedificatione
1052 1883 1183 1946 magna
1198 1881 1352 1947 quatuor
1373 1883 1512 1942 meuses
1531 1865 1568 1930 in

344 1971 503 2053 Collegio
518 1972 740 2049 ferrariensi
754 1982 919 2041 versatus
935 1985 988 2038 est
997 1992 1005 2056 ;
1021 1990 1153 2053 magno
1169 1990 1249 2037 cum
1271 1972 1412 2040 fervore
1433 1971 1519 2037 conl
1556 2005 1567 2017 ·

345 2079 463 2147 siones
474 2079 651 2157 audiebat,
668 2090 703 2147 et
716 2078 858 2162 quidem
872 2078 918 2145 ad
933 2097 1013 2148 eum
1027 2079 1132 2144 fiebat
1147 2097 1342 2153 concursus
1353 2096 1426 2147 nou
1437 2077 1569 2145 medio·

341 2186 426 2265 cris,
442 2187 682 2268 praedicabat,
699 2186 862 2249 studebat
876 2197 911 2249 et
926 2203 1050 2253 verum
1066 2204 1104 2252 se
1120 2186 1324 2266 religiosum
1347 2185 1564 2266 ostendebam

345 2293 408 2363 sed
421 2293 510 2358 haec
524 2293 643 2356 omnia
657 2310 721 2374 per
737 2293 955 2374 hypocrisim
970 2303 1005 2358 et
1020 2293 1197 2360 fictionem
1212 2310 1290 2358 esse
1303 2293 1400 2359 sacta
1415 2309 1473 2356 res
1489 2292 1566 2372 ipsa

344 2400 474 2478 docuit,
490 2411 523 2462 et
539 2402 676 2464 litteras
686 2398 858 2464 confictas
869 2410 903 2464 et
914 2401 1061 2488 demum
1068 2402 1185 2465 omnia
1198 2400 1448 2483 commentitia,
1461 2399 1570 2467 etiam

342 2523 434 2586 quae
450 2509 485 2570 in
500 2506 680 2571 exercitiis
693 2506 934 2588 spiritualibus
945 2507 1090 2586 fecerat;
1104 2516 1138 2570 et
1151 2508 1278 2573 mirum
1291 2507 1325 2572 in
1337 2506 1481 2575 modum
1493 2503 1569 2585 ejus

344 2613 525 2694 ingenium
540 2631 583 2678 ac
595 2613 819 2680 devotionem
829 2614 867 2678 P.
878 2614 1037 2699 Joannes
1048 2613 1168 2694 Niger,
1182 2632 1287 2696 quem
1299 2614 1452 2681 diximus
1463 2613 1568 2701 paulo

343 2731 426 2788 ante
439 2720 451 2752 ⁸
465 2722 679 2801 defunctum,
696 2722 978 2788 commendabat.
996 2721 1066 2788 Sed
1081 2723 1149 2802 ille,
1165 2734 1267 2790 sexta
1288 2724 1345 2795 die
1364 2720 1466 2803 Muji,
1488 2738 1568 2792 cum

345 2826 383 2892 P.
400 2828 607 2892 Pelletarius
622 2830 668 2893 ad
681 2828 896 2911 Episcopum
915 2828 1115 2911 Ferrariae,
1137 2828 1181 2895 D.
1204 2829 1404 2910 Aloysium,
1428 2848 1466 2896 se
1486 2846 1567 2897 con·

343 2935 492 3021 tulisset,
520 2953 600 2999 cum
624 2954 679 3015 ea,
705 2953 796 3017 quae
817 2937 933 3016 potuit
957 2937 1158 3015 corradere,
1182 2937 1438 3027 praemisisset,
1463 2938 1568 3009 domo

346 3044 504 3106 recessit.
520 3042 667 3108 Mantua
682 3052 800 3108 autem
814 3043 952 3110 litteras
968 3042 1013 3105 ad
1027 3052 1170 3108 nostros
1194 3045 1347 3123 scripsit.
1371 3044 1416 3115 Et
1439 3061 1521 3117 cum
1545 3060 1567 3107 a

344 3148 549 3231 capuccinis
564 3150 779 3213 intellectum
794 3158 888 3213 esset
901 3150 996 3230 quod
1011 3166 1049 3213 se
1063 3160 1233 3233 tanquam
1245 3150 1289 3215 de
1300 3149 1475 3217 Societate
1487 3168 1569 3221 ven·

344 3255 483 3335 ditaret,
500 3274 542 3319 eo
557 3257 686 3321 missus
701 3265 755 3321 est
768 3256 940 3337 magister
955 3256 1166 3323 Ambrosius
1179 3255 1381 3336 Pollicious,
1394 3266 1433 3332 ut
1444 3258 1571 3326 saltem

348 3362 456 3428 libros
473 3360 738 3443 ‘recuperares
755 3372 789 3427 et
804 3381 885 3428 eum
905 3381 977 3429 non
996 3381 1075 3427 esse
1096 3364 1139 3427 de
1162 3362 1338 3429 Societate
1357 3364 1570 3449 declararet;

347 3468 496 3543 sednon
511 3470 656 3537 invenit.
673 3469 870 3536 Videbatur
884 3480 1005 3536 autern
1020 3470 1211 3537 verisimile
1224 3471 1320 3554 quod
1341 3479 1504 3561 apostata
1525 3471 1570 3541 ab

349 3577 466 3660 aliqua
481 3576 666 3660 Religione
680 3576 738 3640 hic
753 3593 847 3643 esset
865 3587 901 3640 et
922 3578 1016 3659 quod
1038 3576 1158 3657 libros,
1181 3576 1418 3651 concionandi
1437 3578 1568 3663 gratia,

348 3700 470 3752 secum
485 3685 609 3762 serret;
624 3701 708 3750 nam
723 3683 769 3749 ad
783 3684 1068 3749 concionandum
1081 3685 1228 3752 idoneos
1239 3686 1396 3769 elegerat
1406 3696 1442 3754 et
1453 3685 1571 3755 abstu-

342 3790 442 3857 lerat.

402 3898 473 3960 386.
516 3897 593 3961 Hoc
608 3914 703 3961 anno
717 3897 906 3961 Ferrariae
920 3898 1076 3981 Joannes
1091 3896 1252 3978 Baptista
1267 3898 1310 3961 de
1325 3898 1456 3981 Monte,
1472 3898 1570 3961 nobi·
1629 3944 1633 3953 .

348 4004 391 4067 lis
405 4002 656 4084 FerrariensiS,
672 4002 843 4068 Societati
857 4022 896 4067 se
910 4004 1058 4085 addixit,
1085 4006 1145 4092 qui
1168 4014 1291 4085 postea
1316 4005 1353 4068 in
1377 4004 1512 4072 Indiam
1534 4012 1569 4069 et

343 4108 515 4191 japonem
530 4112 660 4174 missus
674 4119 728 4174 est
743 4109 765 4171 ⁸.
779 4110 856 4174 Hoc
871 4110 1008 4189 eodem,
1021 4112 1191 4191 magister
1203 4109 1358 4192 Joannes
1370 4110 1567 4191 Tristanus,

382 4387 390 4419 ⁴
421 4386 589 4431 Consnndolo.
600 4387 668 4431 Vide
678 4400 765 4443 supra,
777 4398 794 4433 n
804 4400 841 4442 tv,
852 4400 915 4444 pag.
926 4390 961 4443 ⁶⁹,
972 4397 1060 4433 annot.
1072 4392 1089 4435 l.

382 4460 393 4489 ¹
421 4458 451 4502 P.
465 4458 630 4504 Pelletarius.

381 4529 393 4561 ⁸
420 4530 634 4583 Pandanam.

382 4605 393 4637 ⁴
422 4602 528 4649 Sclllcet
538 4604 626 4654 libros,
637 4613 765 4657 quoscum
776 4603 836 4647 allis
846 4604 923 4646 rebus
934 4608 1082 4645 corraserat
1093 4610 1119 4645 et
1130 4602 1261 4647 Mantuam
1272 4606 1452 4658 praemiserat.

382 4676 395 4709 ⁸
423 4676 490 4720 Vide
500 4674 630 4724 saccatur.
643 4673 713 4717 Hist.
726 4674 782 4719 Soc.
793 4676 859 4731 Jes..
869 4682 937 4727 part.
951 4684 976 4727 rr,
989 4674 1031 4717 lib.
1040 4686 1065 4721 r.
1078 4685 1101 4716 ιι.
1116 4674 1161 4729 179,
1173 4676 1215 4720 llb.
1229 4688 1321 4729 eumn.
1334 4678 1373 4721 146
1380 4682 1405 4724 et
1418 4676 1464 4733 rte.
