3717 5400
376 460 431 519 466
834 460 963 521 (3116611.
983 456 1061 517 Soc.
1081 458 1153 532 Jes.

376 608 536 686 utrisque
562 605 665 669 chari
693 606 864 669 accedere
887 603 1104 669 viderentur.
1129 604 1301 683 Religiosi
1325 604 1432 668 etiam
1459 602 1614 669 Ordinis

376 710 436 776 85¹
463 710 642 776 Dominici
662 722 697 776 et
716 710 775 777 S.¹¹
792 711 974 775 Francisci
994 718 1155 775 amanter
1175 710 1366 774 admodum
1386 721 1526 775 nostros
1546 728 1606 775 ex-

377 829 548 900 ceperunt
562 818 707 901 perinde
722 836 765 883 ac
779 817 920 897 fratres,
943 818 1037 899 quod
1052 835 1123 881 non
1144 818 1312 897 exiguam
1327 818 1613 885 consolationem

377 926 510 989 nostris
535 926 663 990 attulit.
683 927 795 990 Erant
813 926 926 988 nostri
945 942 1093 989 numero
1113 924 1314 1005 quindecim
1333 926 1391 988 vel
1412 923 1613 1005 sexdecim„

377 1034 541 1114 quamvis
560 1050 631 1098 non
646 1050 768 1097 omnes
784 1033 912 1096 ibidem
926 1040 1144 1096 manserunt.

439 1139 527 1204 1261.
571 1139 694 1219 Coepit
713 1140 844 1203 ibidem
869 1139 1074 1203 concionari
1094 1137 1132 1202 P.
1155 1138 1369 1202 Franciscus
1393 1137 1536 1217 Borgia,
1559 1155 1613 1203 ac-

376 1246 503 1311 deinde
517 1246 556 1311 P.
573 1247 803 1311 Bustamante
819 1246 827 1277 ·
842 1256 879 1310 et
895 1245 958 1310 Dr.
975 1244 1130 1318 Salinas;
1147 1246 1275 1309 mirum
1291 1246 1328 1309 in
1347 1244 1490 1308 modum
1509 1246 1615 1325 grati,

376 1370 499 1418 omnes
513 1353 667 1428 suerunt3
681 1364 716 1416 et
730 1363 830 1417 tanta
846 1364 923 1417 erat
934 1353 1053 1433 populi
1064 1353 1210 1431 laetitia,
1224 1360 1261 1414 ut
1272 1352 1400 1415 nimius
1411 1353 1614 1432 applausus.

375 1461 553 1524 timendus
566 1460 827 1541 quodammodo
847 1459 1045 1538 videretur;
1066 1458 1230 1539 quamvis
1252 1459 1411 1522 nonnulli
1429 1459 1599 1522 miraculo

375 1566 411 1630 id
425 1567 569 1645 dabant,
585 1567 712 1647 quibus
727 1567 848 1646 populi
858 1566 999 1629 factiosi
1010 1582 1129 1629 mores
1141 1565 1317 1645 perspecti
1329 1572 1442 1643 erant,
1456 1574 1490 1629 et
1505 1574 1544 1628 ut
1558 1567 1604 1631 ad

375 1673 539 1738 unionem
566 1673 753 1737 charitatis
776 1673 938 1736 homines
962 1673 1011 1736 illi
1028 1672 1198 1749 redirent,
1226 1690 1247 1734 a
1271 1671 1349 1735 Deo
1370 1670 1503 1735 factum
1524 1689 1602 1735 cen·

374 1780 500 1845 sebant
518 1791 557 1844 ut
576 1782 717 1860 utrique
733 1781 825 1859 parti
839 1781 888 1844 illi
904 1794 1022 1843 essent
1041 1779 1248 1859 gratissimi,
1271 1795 1332 1859 per
1352 1794 1440 1859 quos
1459 1789 1602 1860 possent

372 1888 465 1952 inter
480 1906 518 1951 se
533 1888 729 1952 conciliari.

437 1994 525 2059 1262.
568 1995 669 2059 Duas
682 1996 853 2059 lectiones
866 1995 1121 2075 grammatices
1133 1994 1513 2074 praelegendasnostri
1524 1994 1614 2059 Pla-¹

373 2104 513 2166 centiae
527 2112 747 2181 receperant,
764 2111 799 2165 et
813 2102 955 2166 tertiam
969 2100 1012 2165 de
1030 2102 1172 2165 casibus
1184 2102 1433 2165 conscientiae.
1451 2101 1599 2167 Decima

287 2288 290 2293 ,
373 2226 469 2273 nona
484 2226 571 2288 ergo
585 2208 798 2273 Novembris
812 2209 918 2273 lectio
934 2226 1081 2273 casuum
1091 2210 1126 2273 in
1139 2208 1345 2272 Cathedrali
1355 2210 1507 2273 ecclesia
1522 2227 1599 2273 coe·

372 2326 434 2396 pta
449 2326 502 2381 est
516 2335 538 2379 a
554 2315 709 2380 Doctore
724 2315 876 2394 Salinas,
893 2325 927 2381 et
943 2315 1054 2396 pridie
1069 2314 1144 2396 ejus
1159 2316 1227 2379 diei
1240 2315 1455 2381 christianae
1472 2316 1599 2380 doctri·

372 2440 441 2487 nae
455 2423 560 2487 lectio
574 2423 609 2485 in
625 2424 778 2502 quadam
792 2424 862 2487 alia
877 2423 1028 2486 ecclesia
1044 2422 1107 2487 fuit
1123 2434 1247 2502 coepta
1263 2422 1284 2484 ¹.

435 2528 524 2593 1263.
566 2528 656 2593 Cum
671 2539 791 2593 autem
804 2530 962 2609 religiosi
981 2528 1040 2594 S.¹¹
1059 2528 1254 2601 Dominici,
1276 2528 1372 2593 domi
1393 2546 1496 2607 suae,
1519 2546 1600 2593 con·

372 2636 543 2702 scientiae
557 2653 663 2700 casus
677 2636 783 2700 etiam
798 2637 1057 2716 preelegerent,
1080 2637 1246 2700 convenit
1263 2636 1353 2699 inter
1374 2636 1470 2715 ipsos
1485 2648 1520 2700 et
1541 2653 1600 2702 no·

371 2753 467 2807 stros
491 2752 529 2806 ut
554 2743 706 2806 diversis
731 2743 829 2807 horis
853 2743 1015 2806 diversas
1040 2745 1208 2808 materias
1230 2744 1460 2822 explicarent,
1477 2755 1512 2806 et
1533 2744 1599 2808 sibi

371 2851 492 2913 omnia
513 2860 637 2914 nostra
657 2849 850 2914 ministeria
871 2859 977 2928 grata
994 2867 1074 2912 esse
1094 2850 1267 2928 praedicti
1292 2850 1450 2928 religiosi
1468 2848 1599 2928 signifi-

371 2956 502 3022 cabant
518 2956 541 3021 ³.

434 3064 522 3128 1264.
565 3064 694 3129 Comes
708 3064 751 3127 de
767 3063 927 3144 Oropesa
942 3081 988 3126 ex
1007 3063 1138 3143 oppido
1158 3081 1222 3126 suo
1241 3063 1463 3128 Giarandilla
1483 3066 1515 3142 ⁴,
1535 3080 1595 3128 no·

371 3187 455 3235 vem
468 3173 580 3236 leucis
593 3171 775 3235 Placentia
789 3172 955 3250 distante,
972 3170 1026 3234 bis
1039 3181 1100 3234 aut
1116 3183 1169 3234 ter
1184 3189 1225 3232 eo
1241 3171 1386 3234 miserat
1407 3179 1443 3234 ut
1458 3170 1595 3234 videret

372 3295 419 3342 an
433 3279 548 3344 nostri
561 3279 780 3342 Placentiam
795 3278 912 3341 adhuc
928 3278 1123 3354 venissent,
1141 3285 1174 3340 et
1189 3293 1254 3340 suo
1268 3277 1411 3341 nomine
1427 3286 1572 3356 rogaret
1587 3275 1610 3308 ⁵·

369 3395 408 3450 ut
437 3386 546 3466 aliqui
575 3385 765 3465 adipsum
792 3384 1015 3448 accederent.
1045 3383 1260 3448 Laetabatur
1289 3384 1346 3446 ille
1374 3399 1596 3464 summopere

370 3491 465 3571 quod
488 3491 603 3554 nostri
627 3490 673 3554 ad
701 3488 777 3570 ejus
804 3489 975 3554 ditionem
1002 3507 1111 3571 prope
1140 3490 1396 3569 accessissent;
1425 3490 1489 3554 sed
1515 3506 1607 3560 cum,

367 3596 407 3661 Ρ.
437 3597 629 3662 Villanova
657 3614 729 3660 non
757 3608 879 3678 posset
906 3606 981 3660 tam
1008 3597 1078 3659 cito
1102 3595 1282 3658 Placentia
1309 3594 1497 3675 recedere,
1521 3596 1596 3677 ipse

368 3703 407 3767 P.
423 3703 637 3768 Franciscus
652 3704 783 3784 Borgia
798 3703 1055 3768 Giarandillam
1070 3719 1190 3766 mense
1208 3701 1402 3765 Novembri
1420 3703 1537 3781 venit,
1560 3713 1595 3768 et

367 3917 580 3927 ——-

410 4054 418 4084 ¹
446 4052 493 4095 “El
503 4051 532 4095 P.
542 4051 714 4097 Bmtamante
723 4051 874 4107 predicatum
883 4062 958 4097 como
972 4051 1086 4098 tamblen
1101 4052 1212 4106 algam
1227 4061 1304 4094 vectes
1318 4053 1341 4094 el
1356 4049 1436 4096 Scuto
1449 4049 1595 4097 Contraria

365 4135 398 4170 en
409 4126 434 4168 16
450 4122 599 4178 Cutednl..
614 4124 747 4179 Atouria,
763 4123 979 4168 caronoarstorta
994 4125 1027 4167 de
1040 4124 1068 4168 16
1081 4123 1223 4178 provincia
1233 4121 1267 4166 de
1281 4121 1385 4174 Tuledo,
1394 4122 1457 4168 Dec.
1467 4133 1548 4178 rnen.
1557 4135 1594 4176 tv,

370 4193 519 4250 :tlt-2¹32·

404 4269 417 4300 ⁸
443 4265 530 4310 “eada
539 4265 584 4310 116
594 4264 729 4318 explicabo
739 4265 767 4308 16
775 4264 895 4308 doctrina
903 4265 929 4308 el
939 4263 967 4311 P.
978 4263 1094 4308 Dionisio
1105 4263 1226 4317 quuez
1236 4275 1267 4308 en
1276 4275 1328 4308 una
1338 4265 1502 4322 6611661116..
1513 4266 1597 4312 Auca·
1607 4303 1608 4306 ,

364 4350 422 4392 ua,
430 4336 624 4382 ibid-Verum
633 4335 711 4389 inira,
726 4346 750 4379 11.
762 4335 822 4388 1166,
839 4336 967 4380 Polaticus
980 4337 1018 4379 alt
1032 4335 1100 4380 hunc
1111 4335 1213 4390 quldem
1228 4335 1362 4380 dominicis
1372 4343 1474 4382 tantum
1483 4336 1604 4384 61166116.

364 4411 455 4455 diebus
463 4409 566 4465 populo,
576 4407 657 4452 ulium
666 4418 730 4451 vero
740 4407 849 4452 tratrem
859 4406 972 4462 quotidie
980 4407 1068 4461 pueris
1078 4406 1222 4452 doctrinm
1230 4406 1400 4452 christianam
1410 4409 1596 4455 declarasse.—

366 4479 432 4525 Vlde
443 4481 521 4532 inira,
530 4491 554 4522 n.
566 4478 627 4522 1271.

404 4553 416 4584 ⁸
443 4551 510 4595 Vide
520 4561 607 4605 supra,
619 4557 638 4593 t.
648 4561 685 4606 11,
698 4561 758 4605 pag.
765 4550 815 4602 698,
825 4562 850 4592 n.
861 4549 922 4594 127³.

404 4626 415 4656 ⁴
443 4623 509 4668 Vide
521 4633 608 4677 supra,
618 4633 679 4676 pag.
688 4623 737 4675 tls,
748 4633 773 4665 n.
784 4621 843 4675 11111,
853 4632 881 4666 et
891 4628 910 4667 t.
920 4634 957 4675 11,
968 4633 1027 4676 pag.
1038 4621 1086 4677 591,
1099 4633 1121 4666 n.
1133 4622 1192 4668 tata.

404 4695 415 4725 ⁵
442 4693 728 4746 Msbabetrogarunt.
