3717 5400
390 407 445 468 tot
851 411 980 474 Canon.
1000 414 1077 474 Soc.
1103 415 1173 488 Jas.

455 554 543 619 1827.
586 555 686 621 Haec
698 575 819 622 mense
831 559 1021 624 Decembri
1036 561 1113 624 1553
1124 570 1305 624 transacta
1317 572 1410 624 sunt.
1423 561 1471 624 At
1482 560 1521 624 P.
1537 559 1625 624 Mel·

391 661 493 726 cbior
506 664 611 744 bona,
629 673 666 728 ut
687 666 852 746 diximus,
869 666 937 732 lide
956 685 1049 732 anno
1072 667 1159 747 1554,
1181 677 1220 732 ut
1239 676 1446 748 sequeretur
1465 668 1624 747 vestigia

392 768 430 832 P.
447 769 816 854 Francisci'Xaverii,
833 775 868 838 in
885 773 1076 858 'Japonem,
1099 785 1136 838 ut
1155 775 1418 857 praediximus,
1440 775 1630 854 proiectus

393 887 458 955 est,
484 887 519 940 et
545 878 611 942 sibi
635 879 813 944 substituit
837 881 873 944 in
898 879 997 946 india
1017 881 1056 946 P.
1082 881 1328 946 Baltbasarem
1348 879 1454 955 Diaz,
1479 891 1623 946 etcum

393 983 642 1048 admoneretur
659 985 806 1050 Cocbini
827 1006 847 1051 a
863 987 900 1052 P.
926 989 1119 1052 Francisco
1137 987 1265 1066 Perez,
1282 989 1376 1069 quod
1391 987 1516 1051 electio
1531 989 1625 1051 eele-

393 1090 531 1155 branda
554 1104 631 1155 etat
656 1104 694 1158 ut
719 1111 799 1157 cum
825 1097 983 1174 legitima
1008 1095 1220 1160 auctoritate
1243 1113 1300 1159 res
1324 1097 1624 1175 transigerentur,

393 1197 452 1261 ille
467 1198 489 1277 ¹,
502 1199 563 1278 qui
577 1216 657 1264 cum
672 1203 786 1282 prima
800 1203 1052 1266 commoditate
1066 1202 1268 1266 Malacbam
1282 1202 1518 1281 navigaturus
1531 1205 1625 1278 erat,

394 1321 461 1368 nec
475 1317 667 1386 expectare
682 1309 866 1373 commode
881 1319 1033 1391 poterat,
1050 1309 1150 1389 dixit,
1166 1311 1198 1373 si
1216 1327 1259 1374 eo
1280 1327 1374 1372 anno
1389 1308 1628 1372 Prouincialis

395 1429 441 1474 ex
455 1411 599 1493 Europa
614 1431 685 1478 non
700 1416 910 1496 mitteretur,
927 1427 965 1480 ut
978 1416 1057 1498 ipsi,
1075 1419 1135 1498 qui
1150 1417 1188 1480 in
1201 1415 1300 1480 India
1318 1416 1525 1494 manebant,
1540 1433 1625 1478 con-

395 1532 632 1598 gregarentur
648 1533 682 1584 et
697 1525 868 1603 eligerent
889 1523 1152 1588 Provincialem
1171 1541 1276 1604 quem
1296 1525 1438 1602 vellent,
1461 1523 1518 1587 cui
1532 1539 1570 1586 se
1585 1522 1632 1584 11-

396 1625 520 1690 beuter
536 1629 759 1694 obediturum
773 1629 872 1694 dixit.

458 1732 546 1797 1828.
589 1733 714 1800 Nullus
734 1749 852 1801 autem
872 1736 1108 1801 Prouincialis
1126 1755 1170 1800 eo
1189 1755 1283 1800 anno
1303 1737 1401 1800 venit
1419 1738 1454 1800 in
1475 1735 1626 1814 indiam,

395 1855 461 1903 nec
486 1842 594 1905 etiam
618 1844 779 1922 sequenti
803 1861 896 1906 anno
922 1844 1010 1923 1555;
1036 1845 1200 1924 quamvis
1224 1844 1379 1908 enimin
1403 1842 1626 1922 Portugallia

393 1944 467 2025 jam
482 1949 667 2013 constabat
683 1951 726 2013 de
743 1962 856 2014 morte
870 1951 909 2014 P.
925 1951 1124 2032 Francisci,
1139 1968 1220 2015 cum
1234 1952 1364 2014 elassis
1382 1949 1626 2031 proficiscere-

337 2103 339 2108 .
395 2063 453 2116 tur
468 2055 624 2120 nondum
639 2055 676 2121 P.
698 2058 856 2138 ignatius
872 2058 1132 2122 Provincialem
1147 2075 1358 2140 quemquam
1372 2060 1544 2138 elegerat;
1561 2057 1627 2120 sed

395 2159 435 2222 P.
452 2158 568 2226 Miron
583 2165 725 2244 scripsit
741 2165 776 2229 in
792 2168 993 2246 proximum
1010 2183 1143 2230 annum
1160 2165 1362 2246 exspectari
1377 2165 1469 2227 hanc
1485 2165 1624 2227 electio·

395 2285 478 2332 nem
493 2286 514 2331 a
529 2269 567 2334 P.
585 2271 722 2352 ignatio
738 2275 794 2336 vel
810 2273 1114 2339 confirmationem
1129 2272 1215 2354 eJus,
1232 2273 1293 2354 qui
1306 2273 1447 2335 interim
1460 2289 1481 2334 a
1492 2271 1631 2334 nostris

396 2375 432 2439 in
447 2375 547 2440 India
559 2377 660 2459 juxta
680 2380 835 2445 Litteras
854 2381 1084 2463 Apostolicas
1105 2383 1237 2445 electus
1256 2388 1351 2442 esset
1369 2381 1391 2441 ¹.
1413 2378 1629 2442 Admonitus

397 2499 484 2564 ergo
500 2485 544 2548 ab
559 2487 614 2548 bis
629 2485 805 2560 Patribus,
822 2491 882 2569 qui
896 2489 965 2553 hoc
981 2506 1074 2552 anno
1089 2489 1125 2553 in
1140 2488 1276 2551 Indiam
1291 2496 1474 2563 venerant,
1492 2483 1531 2547 P.
1546 2483 1628 2547 Bal·

397 2592 522 2656 thasar
536 2594 753 2673 significavit
768 2597 915 2675 nostris,
933 2597 993 2678 qui
1008 2598 1044 2660 in
1063 2597 1174 2659 variis
1195 2595 1315 2658 Indiae
1335 2593 1522 2674 praesidiis
1541 2591 1624 2654 resi·

396 2700 537 2778 debant,
554 2712 592 2764 ut
606 2702 636 2764 si
650 2703 701 2765 eis
720 2705 902 2768 videretur
921 2706 1128 2768 electionem
1147 2703 1280 2767 factam
1298 2703 1428 2766 bonam
1447 2717 1537 2778 esse,
1554 2716 1629 2761 non

397 2808 627 2871 convenirent
643 2808 769 2889 Goam3
787 2811 817 2873 si
832 2821 950 2874 autem
964 2811 1157 2891 legitimam
1177 2827 1247 2873 non
1268 2826 1346 2871 esse
1364 2808 1627 2882 existimarent,

397 2921 435 2975 ut
449 2914 692 2992 convenirent,
710 2918 768 2979 vel
786 2934 850 2980 sua
866 2916 1040 2997 suffragia
1059 2916 1104 2979 ad
1119 2932 1250 2979 novam
1267 2914 1476 2977 electionem
1495 2912 1626 2976 facien·

398 3017 481 3081 dam
501 3020 691 3085 mitterent.

461 3126 549 3189 1829.
591 3128 712 3208 Aliqui
727 3146 814 3209 ergo
835 3148 958 3194 eorum
978 3140 1163 3205 venerunt,
1185 3131 1276 3193 inter
1295 3144 1385 3209 quos
1404 3127 1545 3191 luerunt
1563 3125 1630 3190 Pa·

398 3244 471 3295 tres
486 3233 654 3298 Nicolaus
669 3236 872 3300 Lancilotus
888 3246 922 3300 et
937 3236 1150 3301 Franciscus
1163 3235 1286 3310 Perez;
1304 3235 1365 3297 alii
1380 3251 1444 3298 sua
1459 3233 1631 3313 suffragia

401 3341 436 3403 in
454 3341 596 3421 scriptis
615 3342 797 3407 miserunt.
820 3344 1058 3423 congregatis
1072 3360 1159 3422 ergo
1175 3343 1241 3421 nis,
1258 3342 1319 3422 qui
1339 3342 1375 3404 in
1392 3340 1490 3404 india
1509 3358 1629 3404 versa·

398 3448 538 3522 bantur,
555 3466 637 3513 cum
651 3450 741 3528 aliis,
758 3449 817 3529 qui
832 3468 878 3513 ex
892 3450 1038 3531 Europa
1059 3451 1279 3513 advenerant
1293 3448 1361 3512 hoc
1380 3464 1487 3525 anno,
1509 3448 1628 3511 decre·

399 3565 527 3619 verunt
542 3556 578 3619 in
600 3557 724 3636 primis
743 3555 1005 3621 Provincialem
1025 3574 1103 3621 esse
1123 3556 1334 3637 eligendum,
1352 3572 1398 3618 ne
1419 3556 1496 3617 sine
1513 3554 1634 3635 capite

399 3679 442 3724 ea
462 3674 555 3726 esset
570 3661 771 3742 Provincia,
788 3674 822 3727 et
837 3674 875 3727 ut
893 3664 1122 3728 facultatibus
1141 3663 1310 3727 Societati
1327 3662 1509 3725 concessis
1527 3663 1577 3724 uti
1594 3670 1633 3723 et

401 3769 481 3832 aliis
496 3786 557 3832 eas
572 3772 835 3834 communicare
850 3780 981 3851 posset.

463 3874 551 3939 1830.
594 3876 727 3941 Actum
738 3876 803 3940 fuit
814 3878 850 3940 in
862 3876 1149 3957 Congregatione
1160 3896 1206 3940 an
1218 3877 1634 3941 canoniceelectusesset

401 3982 441 4046 P.
458 3982 639 4061 Melcbior,
657 3993 691 4047 et
705 4001 915 4064 responsum
927 3993 981 4047 est
996 4002 1067 4048 uon
1079 3984 1189 4049 fuisse
1202 3984 1411 4048 canonicam
1425 3983 1635 4046 electionem

402 4091 447 4153 ob
468 4091 632 4169 superius
652 4090 766 4155 dictas
786 4092 956 4155 rationes.
979 4090 1132 4155 Petitum
1157 4102 1211 4155 est
1235 4090 1362 4155 deinde
1386 4090 1446 4172 qui
1465 4089 1636 4152 deberent

403 4197 533 4262 habere
559 4196 769 4278 suffragium
795 4197 840 4261 ad
863 4200 955 4261 bane
980 4199 1184 4278 eletionem,
1209 4198 1495 4279 quandoquidem
1512 4214 1579 4260 nec
1598 4198 1636 4260 in

401 4304 546 4368 Litteris
561 4305 780 4386 Apostolicis
794 4323 860 4369 nec
882 4306 918 4369 in
933 4305 1252 4370 constitutionibus
1269 4304 1459 4386 quicquam
1478 4322 1520 4367 ea
1539 4305 1576 4367 in
1597 4321 1641 4369 re

445 4582 454 4617 ¹
483 4582 511 4626 P.
523 4580 647 4626 Melchior
658 4582 745 4627 Nullez

443 4652 456 4685 ¹
482 4652 528 4699 Mn.
540 4656 588 4698 est.
