3717 5400
700 544 706 553 .
779 500 843 560 Aa.
866 502 937 562 raas
1416 480 1474 558 aa

241 647 290 710 de·
305 645 437 710 Torres
458 664 539 711 cum
560 648 714 729 quodam
735 647 847 713 iratre
862 648 960 711 socio
978 646 985 679 ¹
1007 658 1040 712 et
1056 648 1193 711 duobus
1205 634 1468 727 japon'ensibuS,

240 755 300 835 qui
309 754 416 818 etiam
426 754 740 834 concionabantur3
750 765 785 819 et
794 756 980 837 plusquam
994 748 1063 819 duo
1075 756 1183 819 millia
1196 754 1471 819 christianorum

240 860 357 929 Deum
372 862 420 925 ibi
431 860 506 941 jam
521 862 695 926 colebant.

246 992 253 1003 ·
300 968 391 1033 2oe3.
435 970 550 1049 Bungi
566 970 675 1034 etiam
689 968 767 1033 Rex
782 970 900 1050 situm,
918 980 956 1034 ut
977 968 1346 1052 superius¹diximuS,
1367 967 1471 1031 dede·

240 1084 308 1155 rat,
331 1076 391 1140 ubi
412 1075 554 1139 domum
577 1086 612 1141 et
633 1077 820 1141 ecclesiam
842 1077 1086 1157 aedificarunt,
1111 1077 1169 1141 ubi
1194 1077 1288 1140 mille
1314 1084 1348 1139 et
1373 1062 1471 1155 quin-

240 1183 339 1261 genti
354 1182 399 1245 ad
415 1182 595 1247 Christum
617 1186 783 1248 conversi
805 1195 918 1261 erant,
944 1185 1003 1266 qui
1025 1183 1158 1247 assidui
1180 1192 1281 1247 erant
1303 1183 1339 1245 in
1361 1180 1469 1244 Missa

240 1288 416 1353 audienda
431 1300 465 1352 et
479 1290 757 1371 praedicatione,
773 1308 865 1371 quae
880 1292 1037 1371 quotidie
1048 1290 1169 1365 fiebat3
1184 1299 1218 1354 et
1229 1289 1415 1354 dominicis
1426 1303 1472 1351 ac

240 1396 340 1462 iestis
354 1395 477 1459 diebus
492 1396 618 1461 domus
632 1398 701 1462 illis
714 1400 819 1480 plena
834 1408 923 1476 erat,
941 1396 1000 1480 qui
1015 1414 1073 1461 res
1086 1397 1329 1476 intelligebant
1341 1404 1375 1458 et
1387 1394 1471 1457 assi·

241 1503 301 1567 dui
316 1514 418 1566 erant
433 1500 493 1584 [et]
509 1504 597 1567 mire
612 1522 699 1586 prae
718 1506 796 1569 aliis
817 1506 1059 1586 proficiebant.
1083 1504 1127 1568 Et
1147 1504 1184 1568 hi
1202 1504 1277 1569 iere
1295 1518 1469 1583 pauperes

240 1617 352 1688 erant,
369 1618 404 1672 et
425 1626 577 1689 capaces
597 1621 904 1677 sacramentorum
923 1612 1198 1676 inveniebantur
1219 1628 1261 1673 ac
1282 1625 1401 1672 rerum
1421 1608 1468 1671 di·

241 1717 406 1780 vinarum
421 1718 741 1797 intelligendarum;
758 1720 936 1800 principes
947 1720 1016 1783 viri
1028 1737 1099 1783 non
1110 1719 1215 1782 facile
1230 1717 1276 1781 ad
1291 1716 1469 1781 Christum

242 1824 554 1902 convertebantur,
571 1842 660 1905 quos
670 1826 758 1889 vitia
770 1827 900 1906 ligatos
913 1828 1091 1903 tenebant,
1106 1842 1147 1889 ac
1162 1825 1312 1889 daemon
1326 1839 1468 1904 persua·

241 1940 338 1993 serat
351 1940 432 2011 post
447 1932 558 1995 vitam
572 1932 666 1995 hanc
680 1933 788 1996 aliam
806 1935 1067 2015 expectandam
1089 1949 1161 1996 non
1176 1948 1264 1995 esse.
1281 1932 1326 1995 Et
1348 1947 1468 2012 quam·

239 2038 296 2101 vis
319 2037 403 2101 dum
428 2039 576 2103 verbum
600 2038 668 2102 Dei
696 2039 897 2119 audiebant,
923 2040 1105 2103 contraria
1134 2040 1215 2103 huic
1244 2036 1466 2119 persuasioni

241 2144 495 2225 intelligebant,
522 2146 643 2211 mundi
668 2164 780 2227 amor,
804 2165 909 2229 quem
934 2148 1068 2211 nullum
1092 2142 1337 2210 adversarium
1362 2144 1467 2208 habe·

241 2252 328 2314 bant
342 2250 365 2329 ¹,
381 2269 443 2315 eos
457 2254 671 2317 retrahebat.
1125 2242 1131 2254 ¹

299 2358 392 2423 2034.
435 2358 553 2441 Reges
575 2361 642 2441 ipsi
664 2362 793 2427 horum
812 2380 1005 2443 regnorum
1027 2364 1160 2426 nostris
1183 2359 1467 2424 benevolentiam

241 2464 466 2545 exhibebant;
487 2477 523 2530 et
544 2476 617 2531 tam
633 2486 695 2533 eos
716 2486 823 2549 quam
843 2471 944 2549 alios,
965 2471 1025 2551 qui
1047 2470 1205 2551 ipsorum
1228 2469 1307 2531 loco
1329 2465 1469 2547 populis

241 2573 407 2651 regendis
428 2586 629 2654 praeerant,
652 2576 806 2641 invisere
825 2578 933 2641 certis
949 2576 1158 2659 quibusdam
1171 2572 1388 2656 temporibus
1402 2587 1468 2653 pro

241 2695 339 2744 more
355 2682 472 2760 gentis
484 2701 572 2763 opus
586 2693 674 2748 erat.

300 2787 391 2852 2035.
434 2788 561 2854 Modus
583 2794 830 2871 concionandi,
851 2811 922 2874 quo
945 2792 1045 2856 initio
1065 2791 1177 2856 nostri
1198 2790 1387 2854 utebantur
1408 2805 1468 2851 an·

241 2905 386 2977 tequam
399 2897 558 2978 linguam
572 2899 730 2979 ipsorum
745 2900 982 2978 addiscerent,
999 2901 1056 2963 hic
1067 2908 1156 2963 erat:
1172 2907 1210 2962 ut
1222 2916 1268 2961 ex
1278 2897 1368 2961 libro
1384 2911 1469 2977 quo·
1494 2953 1497 2960 .

242 3004 325 3067 dam
347 3004 383 3067 in
405 3004 563 3084 ipsorum
590 3007 723 3086 lingua,
740 3007 802 3070 sed
822 3007 1088 3071 characteribus
1107 3006 1239 3069 nostris
1253 3003 1467 3082 conscripto,

242 3127 312 3189 quo
328 3111 459 3176 Christi
480 3113 556 3175 vita
575 3113 832 3190 continebatur,
856 3131 940 3194 pars
960 3115 1078 3194 aliqua
1096 3113 1148 3176 eis
1168 3112 1433 3192 praelegeretur
1443 3105 1466 3168 ⁴.

242 3215 311 3281 Sed
323 3216 396 3298 jam
411 3219 480 3282 hoc
494 3236 588 3282 anno
603 3220 838 3300 Evangelium
847 3220 1033 3284 dominicis
1044 3229 1079 3283 et
1092 3219 1192 3282 sestis
1206 3217 1331 3281 diebus
1345 3217 1396 3280 eis
1410 3231 1469 3278 ex·

241 3325 440 3404 plicabatur
451 3323 474 3405 ³,
491 3344 641 3408 quorum
656 3327 817 3391 doctrina
834 3343 1050 3407 magnopere
1070 3326 1123 3389 eis
1141 3323 1340 3390 hominibus
1354 3323 1468 3403 place·

241 3432 314 3510 bat,
330 3433 429 3496 etita
449 3432 594 3498 fraudes
613 3444 647 3498 et
669 3451 809 3498 errores
830 3449 977 3497 suarum
992 3442 1170 3496 sectarum
1192 3431 1228 3494 in
1250 3429 1326 3492 dies
1343 3427 1469 3492 melius

242 3539 498 3618 percipiebant.

301 3644 392 3710 2036.
437 3646 646 3711 Doctrinam
662 3664 749 3728 ergo
765 3648 935 3711 moralem
952 3646 1062 3711 irater
1078 3656 1199 3710 noster
1220 3647 1376 3730 Joannes
1389 3641 1472 3706 Fer·

205 3838 209 3846 μ
242 3753 379 3817 nandez
394 3754 505 3817 variis
519 3755 556 3817 iu
570 3755 657 3817 iocis
671 3755 746 3817 suis
758 3754 990 3818 concionibus
1005 3753 1221 3830 declarabat3
1236 3762 1270 3814 et
1286 3761 1359 3814 tam
1374 3748 1472 3813 lami·

242 3860 368 3924 liarem
382 3860 448 3923 sihi
467 3861 600 3924 lecerat
616 3859 864 3941 japonensium
885 3862 1046 3940 linguam
1064 3869 1126 3924 aut
1141 3860 1257 3940 magis
1272 3875 1378 3941 quam
1393 3873 1472 3938 pro·

243 3967 370 4048 priam.

303 4072 393 4138 2037.
437 4073 540 4138 Alius
554 4074 782 4138 etiamsrater
794 4082 926 4154 noster,
943 4073 1134 4168 Eduardus
1146 4073 1188 4136 de
1200 4071 1322 4152 Sylva,
1335 4069 1474 4135 concio·

284 4314 294 4350 Ι
320 4315 445 4361 Eduardo
456 4317 487 4360 de
497 4315 579 4362 Silva.
590 4313 986 4370 videaupre.t.1v,png.67s.n
1002 4313 1064 4360 1156.

280 4387 293 4421 ¹
320 4389 348 4432 Τ.
360 4399 398 4439 ru.
408 4399 468 4444 pag.
479 4389 528 4441 116,
538 4400 555 4432 n
575 4387 712 4434 lilia-ide.
721 4388 802 4432 hehet
818 4387 947 4443 insertus.

280 4461 293 4494 ⁸
320 4459 389 4515 Seii,
404 4472 479 4516 quem
493 4463 600 4512 nulium,
615 4461 632 4505 i.
647 4473 670 4506 e.
685 4461 781 4505 nullius
791 4459 915 4504 momenti
926 4461 1093 4515 reputabunt3
1103 4471 1178 4514 quem
1193 4470 1243 4503 non
1252 4465 1280 4504 ut
1294 4457 1474 4504 adversarium

241 4533 386 4577 habebant.

281 4606 295 4638 ⁴
320 4603 388 4648 Vide
398 4615 487 4659 rupta,
497 4611 517 4648 t.
527 4615 564 4657 ιν,
575 4613 636 4658 pag.
645 4602 693 4656 671,
704 4614 729 4647 n.
740 4601 801 4648 1150.

282 4675 295 4710 ⁸
321 4675 522 4730 Intelligendum
537 4687 569 4720 ex
583 4677 750 4732 sequentibus
764 4677 869 4720 ridetur
885 4675 1084 4731 explicationem
1098 4675 1165 4720 hanc
1180 4673 1236 4720 deri
1251 4675 1393 4730 incoepisse
1406 4685 1423 4718 ι
1433 4685 1478 4719 no·

241 4748 306 4794 utris
315 4748 405 4803 lingue
412 4748 534 4804 jepoaice
544 4755 571 4794 et
580 4748 644 4793 viva
654 4760 717 4792 voce
727 4749 897 4802 loquentibus.
