3717 5400
842 490 905 548 Au.
928 489 998 548 1555
1496 484 1536 542 23

302 645 491 715 praeterea
507 633 709 713 theologiae
725 636 956 715 professores,
973 644 1007 696 et
1030 644 1103 696 tam
1126 633 1227 695 multi
1244 631 1316 712 jam
1340 632 1386 694 ad
1408 647 1533 694 omues

304 741 523 805 accedebant
538 739 738 819 facultates,
755 759 836 804 cum
851 751 884 804 et
901 744 1073 804 lectorum
1088 739 1239 803 eruditio
1255 747 1290 802 et
1310 739 1530 816 publicarum

303 847 582 926 disputationum
598 847 805 911 exercitatio
820 863 989 928 magnam
1005 846 1252 910 auctoritatem
1272 845 1423 924 collegio
1445 861 1530 907 nun-

303 954 415 1017 ciaret
433 952 453 1030 ¹,
470 964 508 1016 ut
523 953 746 1017 Universitas
760 953 934 1032 Romana,
948 972 1054 1034 quam
1067 953 1288 1033 Sapientiam
1300 960 1443 1029 vocant,
1456 954 1531 1014 nul·

304 1063 377 1124 lum
403 1077 508 1141 posse
529 1061 716 1125 detrahere
737 1061 947 1141 discipulum
969 1061 1101 1124 nostris
1125 1060 1257 1123 scholis
1280 1058 1472 1136 videretur;
1495 1069 1531 1120 et

303 1169 466 1246 exemplo
480 1167 633 1246 collegii,
651 1168 710 1230 alii
725 1168 882 1247 religiosi
898 1167 1014 1230 studia
1031 1167 1233 1245 diligentius
1248 1165 1351 1228 solito
1374 1174 1531 1227 tractare

303 1282 507 1354 coeperunt.
523 1273 728 1337 invisebant
742 1285 860 1338 autem
876 1275 1064 1353 collegium
1083 1285 1244 1336 nostrum
1268 1272 1377 1352 legati
1396 1270 1516 1334 Princi

303 1396 398 1459 pum,
412 1388 450 1442 ut
461 1378 702 1460 imperatoris
716 1379 824 1461 Regis
836 1380 990 1461 Angliae
1001 1393 1036 1444 et
1048 1380 1253 1444 Lusitaniae
1263 1386 1285 1456 ²,
1302 1379 1412 1458 aliqui
1422 1378 1530 1440 etiam

302 1485 523 1566 CardinaleS,
540 1487 600 1568 qui
613 1487 851 1568 pronuntiatis
861 1488 1078 1552 carminibus
1093 1488 1129 1550 in
1141 1487 1318 1550 actionem
1329 1485 1528 1564 gratiarum

304 1593 585 1673 excipiebantur,
613 1603 648 1657 et
673 1595 878 1658 amicissimi
901 1603 937 1656 et
962 1611 1049 1673 erga
1070 1592 1258 1671 collegium
1282 1592 1389 1655 valde
1410 1590 1526 1653 affecti

301 1699 524 1762 recedebant.

362 1804 412 1868 36.
457 1806 501 1869 Et
517 1823 596 1869 cum
611 1807 678 1870 hoc
694 1816 850 1888 tempore
867 1825 924 1870 res
944 1807 1143 1887 perturbari
1162 1805 1296 1869 Romae
1316 1805 1527 1884 coepissent,

305 1912 518 1992 conscriptis
533 1913 701 1976 militibus
715 1915 846 1993 multiS,
865 1915 991 1995 quibus
1011 1915 1180 1994 expulsus
1195 1923 1248 1976 est
1268 1929 1289 1974 a
1311 1929 1376 1974 sua
1395 1911 1527 1974 ditione

301 2017 476 2082 Dominus
490 2018 632 2082 Marcus
645 2020 824 2084 Antonius
838 2021 1012 2085 Columna
1022 2020 1045 2100 ³,
1062 2031 1097 2084 et
1111 2019 1243 2101 aliquid
1258 2019 1405 2082 ulterius
1419 2018 1528 2080 etiam

301 2125 461 2188 nonnulli
476 2127 758 2206 suspicabantur;
775 2129 1002 2191 nihilominus
1015 2128 1129 2191 nostri
1143 2126 1270 2190 studiis
1283 2125 1383 2205 pacis
1397 2141 1527 2187 vacan-

302 2245 370 2310 teS,
387 2231 471 2294 dum
486 2231 601 2294 studia
617 2243 786 2296 autumno
808 2232 912 2313 hujus
935 2234 1020 2297 anni
1040 2242 1267 2311 renovarent,
1288 2243 1369 2295 octo
1390 2231 1528 2293 dierum

300 2338 557 2418 disputationes
572 2339 615 2403 de
630 2340 741 2403 variis
756 2341 958 2420 theologiae
973 2351 1008 2404 et
1022 2341 1264 2421 philosophiae
1279 2339 1385 2402 rebus
1402 2349 1528 2400 nostro

299 2445 336 2507 in
354 2446 484 2525 templo
501 2445 746 2526 defenderunt,
764 2448 1003 2528 compluribus
1018 2447 1280 2524 Cardlualibus,
1297 2445 1470 2508 Praelatis
1483 2461 1528 2506 ac

303 2551 382 2614 aliis
396 2551 574 2631 primariis
590 2553 678 2616 viris
693 2555 949 2633 praesentibus,
966 2571 1046 2617 cum
1061 2555 1104 2617 de
1123 2553 1334 2632 theologicis
1347 2560 1527 2630 ageretur,

302 2675 367 2721 sex
382 2658 477 2722 enim
492 2675 536 2721 ex
552 2657 662 2724 Sacro
678 2661 827 2741 collegio
843 2661 1090 2740 interfuerunt,
1106 2660 1197 2724 inter
1211 2675 1300 2739 quos
1314 2669 1391 2723 erat
1405 2658 1528 2722 Cardi-

302 2766 395 2828 nalis
409 2765 563 2829 Bellaius
579 2765 601 2844 ⁴,
618 2768 679 2848 qui
693 2765 795 2831 Sacri
810 2768 958 2849 collegii
973 2769 1130 2831 decanus
1143 2767 1221 2831 suit:
1236 2776 1272 2829 et
1290 2784 1371 2831 cum
1390 2766 1528 2829 audiret

304 2886 379 2935 tres
393 2885 534 2936 nostros
550 2873 782 2939 scholasticos
801 2876 989 2955 theologos
1011 2876 1053 2937 de
1073 2875 1185 2937 variis
1203 2873 1403 2952 theologiae
1423 2872 1527 2953 parti·

300 2979 367 3041 bus
394 2979 666 3059 respondentes,
695 2992 731 3044 et
759 2983 1020 3062 praesidentem
1046 2981 1238 3044 Doctorem
1264 2979 1441 3057 Olavium,
1468 2980 1532 3058 qui

302 3103 374 3149 non
389 3086 506 3149 minus
520 3087 694 3151 subtiliter
709 3100 743 3151 et
758 3090 872 3168 docte,
889 3107 995 3169 quam
1010 3090 1156 3168 copiose
1171 3101 1204 3151 et
1229 3099 1364 3164 ornate,
1386 3086 1531 3149 acribus

298 3193 406 3256 etiam
426 3192 704 3273 disputatoribus
725 3194 960 3275 satisfaceret,
984 3212 1180 3259 conversus
1199 3194 1244 3257 ad
1263 3196 1419 3273 collegas
1442 3193 1513 3285 Car

299 3300 445 3363 dinales:
464 3302 581 3363 “mare
596 3318 776 3381 magnum,
793 3302 917 3383 inquit,
935 3311 988 3365 est
1002 3301 1090 3377 hic,.
1109 3299 1279 3380 Religiosi
1293 3298 1352 3364 Sil
1371 3300 1527 3363 Domini-

299 3406 343 3483 ci,
361 3406 420 3487 qui
434 3407 480 3469 ad
495 3409 561 3471 hoc
576 3425 687 3489 usque
703 3418 840 3490 tempus
855 3426 925 3472 non
936 3408 1168 3472 interfuerant
1180 3408 1311 3471 nostris
1322 3407 1529 3485 disputatio·

342 3645 349 3676 ¹
380 3643 430 3699 διες
442 3645 607 3690 conciliaret?

338 3718 350 3749 ²
376 3717 460 3761 Erant
471 3718 519 3761 hoc
530 3725 644 3773 tempore
655 3719 780 3763 ordinarii
789 3726 909 3763 oratores
919 3730 965 3762 seu
975 3718 1065 3771 legati:
1076 3715 1245 3771 Imperatoris
1254 3715 1370 3760 Marchio
1385 3717 1417 3760 de
1428 3716 1530 3769 Satria,

298 3786 411 3843 Philippi
422 3788 446 3831 11
456 3788 536 3843 Regis
548 3790 659 3844 Angliae
670 3789 825 3844 Prolegatus
835 3789 957 3843 (Agonia)
967 3788 1105 3832 Garcilaso
1115 3788 1146 3831 de
1162 3788 1189 3831 la
1203 3787 1287 3841 Vega,
1305 3788 1531 3832 extraordinarius

297 3871 344 3904 seu
353 3861 514 3905 obedientiae
525 3870 614 3905 orator
629 3860 721 3906 Comes
731 3862 762 3905 de
779 3860 918 3913 Chlnchom
929 3860 1010 3914 Regis
1019 3859 1192 3904 Romanorum
1203 3858 1367 3910 Ferdiuandi,
1382 3859 1532 3904 ordinarius

297 3940 387 3975 orator
397 3932 513 3976 Didecus
523 3932 606 3977 Lasso
616 3934 647 3977 de
657 3934 684 3977 la
694 3932 778 3987 Vega,
788 3932 1013 3977 extraordinarius
1029 3944 1074 3975 seu
1090 3931 1254 3975 obedieutiae
1264 3930 1375 3984 Marcus,
1391 3930 1484 3976 Comes
1495 3934 1528 3976 ab

296 4004 377 4058 Αιειις
387 4002 539 4048 Lusitaniae
550 4004 629 4058 Regis
641 4005 788 4060 alphonsus
798 4005 829 4049 de
845 4004 1009 4048 Alencttctre.
1025 4003 1092 4047 Vide
1106 4014 1195 4059 supra,
1206 4008 1224 4047 t.
1239 4013 1276 4055 1v;
1293 4002 1425 4059 cnam,
1437 4002 1529 4047 Histo-

297 4076 341 4119 ria
352 4075 384 4119 de
395 4075 487 4130 Fetrpe
498 4075 534 4125 II,
544 4076 585 4120 lto.
596 4087 623 4129 ιι,
635 4087 705 4131 caps.
716 4088 732 4129 r,
743 4087 763 4121 11
773 4082 799 4121 et
810 4086 846 4130 ιιι;
864 4076 959 4128 Nonas,
970 4076 1065 4120 istoria
1080 4076 1149 4120 della
1164 4086 1261 4130 guerra
1276 4074 1302 4119 dl
1311 4075 1385 4129 Papa
1401 4074 1481 4121 Paulo
1490 4076 1529 4120 IV

296 4154 387 4192 contro
397 4148 432 4203 gli
444 4146 594 4201 Spagnuoli,
605 4149 648 4192 lib.
659 4159 677 4202 ις
690 4148 841 4199 oriturum.
851 4147 923 4191 Hist.
935 4147 960 4191 S.
969 4147 1006 4202 s„
1016 4147 1060 4191 lib.
1070 4158 1114 4200 xv,
1126 4159 1150 4197 n,
1158 4147 1180 4201 9,
1189 4154 1248 4199 etc„
1259 4146 1529 4202 eta-Regtscatttae

296 4218 393 4263 Orator
403 4219 549 4263 ordinarius
560 4226 618 4264 erat
628 4219 752 4264 Dominus
763 4220 793 4263 de
803 4219 915 4270 Lanscc.
926 4220 1151 4263 extraordinarius
1168 4218 1227 4262 Dux
1242 4219 1274 4261 de
1287 4219 1414 4272 Alencon.
1430 4219 1528 4264 Horum

297 4298 384 4333 tamen
399 4302 448 4334 nou
467 4291 582 4335 meminit
593 4292 719 4336 Polaticus
735 4302 781 4335 nec
799 4292 923 4335 credibile
939 4300 978 4335 eet
993 4302 1038 4334 eos
1053 4290 1162 4345 Collegit
1179 4290 1289 4335 Romani
1305 4290 1445 4335 litterariis
1461 4292 1530 4339 ludis

296 4369 358 4405 tnnc
369 4362 529 4407 interfuisse.

342 4436 350 4459 '·
377 4434 443 4479 Vide
454 4435 549 4491 Nonas,
559 4438 579 4480 1.
592 4434 725 4491 c.-iiuJus
739 4437 817 4490 patri,
828 4436 952 4488 Ascanio,
963 4436 1150 4479 amicumstttls
1164 4445 1193 4479 se
1203 4446 1305 4491 temper
1318 4438 1440 4491 praebuit
1454 4436 1530 4491 Igna·

297 4508 358 4557 tius,
366 4518 438 4551 suam
449 4518 555 4562 operam
565 4508 705 4561 diligenter
714 4506 840 4551 adhibens
850 4513 879 4551 ut
888 4519 980 4562 pacem
988 4508 1055 4551 inter
1063 4518 1120 4550 eum
1129 4509 1234 4562 ejusque
1242 4518 1349 4552 uxorem
1358 4508 1485 4562 joannam
1496 4510 1529 4552 de

298 4580 407 4631 Aragon
416 4586 591 4633 componeret.
606 4579 672 4622 Vide
684 4590 771 4634 supra,
782 4585 801 4622 t.
814 4590 841 4633 rr,
851 4590 924 4633 paga.
937 4580 978 4622 427
987 4586 1013 4622 et
1022 4579 1071 4631 428,
1087 4590 1129 4623 nn.
1144 4579 1172 4622 22
1186 4587 1212 4623 et
1221 4579 1256 4633 2];
1274 4585 1301 4623 et
1319 4580 1414 4624 Carras
1428 4580 1529 4625 desan

299 4652 417 4703 ignat-to,
427 4650 532 4705 passim.

341 4724 351 4753 ⁴
379 4722 489 4775 Joennes
498 4723 531 4766 du
543 4722 633 4777 Bellay
644 4721 706 4776 (1192
716 4723 732 4777 †
743 4722 811 4775 15602.
823 4722 889 4765 Vide
901 4733 988 4776 supra,
1001 4727 1018 4766 t.
1029 4734 1067 4776 tv,
1077 4734 1137 4778 pag.
1146 4724 1195 4779 321,
1206 4736 1231 4767 ιι.
1240 4724 1289 4780 687,
1299 4732 1389 4771 annot.
1400 4726 1420 4770 l.
