3717 5400
797 502 860 561 ΑΝ.
883 502 955 562 1555
1453 501 1509 560 57,

255 643 575 710 ‹lictuml’almium
587 665 629 710 eo
644 647 798 712 misisset
809 647 964 729 quodam
978 646 1035 712 die
1050 648 1190 712 sabbati
1200 649 1266 711 sub
1276 647 1383 711 linem
1393 645 1491 728 Julii,

255 753 463 817 nunciatum
480 763 536 818 'est
563 754 761 836 Cardinali,
787 767 822 820 et
850 755 960 819 voluit
983 765 1024 819 nt
1049 755 1107 819 die
1129 754 1307 819 dominico
1331 754 1496 834 sequenti

255 861 544 939 post-meridiem
570 865 854 942 concionaretur,
879 875 914 928 et
940 863 1100 929 interfuit
1127 864 1201 946 ipse
1225 863 1392 927 concioni
1411 879 1493 925 cum

257 966 540 1049 Archiepiscopo
550 969 699 1034 Senensi
713 972 719 1002 ¹
736 981 770 1036 et
781 971 969 1053 Episcopis
980 971 1181 1052 Tyburtino
1192 969 1217 1048 ¹,
1234 964 1495 1034 Caesenati⁸et

255 1074 451 1156 Jacornello
465 1075 488 1152 ⁴,
506 1093 548 1140 ac
573 1085 647 1140 tota
662 1077 796 1142 familia
820 1088 856 1142 et
882 1078 1059 1160 frequenti
1076 1075 1271 1141 admodum
1290 1077 1431 1156 populo.
1442 1076 1494 1140 Et

257 1182 309 1245 ita
323 1183 488 1246 omnibus
512 1184 602 1246 haec
616 1185 742 1248 concio
758 1185 903 1265 placuit,
920 1194 960 1249 ut
981 1185 1145 1248 omnibus
1161 1183 1381 1270 „desiderium
1402 1184 1495 1246 exci-

256 1290 388 1352 taverit
402 1289 558 1370 ejusdem
581 1291 688 1354 aliam
709 1293 917 1357 concionem
938 1291 1105 1356 audiendi
1122 1292 1160 1354 in
1181 1290 1308 1354 cadem
1328 1289 1492 1368 ecclesia,

257 1397 394 1460 scilicet
410 1397 619 1461 cathedrali.
1491 1438 1493 1441 -

321 1501 391 1567 120..
432 1503 561 1568 Institit
586 1514 705 1568 autem
720 1505 922 1570 Cardinalis
944 1515 984 1569 ut
1008 1517 1085 1569 tota
1107 1506 1166 1568 illa
1183 1504 1405 1568 hebdomada
1425 1503 1495 1584 Ty·

256 1610 346 1673 bure
361 1623 531 1691 maneret,
547 1621 586 1676 ut
600 1613 871 1678 concionaretur
892 1615 1005 1678 tribus
1028 1613 1164 1690 diebus,
1189 1612 1316 1692 quibus
1332 1611 1492 1692 jejunan-

258 1715 344 1782 dum
358 1727 447 1794 erat,
465 1728 500 1782 et
515 1719 571 1781 dic
586 1721 763 1784 dominica
780 1721 952 1802 sequenti,
969 1738 1040 1800 qua
1055 1719 1320 1784 sanctissimam
1342 1735 1496 1782 commu·

258 1824 401 1888 trionem
414 1835 514 1888 erant
526 1828 718 1908 accepturi;
736 1838 770 1893 et
785 1828 840 1892 his
855 1839 1007 1909 quatuor
1020 1829 1079 1891 vel
1093 1829 1249 1908 quinque
1264 1825 1496 1890 concionibus

258 1932 454 1996 commovit
480 1941 515 1995 et
540 1933 586 1996 ad
608 1951 750 1998 sacram
770 1935 1029 1998 confessionem
1050 1945 1085 1998 et
1105 1933 1370 1999 Eucharistiam
1388 1933 1495 1995 susci·

261 2037 428 2118 piendam
444 2039 689 2104 inflammavit.

323 2145 393 2210 121.
437 2145 485 2210 Ut
511 2158 631 2210 autern
646 2146 846 2212 Cardinalis
865 2166 947 2212 cum
972 2158 1047 2214 toto
1073 2165 1139 2212 suo
1164 2149 1336 2212 comitatu
1356 2146 1499 2225 semper

259 2269 343 2316 eum
359 2254 593 2318 attentissime
609 2253 780 2334 audierat,
809 2255 859 2319 ita
880 2273 962 2320 cum
976 2255 1113 2334 eodem,
1142 2265 1326 2335 spectante
1350 2253 1495 2335 populo,

258 2369 343 2440 post
357 2362 514 2426 solemne
529 2361 680 2425 Sacrum
694 2362 861 2443 Episcopi
886 2359 999 2426 ⁵cum
1025 2363 1244 2443 amplissima
1269 2379 1335 2425 sua
1361 2360 1498 2425 familia

261 2467 527 2532 sanctissimum
543 2469 675 2533 Christi
690 2487 820 2550 corpus
834 2470 986 2549 accepit;
1003 2468 1105 2550 cujus
1119 2471 1319 2549 exemplum
1334 2467 1498 2548 Tyburti·

260 2574 318 2637 nis
334 2574 379 2637 ad
403 2576 572 2654 pietatem
596 2586 630 2638 et
655 2577 865 2655 religionem
889 2577 1135 2640 acutissimum
1160 2579 1281 2640 calcar
1304 2574 1443 2656 adjecit,
1464 2585 1500 2637 et

260 2697 328 2744 eos
338 2697 519 2763 nunquam
535 2683 625 2747 alias
635 2691 735 2747 tanta
746 2683 945 2765 frequentia
961 2693 1092 2765 quanta
1108 2693 1192 2748 tunc
1211 2683 1257 2747 ad
1271 2692 1500 2746 sacramenta

260 2788 406 2851 venisse
420 2799 642 2869 compertum
657 2790 733 2855 luit.

262 2981 265 2989 ,
328 2895 395 2959 122.
439 2896 557 2976 Ipsum
571 2915 679 2977 porro
695 2897 732 2961 P.
753 2898 983 2963 Benedictum
1006 2898 1179 2977 singulari
1204 2897 1500 2960 benevolentiam

260 2996 484 3067 humanitate
498 3004 789 3086 prosequebatur,
802 3016 837 3069 et
852 3006 920 3069 illis
935 3004 1069 3081 diebus,
1086 3005 1213 3086 quibus
1227 3004 1500 3084 praedicaturus

261 3127 336 3173 non
350 3120 438 3189 erat,
455 3113 662 3176 accersebat
676 3130 757 3179 eum
771 3123 809 3176 ut
824 3112 920 3192 apud
943 3128 982 3175 se
1006 3112 1207 3192 pranderet
1232 3111 1340 3174 immo
1366 3111 1500 3189 signifi-

261 3218 382 3295 cabat,
408 3219 534 3281 sinon
560 3218 734 3282 timuisset
760 3218 1058 3299 impedimentum,
1086 3219 1181 3299 quod
1205 3234 1315 3298 penes
1330 3234 1369 3281 se
1384 3217 1501 3299 ipsum

261 3341 406 3403 semper
420 3324 550 3388 habere
565 3326 682 3403 vellet,
699 3335 737 3390 ut
751 3324 795 3389 de
809 3326 936 3389 iisdem
950 3326 1056 3390 rebus
1070 3328 1276 3406 loqueretur
1291 3342 1372 3389 curn
1386 3342 1441 3405 eo,
1457 3326 1502 3387 de

261 3431 392 3511 quibus
407 3431 443 3494 in
458 3430 688 3495 concionibus
703 3431 909 3510 disserebat;
926 3442 962 3495 et
977 3448 1107 3511 magna
1119 3450 1200 3495 curn
1211 3432 1454 3496 consolatione
1464 3442 1500 3493 et

263 3536 442 3617 spirituali
457 3549 562 3617 gustu
578 3556 620 3601 ea
636 3540 816 3617 audiebat,
833 3556 924 3619 quae
940 3540 986 3602 ad
1000 3540 1270 3602 renovationem
1283 3539 1380 3602 vitae
1395 3538 1501 3618 perti-

266 3644 657 3722 nebantnecessariam,
669 3655 706 3709 ut
715 3646 847 3711 Christi
859 3646 1103 3709 benedictione
1114 3656 1149 3709 et
1160 3646 1277 3724 gloria
1288 3644 1506 3708 christianus

266 3750 341 3814 frui
357 3762 488 3831 possea
504 3768 588 3815 narn
603 3751 646 3814 de
662 3753 717 3817 his
732 3762 870 3817 tantum
884 3754 920 3816 in
938 3754 1099 3816 omnibus
1114 3753 1343 3815 concionibus
1359 3752 1513 3831 agebat„

266 3856 505 3939 Praeceperat
519 3868 638 3923 autem
649 3858 859 3935 Cardinalis,
873 3871 911 3923 ut
924 3862 1041 3923 nullus
1052 3870 1146 3923 esset
1156 3859 1201 3922 de
1212 3859 1347 3922 familia
1358 3876 1434 3936 sua,
1444 3860 1505 3938 qui

265 3984 342 4029 non
361 3982 400 4027 se
421 3966 466 4029 ad
484 3964 675 4044 jubilaeum
697 3968 925 4031 obtinendum
946 3978 1101 4047 pararet,
1124 3984 1214 4047 quos
1235 3967 1342 4030 etiam
1361 3966 1507 4045 privata

264 4072 518 4136 exhortatione
540 4073 720 4137 instruxit.
745 4072 833 4137 Tam
858 4074 958 4139 multi
979 4084 1097 4138 autem
1121 4073 1440 4151 communicarunt,
1467 4083 1507 4136 ut

265 4182 368 4243 solus
383 4178 580 4259 Episcopus
599 4180 825 4263 Jacomellus,
841 4182 903 4261 qui
915 4180 1063 4245 Missam
1077 4182 1352 4259 decantaverat,
1375 4180 1508 4260 septin-

312 4456 322 4489 ¹
352 4454 507 4500 Franclscns
518 4457 635 4503 Baudlnl.
648 4459 716 4503 Vide
728 4459 824 4503 curtas
834 4460 867 4503 de
878 4459 935 4503 San
945 4460 1064 4515 lgnacr'o,
1076 4466 1095 4504 t.
1107 4472 1131 4513 v,
1142 4471 1202 4515 pag.
1213 4461 1261 4503 279.

313 4527 326 4559 ¹
354 4527 420 4571 Vide
430 4539 518 4583 supra.
529 4540 588 4584 pag.
601 4530 636 4583 55,
646 4542 670 4574 n.
682 4530 729 4581 118,
740 4536 827 4575 annot.
839 4532 859 4575 2.

314 4598 327 4631 ³
354 4597 465 4651 loannes
475 4598 596 4655 Baptista
607 4600 705 4655 Splrlti,
717 4602 853 4655 coadjutor
863 4601 1044 4658 christophori
1056 4602 1152 4658 Splrlti.

318 4672 331 4704 ⁴
359 4670 455 4715 Caesar
466 4670 610 4725 Jacomelli,
621 4672 810 4719 Belcastrenels
820 4672 971 4730 Eplncopns.

321 4742 335 4775 ⁸
361 4742 612 4799 vuambanem.
