3717 5400
803 515 867 573 An.
890 515 961 574 ton»
1445 503 1501 576 233

262 653 395 723 babere
410 677 516 740 quam
533 669 614 724 ante
630 661 722 723 illius
737 661 929 724 adventum
945 661 1141 738 habuisset;
1159 678 1242 724 nam
1264 677 1355 741 quae
1370 660 1500 724 haere·

261 783 343 829 sum
356 769 449 830 mole
463 767 645 847 depressa,
662 766 708 830 ad
722 769 863 831 ruinam
878 777 950 832 tota
967 767 1188 849 propendere
1205 768 1409 845 videbatur,
1427 785 1499 831 ma·

266 889 337 952 gna
350 873 423 954 jam
438 893 484 937 ex
498 886 599 955 parte
615 885 734 938 erecta
749 885 836 954 erat,
854 885 888 938 et
904 885 977 938 tam
993 895 1014 938 a
1030 875 1293 939 Viennensibus
1315 876 1499 954 utriusque

261 997 384 1060 sexus,
400 997 508 1061 quam
523 982 568 1046 ab
589 981 713 1046 aulicis
734 981 803 1044 hoc
825 983 1066 1046 testimonium
1082 982 1240 1061 Collegio
1261 981 1497 1044 tribuebatur.

265 1087 321 1151 Ex
354 1089 480 1168 quibus
507 1089 649 1168 plurimi
678 1105 742 1151 sua
771 1090 915 1152 nomina
949 1089 1105 1152 adscribi
1138 1099 1310 1152 curarunt
1343 1087 1497 1151 Rosario

266 1194 304 1258 B.
318 1193 492 1274 Virginis;
506 1213 596 1276 quae
611 1195 755 1258 devotio
770 1196 852 1259 olim
864 1195 1026 1259 Viennae
1039 1196 1268 1259 celeberrima
1284 1195 1410 1273 luerat,
1428 1203 1462 1257 et
1478 1212 1500 1258 a

266 1303 378 1364 nostri
393 1303 514 1382 templi
527 1303 780 1367 concionatore
796 1321 841 1366 ex
852 1313 1025 1382 suggestu
1038 1304 1231 1381 declarata,
1249 1302 1499 1365 commendata

262 1410 390 1471 luerat.
411 1410 456 1473 Et
475 1410 525 1473 ita
544 1427 615 1474 non
635 1420 773 1474 tantum
792 1419 1032 1488 externorum,
1054 1411 1189 1474 scilicet
1208 1411 1375 1474 italorum
1397 1418 1431 1471 et
1451 1409 1501 1471 hi·

260 1533 472 1595 spanorum,
494 1517 558 1580 sed
577 1533 833 1598 germanorum
855 1519 963 1581 etiam
984 1518 1183 1599 frequentia
1205 1517 1364 1598 operosis
1389 1516 1498 1578 etiam

261 1621 388 1686 diebus
401 1623 533 1688 nedum
546 1624 658 1702 lestiS,
675 1626 843 1706 templum
857 1635 1019 1689 nostrum
1033 1635 1109 1689 toto
1125 1625 1316 1688 Missarum
1336 1633 1498 1701 tempore

266 1729 436 1810 replebat.
458 1729 503 1794 Et
523 1733 688 1812 quamvis
709 1733 908 1796 adversarii
927 1733 1111 1811 religionis
1137 1730 1334 1795 catholicae
1355 1729 1500 1808 plurimi

261 1846 393 1916 essent,
411 1838 472 1918 qui
485 1839 560 1903 suis
574 1839 759 1904 calumniis
774 1849 915 1903 nostros
931 1841 1091 1902 lacerare
1106 1839 1239 1918 passim
1255 1837 1430 1900 hostiliter
1441 1853 1502 1898 cu·

265 1945 405 2023 rabant3
417 1956 520 2008 erant
530 1947 689 2025 plerique
701 1947 808 2009 etiam
819 1945 955 2026 primae
966 1956 1072 2008 notae
1085 1945 1258 2022 homineS,
1273 1945 1333 2022 qui
1345 1951 1499 2019 nostros,

266 2061 410 2131 propter
425 2051 556 2116 Christi
572 2070 740 2132 amorem,
757 2062 791 2116 et
812 2053 1001 2117 dilectione
1016 2063 1051 2116 et
1071 2069 1193 2116 amore
1208 2051 1365 2115 maximo
1381 2065 1501 2128 prose-

262 2169 467 2238 querentur,
485 2172 519 2222 et
535 2177 555 2222 a
570 2159 647 2222 Deo
663 2160 791 2223 missos
805 2158 984 2223 Viennam
1004 2159 1265 2239 praedicarent.

324 2265 395 2330 673.
440 2264 510 2330 Sed
521 2268 596 2346 ipse
609 2265 850 2330 Romanorum
862 2266 939 2329 Rex
948 2284 1033 2346 prae
1045 2267 1197 2329 caeteris
1210 2265 1327 2346 (quem
1338 2266 1501 2345 proxime

266 2367 406 2452 Regina
425 2373 615 2437 Bohemiae
640 2375 739 2455 sequi
758 2373 976 2450 videbatur),
1001 2375 1092 2437 mira
1112 2374 1268 2453 quadam
1290 2373 1421 2451 pietate
1441 2390 1500 2435 no·

267 2489 361 2544 stros
375 2481 562 2560 complecti
577 2482 803 2561 cernebatur;
820 2499 885 2544 nec
901 2482 1015 2544 solum
1029 2481 1265 2559 Viennenses,
1282 2478 1344 2542 sed
1359 2480 1502 2542 univer-

264 2603 343 2649 sam
367 2588 475 2650 etiam
494 2586 708 2651 Societatem
727 2597 873 2668 paterne
894 2588 1075 2667 diligebat,
1100 2597 1134 2650 et
1156 2605 1263 2667 quam
1283 2587 1372 2650 bene
1391 2587 1436 2650 de
1458 2604 1501 2650 ea

266 2696 431 2774 sentiret,
458 2696 623 2776 operibus
647 2695 756 2759 etiam
777 2695 1055 2759 demonstrabat.
1079 2693 1170 2758 Nam
1194 2694 1367 2775 Pragam,
1391 2693 1503 2757 Bohe-

265 2801 357 2864 miae
370 2804 608 2882 metropolim,
625 2803 715 2866 mitti
735 2812 877 2866 nostros
892 2803 938 2866 ad
961 2803 1150 2881 collegium
1170 2802 1441 2879 instituendum,
1464 2811 1503 2864 ut

260 2908 427 2989 superius
451 2909 605 2973 diximus
631 2911 652 2989 ¹,
679 2910 805 2974 litteris
832 2908 878 2972 ad
898 2910 1040 2973 Patrem
1064 2910 1253 2989 ignatium,
1275 2910 1383 2972 immo
1405 2919 1441 2971 et
1456 2909 1502 2972 ad

264 3013 470 3080 Pontificem
495 3018 606 3095 datiS,
634 3018 815 3098 cupiebat,
842 3028 877 3080 et
901 3036 944 3081 eo
970 3017 1154 3098 praemisit
1182 3033 1304 3080 mense
1334 3015 1499 3096 Augusto

264 3118 407 3187 Patrem
421 3122 615 3203 Canisium,
632 3133 667 3187 et
681 3124 919 3200 Ferdinando,
936 3123 1133 3188 Archiduci
1147 3124 1332 3202 Austriae,
1349 3121 1498 3185 filiosuo

260 3240 299 3291 et
313 3241 483 3310 paternae
499 3232 641 3295 virtutis
656 3233 877 3309 aemulatori,
895 3232 954 3312 qui
971 3248 1083 3312 reguo
1098 3232 1292 3295 Bohemiae
1308 3238 1474 3311 praeerat
1490 3228 1503 3259 '

264 3354 347 3400 eum
362 3337 635 3419 commendavit,
653 3357 696 3402 ac
711 3339 845 3403 reditus
860 3339 1045 3419 cujusdam
1059 3338 1269 3402 monasterii
1284 3356 1354 3401 non
1377 3338 1504 3417 procul

267 3445 406 3524 remoti,
423 3446 634 3525 cognomine
654 3446 770 3526 Oybin
790 3444 813 3523 ³,
835 3446 1043 3526 applicavit.

328 3550 398 3614 674.
441 3552 511 3617 Sed
525 3562 560 3616 et
574 3570 632 3616 res
647 3552 796 3633 Collegii
812 3553 1039 3627 Viennensis
1057 3553 1151 3634 quod
1167 3553 1203 3615 in
1219 3553 1296 3633 ipso
1312 3562 1400 3630 erat,
1418 3568 1502 3615 con·

267 3660 411 3723 stitutas
435 3660 588 3741 reliquit,
616 3672 806 3740 antequam
831 3660 970 3724 Vienna
997 3661 1042 3723 ad
1067 3660 1223 3723 diaetam
1250 3659 1501 3739 Augustanam

269 3766 461 3831 recederet.
478 3768 523 3831 Et
536 3778 679 3848 praeter
699 3785 838 3830 annuos
858 3768 993 3829 reditus
1012 3768 1106 3830 mille
1130 3777 1164 3829 et
1185 3767 1421 3829 ducentorum
1442 3766 1503 3829 flo-

267 3890 435 3937 renorum
449 3873 701 3953 Rhenensium,
718 3874 921 3953 designavit
943 3874 1117 3953 quosdam
1139 3874 1416 3953 commissarios,
1442 3874 1504 3953 qui

267 3980 362 4044 bona
377 3982 569 4045 immobilia
588 3982 795 4045 monasterii
816 3981 1091 4044 carmelitarum
1112 3982 1246 4043 nostris
1262 3980 1384 4043 donati
1403 3998 1503 4043 recu-

266 4099 433 4169 perarent
458 4089 506 4167 (in
527 4090 617 4152 alios
631 4088 725 4151 enim
739 4105 825 4151 usus
847 4106 917 4152 non
933 4090 1022 4151 bene
1045 4089 1201 4152 alienata
1227 4087 1403 4166 fuerant);
1427 4086 1504 4167 ejus

266 4206 385 4259 tamen
409 4196 581 4276 praedicti
607 4196 760 4259 ministri
785 4214 856 4259 non
881 4204 955 4258 tam
981 4196 1132 4258 sollicite
1158 4212 1215 4258 res
1234 4206 1378 4258 nostras
1401 4212 1505 4258 cura·

264 4303 361 4383 bant,
378 4321 485 4385 quam
501 4302 578 4367 Rex
592 4304 668 4383 ipse
684 4304 735 4367 eis
750 4304 1012 4381 committebat,
1038 4314 1180 4382 praeter
1194 4302 1412 4382 Episcopum
1434 4301 1504 4365 La·

309 4620 318 4651 ¹
346 4618 536 4674 Pramum.

308 4688 319 4721 ¹
346 4690 414 4735 Vide
426 4690 599 4747 infru,n.702.

308 4760 322 4794 ⁸
348 4763 414 4807 Vide
425 4774 513 4818 supra,
525 4769 544 4808 t.
556 4774 592 4811 tv.
603 4774 663 4818 pag.
673 4762 721 4817 265,
733 4774 756 4806 n.
767 4764 808 4807 570
818 4774 843 4807 et
855 4770 942 4808 annot.
953 4764 975 4806 3.
