3717 5400
395 482 452 547 398
845 486 973 545 Canon.
994 487 1070 546 Soc.
1092 487 1162 560 Jus.

386 650 436 697 ex
450 635 594 714 nostris,
613 636 741 698 armati
756 632 943 715 lapidibus,
960 645 1087 697 contra
1102 634 1245 699 domum
1259 643 1419 698 nostram
1434 646 1620 711 venerunt,

385 749 426 804 et
440 758 519 803 eam
533 740 709 820 lapidibus
722 751 843 821 petere
857 752 1062 821 coeperunt.
1079 738 1148 804 Sed
1168 740 1287 805 statim
1307 740 1416 821 aliqui
1434 758 1475 804 eo
1499 758 1621 805 cucur-

388 856 513 910 rerunt
531 864 577 910 ex
595 847 767 911 ministris
784 847 977 927 Pro-regie,
999 856 1033 911 et
1058 849 1148 910 duos
1167 848 1225 910 vel
1249 856 1322 911 tres
1348 866 1393 911 ex
1414 847 1481 911 illis
1501 850 1622 929 pueris

388 963 595 1034 coeperunt,
617 956 677 1035 qui
697 954 852 1018 confessi
870 964 953 1018 sunt
969 956 1064 1035 quod
1085 972 1107 1017 a
1123 954 1333 1035 quibusdam
1354 956 1493 1019 clericis
1508 965 1542 1019 et
1563 974 1619 1018 ne·

386 1061 465 1124 scio
480 1062 587 1124 etiam
602 1079 623 1123 a
638 1061 850 1142 quibusdam
865 1062 1050 1125 monachis
1066 1063 1110 1126 ad
1125 1063 1161 1126 id
1176 1063 1310 1127 inducti
1324 1063 1477 1126 fuerant.
1501 1062 1620 1127 Fisea-

387 1166 433 1230 lis
448 1177 565 1231 autem
580 1168 689 1247 Regis
704 1178 739 1231 et
754 1170 883 1232 civitas
902 1179 1029 1233 contra
1051 1170 1119 1232 hos
1140 1169 1389 1250 procedebant.
1414 1168 1541 1234 Statim
1562 1188 1621 1250 eg·

388 1276 505 1353 gressi
520 1286 601 1338 sunt
616 1278 781 1339 monachi
796 1286 830 1339 et
845 1276 1039 1356 parochiae
1053 1293 1116 1355 per
1135 1277 1341 1340 universam
1361 1278 1543 1341 civitatem
1557 1296 1620 1359 per

390 1388 462 1445 tres
481 1381 556 1444 dies
575 1400 657 1447 cum
676 1399 862 1462 campana,
884 1382 1119 1463 procedentes
1140 1400 1204 1462 per
1220 1384 1379 1464 publicas
1393 1384 1474 1447 vias
1493 1392 1620 1447 contra

387 1487 532 1552 domum
547 1500 717 1569 nostram,
734 1501 768 1553 et
782 1493 913 1570 vulgus
927 1489 1064 1569 lapides
1083 1489 1126 1551 ad
1143 1499 1317 1554 terrorem
1329 1490 1499 1571 iactabat.
1516 1490 1619 1554 Fere-

384 1593 474 1658 ‘bant
489 1606 607 1659 autem
622 1598 830 1660 crucifixum
845 1598 924 1660 velo
940 1597 1044 1677 nigro
1066 1608 1285 1678 coopertum,
1307 1614 1435 1661 averso
1449 1598 1560 1676 vultu,
1584 1610 1619 1661 et

392 1704 567 1783 psalmum
581 1703 678 1767 illum
695 1705 832 1783 publice
847 1705 1053 1767 cantabant:
1077 1704 1192 1767 “Deus
1212 1702 1352 1767 laudem
1372 1722 1487 1767 meam
1508 1722 1553 1767 ne
1569 1717 1619 1767 ta-

388 1811 506 1874 cueris
516 1808 557 1889 ¹„
569 1811 696 1890 quibus
706 1810 973 1874 maledictiones
984 1821 1056 1874 tam
1069 1813 1200 1875 multae
1213 1811 1448 1890 continentur;
1460 1828 1620 1891 quaeres

389 1919 574 1981 horrorem
589 1918 836 1981 admirandum
851 1918 1033 1996 excitavit,
1051 1928 1085 1981 et
1100 1927 1284 1997 tantopere
1299 1918 1429 1996 vulgus
1445 1918 1510 1981 luit
1524 1918 1618 1981 exci-

388 2034 500 2089 tatum
515 2035 641 2088 contra
656 2036 809 2102 nostros,
828 2036 865 2089 ut
881 2026 1096 2089 clamoribus
1116 2026 1235 2088 omnia
1251 2026 1481 2105 implerentur
1495 2035 1529 2088 et
1547 2041 1618 2088 stu-

388 2130 503 2212 penda
519 2133 694 2213 quaedam
708 2143 833 2195 contra
848 2142 990 2195 nostros
1006 2132 1217 2195 dicerentur.

451 2237 538 2300 1073.
581 2240 731 2321 Jubente
747 2250 865 2303 autem
882 2238 1181 2319 Archiepiscopo,
1198 2256 1321 2301 omnes
1340 2238 1541 2317 Religiones
1562 2256 1617 2301 ur·

388 2344 441 2408 bis
462 2344 726 2427 (praeterquam
750 2346 810 2410 gn
827 2346 1048 2427 Hieronymi)
1068 2355 1192 2410 contra
1214 2355 1356 2409 nostros
1376 2355 1617 2426 congregatae

386 2462 485 2532 sunt;
511 2462 546 2515 et
571 2454 919 2531 murmurationibus
947 2454 1050 2515 minis
1075 2470 1117 2515 ac
1142 2451 1242 2515 salsis
1267 2452 1477 2515 testimoniis
1501 2454 1617 2515 nullus

385 2560 465 2623 finis
478 2560 737 2639 imponebatur.
754 2560 893 2623 Etcum
909 2562 1059 2640 populus
1074 2560 1131 2622 ille
1147 2560 1279 2640 alioqui
1298 2560 1386 2622 liber
1400 2559 1487 2622 satis
1502 2560 1564 2637 sit,
1582 2567 1617 2621 et

387 2666 432 2731 ab
450 2665 743 2747 archiepiscopo,
761 2668 1012 2731 ecclesiasticis
1027 2676 1061 2730 et
1076 2666 1251 2746 religiosis
1271 2666 1495 2745 incitaretur,
1517 2674 1551 2728 et
1572 2683 1616 2730 ex

386 2775 511 2854 paucis
534 2775 667 2837 nostris
691 2775 751 2854 qui
776 2773 1086 2854 Caesaraugustae
1111 2775 1365 2852 versabantur,
1393 2771 1505 2852 major
1530 2789 1615 2852 pars

384 2881 660 2945 castellanorum
675 2891 779 2958 esset,
797 2899 818 2943 a
833 2883 958 2960 quibus
974 2881 1197 2944 aversionem
1212 2881 1402 2960 quamdam
1418 2897 1615 2958 aragonen·

383 3004 442 3051 ses
456 2987 586 3050 habere
601 2989 726 3066 solent,
742 2988 859 3050 timeri
875 2996 1014 3066 poterat
1030 3005 1100 3049 non
1115 2990 1230 3050 solum
1250 3004 1293 3049 ne
1313 2988 1388 3049 vita
1408 2997 1611 3050 nostrorum

385 3094 656 3175 periclitaretur,
672 3095 858 3158 sedetiam
874 3112 916 3156 ne
932 3093 1078 3172 nobiles
1095 3095 1155 3174 qui
1170 3095 1301 3184 nostris
1316 3095 1494 3171 lavebant,
1511 3095 1546 3156 in
1562 3111 1615 3156 se·

384 3201 554 3265 ditionem
583 3202 740 3281 aliquam
766 3219 847 3264 cum
872 3204 1002 3281 populo
1028 3203 1212 3278 venirent;
1243 3219 1325 3264 nam
1353 3219 1433 3264 cum
1462 3201 1615 3281 primum

384 3309 484 3387 pueri
498 3309 674 3388 lapidibus
688 3308 834 3371 domum
852 3321 1014 3371 nostram
1037 3319 1118 3371 sunt
1140 3309 1321 3388 aggressi,
1343 3310 1442 3372 multi
1465 3309 1611 3386 nobileS,

380 3415 444 3495 qui
459 3431 570 3494 prope
591 3417 708 3479 locum
729 3417 827 3478 illum
849 3416 920 3495 pila
943 3415 1110 3478 ludebant
1129 3418 1186 3479 vel
1208 3415 1368 3479 ludentes
1391 3417 1612 3496 spectabant,

378 3521 556 3585 seminudi
571 3534 804 3586 accurrerunt
820 3523 866 3585 ad
881 3534 1087 3586 nostrorum
1108 3523 1358 3599 defensionem,
1376 3524 1539 3602 quamvis
1555 3524 1616 3585 alii

383 3629 430 3692 ad
445 3627 651 3708 Pro-regem
672 3631 823 3708 iverunt,
841 3632 900 3709 qui
923 3631 1020 3692 venir
1035 3631 1184 3709 ipsemet
1205 3647 1286 3692 cum
1301 3647 1432 3710 magna
1454 3629 1613 3692 nobilita-

383 3745 427 3813 te;
445 3746 479 3799 et
494 3737 610 3800 timeri
625 3746 763 3817 poterat
777 3739 903 3817 gravis
919 3739 1039 3817 aliqua
1054 3737 1192 3799 seditio.

446 3841 534 3907 1074.
576 3843 779 3924 Antequam
792 3861 851 3908 res
866 3846 1047 3924 hucusque
1062 3844 1348 3924 progrederetur,
1363 3844 1406 3906 de
1418 3843 1610 3906 concordia

376 3951 579 4014 adversarii
594 3951 761 4030 agebant;
777 3951 839 4013 sed
855 3951 1023 4013 nolebant
1038 3967 1104 4013 nos
1119 3949 1323 4030 aedificare,
1340 3968 1405 4014 nec
1426 3951 1609 4030 praedica·

381 4075 432 4136 re,
448 4075 515 4120 nec
529 4069 756 4120 sacramenta
778 4058 993 4134 ministrare,
1011 4074 1076 4119 nec
1091 4058 1251 4137 publicas
1270 4057 1399 4121 Missas
1420 4058 1550 4121 dicere.
1567 4057 1611 4120 Et

376 4165 411 4227 si
434 4165 502 4228 hoc
522 4165 683 4227 ultimum
702 4165 963 4244 permisissent,
985 4165 1079 4244 quod
1099 4165 1145 4227 ad
1165 4163 1292 4228 Missas
1314 4173 1349 4227 et
1369 4164 1611 4250 consessiones

377 4271 519 4349 attinet,
535 4271 628 4335 lorte
642 4272 755 4334 nostrl
770 4272 1047 4351 acquievissent.

444 4375 530 4440 1075.
575 4376 745 4458 Princeps
765 4376 904 4459 Joanna
926 4395 1058 4458 magno
1084 4379 1202 4442 animo
1227 4390 1430 4442 nostrorum
1452 4378 1612 4459 justitiae

380 4585 396 4625 a
408 4583 513 4625 mncbos
521 4589 592 4624 utros
600 4581 630 4623 de
640 4582 722 4628 luera.
732 4581 862 4635 pensando
871 4593 918 4634 que
931 4581 1000 4624 iuese
1012 4582 1091 4625 motln
1101 4582 1141 4625 del
1150 4583 1243 4636 pueblo
1251 4595 1267 4638 y
1274 4593 1334 4626 caso
1344 4583 1374 4626 de
1386 4594 1478 4640 mayor
1488 4585 1611 4638 pellaeo...

381 4654 515 4701 Anvaerz.
525 4655 541 4696 l.
553 4665 584 4707 c.,
595 4664 651 4706 cap.
661 4653 696 4696 st.

422 4723 430 4755 ¹
459 4724 492 4768 Ps
507 4735 577 4768 cvm.
