3717 5400
365 465 420 524 386
824 466 951 526 ennon.
971 463 1050 524 Soc.
1069 465 1140 538 Jns.

427 609 515 674 1044.
559 610 675 674 Etiam
689 612 725 674 in
741 611 974 675 concionibus
987 612 1187 675 adversarii
1203 612 1377 692 praedicti
1391 611 1448 676 del
1462 613 1551 678 Pino
1563 623 1599 678 et

364 715 577 781 carmelitae
591 727 733 781 nostros
748 718 995 782 Barchinonae
1011 719 1242 798 exagitabant
1257 728 1291 783 et
1311 720 1357 784 ad
1374 721 1533 801 ipsorum
1547 721 1598 785 in·

365 824 508 888 iamiam
524 826 620 906 loqui
640 825 740 888 multi
760 842 831 889 non
854 826 1055 889 cessabant.
1078 825 1123 889 Et
1144 827 1194 889 ita
1215 828 1330 907 prima
1353 826 1410 891 die
1432 827 1597 891 Octobris

366 933 569 998 citationem
590 943 625 995 et
645 933 890 997 inhibitionem
910 951 953 996 ac
974 935 1222 996 avocationem
1243 951 1375 998 causae
1394 935 1441 998 ad
1460 936 1597 999 curiam

365 1037 574 1110 Romanam.
592 1058 698 1120 quam
713 1040 751 1103 P.
768 1040 927 1120 ignatius
943 1042 1031 1121 ipsis
1046 1041 1254 1105 mittendam
1269 1051 1470 1121 curaverat,
1494 1060 1594 1123 prae·

365 1146 470 1209 dictis
484 1147 702 1211 adversariis
722 1157 1015 1226 praesentarunt,
1038 1159 1073 1211 et
1094 1149 1146 1211 sic
1165 1148 1307 1213 demum
1326 1168 1349 1212 a
1370 1166 1503 1229 magna
1523 1168 1597 1214 mo·

365 1255 466 1318 lestia
483 1255 658 1318 sublevati
672 1255 826 1332 fuerunt,
844 1255 1129 1336 quandoquidem
1146 1257 1182 1317 in
1196 1255 1292 1318 Urbe
1307 1257 1442 1320 veritas
1453 1268 1487 1320 et
1496 1255 1596 1336 justi·

366 1362 415 1424 tia
441 1379 544 1425 suum
565 1363 683 1425 locum
705 1363 871 1426 habitura
894 1363 1115 1425 credebatur.
1140 1361 1250 1426 lmmo
1276 1349 1597 1428 adversarios'non

365 1485 444 1532 esse
460 1479 740 1551 prosequuturos
756 1469 850 1550 quod
867 1480 1057 1549 coeperant
1072 1470 1265 1532 verisimile
1279 1479 1374 1548 erat;
1397 1488 1481 1534 nam
1502 1470 1597 1536 domi

364 1592 450 1639 suae
464 1577 568 1640 facile
584 1579 782 1640 molestiam
797 1577 1025 1652 exhibebant,
1041 1577 1105 1640 sed
1121 1578 1256 1640 nonita
1272 1577 1307 1639 in
1328 1577 1427 1640 curia
1446 1596 1596 1642 romana

364 1683 400 1746 id
415 1685 501 1764 ipsis
516 1684 621 1747 facile
636 1695 723 1748 erat.
741 1684 786 1747 Et
802 1684 943 1748 interim
958 1685 994 1746 in
1009 1686 1141 1763 templo
1156 1695 1277 1748 nostro
1292 1702 1364 1746 non
1374 1687 1491 1748 solum
1502 1686 1596 1749 aedi-

363 1790 481 1854 ficium
496 1793 610 1856 nostri
624 1792 940 1872 prosequebantur,
957 1793 1019 1854 sed
1036 1791 1142 1854 etiam
1158 1801 1383 1854 sacramenta
1402 1791 1597 1856 consessio·

365 1899 420 1961 nis
436 1908 470 1962 et
485 1899 743 1962 communionis
759 1899 888 1962 ibidem
904 1898 1231 1978 frequentabantur.

427 2005 513 2070 1045.
558 2006 681 2070 Nullus
696 2016 815 2069 tamen
836 2005 954 2068 adhuc
974 2006 1020 2069 ad
1040 2005 1283 2068 fundationem
1308 2022 1351 2067 ac
1377 2005 1596 2070 dotationem

363 2114 513 2195 Collegii
529 2132 607 2178 sese
624 2097 804 2190 offerebat,
821 2129 887 2175 nec
904 2113 1092 2176 videbatur
1107 2113 1355 2175 Barchinonae
1371 2112 1406 2174 id
1426 2114 1597 2193 temporis

363 2223 454 2284 ullus
469 2239 561 2299 esse,
576 2222 636 2301 qui
652 2221 874 2301 provinciam
890 2221 982 2283 hanc
994 2228 1088 2283 esset
1103 2229 1351 2299 suscepturus;
1365 2220 1530 2299 quamvis
1540 2238 1596 2284 ur·

362 2339 488 2408 gerent
513 2329 655 2392 Patrem
675 2327 842 2391 Stradam
862 2327 972 2407 aliqui
991 2345 1037 2389 ex
1057 2326 1270 2405 primoribus
1295 2335 1333 2388 ut
1357 2327 1465 2390 etiam
1489 2328 1526 2392 in
1544 2345 1596 2391 se·

362 2437 484 2516 quenti
499 2436 782 2516 Quadragesima
797 2436 834 2498 in
850 2435 1002 2498 ecclesia
1017 2434 1074 2498 del
1092 2433 1196 2511 Pino‚
1214 2450 1305 2513 quae
1324 2443 1467 2496 nostros
1481 2451 1596 2514 perse·

362 2555 445 2608 cuta
460 2555 548 2623 erat,
565 2546 840 2607 concionaturus
856 2554 1027 2605 maneret.
1045 2540 1148 2620 Quod
1162 2559 1234 2603 non
1248 2541 1486 2620 obtinuerunt,
1510 2559 1593 2605 cum

361 2652 688 2732 Caesaraugustam
701 2652 753 2715 ire
775 2651 888 2731 ipsum
911 2649 1117 2729 oportuerit.
1135 2647 1246 2711 Erant
1261 2648 1367 2712 etiam
1383 2649 1520 2713 molesti
1535 2667 1596 2713 no·

267 2812 269 2817 .
361 2762 446 2823 stris
471 2761 666 2824 creditores
691 2758 876 2839 cujusdam
899 2758 1124 2835 mercatoriS,
1152 2756 1365 2836 cognomine
1390 2756 1509 2835 Bolet,
1536 2758 1595 2837 qui

361 2878 550 2931 sexcentos
561 2884 689 2930 aureos
700 2864 847 2944 inhujus
859 2864 981 2944 templi
993 2863 1276 2928 aedificationem
1284 2862 1442 2939 dederat;
1452 2872 1487 2926 et
1502 2864 1595 2927 dein-

361 2976 415 3053 de,
437 2974 588 3037 fortunis
611 2975 684 3037 suis
706 2990 869 3050 eversuS,
888 2971 982 3052 quod
1002 2970 1153 3034 debebat
1174 2971 1315 3033 solvere
1330 2988 1402 3033 non
1418 2980 1593 3050 potuerat;

360 3082 421 3159 illi,
438 3083 594 3163 inquam,
612 3082 806 3145 creditores
821 3098 842 3142 a
859 3079 991 3142 nostris
1005 3078 1150 3156 exigere
1171 3086 1360 3140 sexcentos
1381 3080 1446 3140 hos
1467 3095 1595 3141 aureos

360 3188 538 3267 volebant,
564 3189 623 3269 qui
637 3199 756 3251 tamen
771 3188 807 3250 in
822 3200 954 3265 magna
969 3194 1176 3264 paupertate
1197 3183 1444 3263 versabantur,
1461 3196 1496 3247 et
1512 3185 1591 3247 aliis

359 3297 467 3361 etiam
487 3297 613 3361 debitis
636 3299 896 3375 premebantur,
914 3302 948 3355 et
969 3293 1141 3354 ecclesiae
1166 3308 1252 3353 suae
1273 3290 1434 3354 aedilicio
1458 3301 1493 3354 et
1514 3308 1589 3355 sus·

360 3404 544 3468 tentationi
562 3404 569 3434 ¹
591 3402 794 3466 necessaria
815 3418 861 3463 ex
880 3397 1115 3478 eleemosynis
1138 3414 1311 3477 quaerere
1329 3398 1550 3476 cogebantur
1564 3396 1590 3460 ¹.

423 3511 510 3575 1046.
558 3511 631 3575 Hoc
648 3520 816 3573 autumno
832 3508 968 3572 litteras
983 3506 1122 3586 accepit
1136 3504 1175 3568 P.
1188 3504 1317 3568 Strada
1332 3523 1352 3566 a
1366 3505 1471 3568 Patre
1485 3504 1594 3568 Fran·

359 3620 458 3683 cisco
473 3620 615 3699 Borgia,
633 3616 906 3693 Commissario‚
923 3614 1050 3695 quibus
1072 3614 1104 3675 ei
1124 3612 1349 3691 significabat
1365 3610 1523 3675 Murciae
1536 3630 1595 3674 ne-

359 3730 553 3791 cessariam
570 3742 649 3788 esse
665 3724 901 3805 praesentiam
922 3720 1038 3784 Patris
1053 3718 1234 3799 Baptistae
1250 3719 1293 3781 de
1308 3719 1449 3798 Barma,
1466 3726 1501 3781 et
1515 3719 1595 3782 ideo

360 3834 503 3897 Patrem
522 3833 695 3897 Mironem
718 3830 882 3893 mittebat
902 3826 912 3858 ³
933 3826 1139 3890 Valentiam
1165 3838 1202 3887 ut
1227 3824 1302 3904 ejus
1328 3834 1363 3887 et
1381 3824 1595 3889 Gandiensis

359 3942 510 4021 Collegii
531 3957 655 4003 curam
670 3946 823 4018 gereret;
840 3936 955 3999 eidem
976 3944 1094 3997 autem
1114 3932 1213 3997 Patri
1234 3931 1385 3995 Stradae
1405 3931 1596 3996 Barchino-

358 4065 468 4111 nense
491 4056 525 4111 et
548 4046 923 4124 Caesaraugustanum
946 4040 1235 4117 commendabat;
1259 4050 1293 4102 et
1316 4040 1381 4118 ita,
1403 4039 1497 4120 quod
1517 4039 1597 4102 reli-

359 4172 467 4235 quum
485 4164 562 4217 erat
577 4153 682 4234 hujus
698 4152 792 4227 anni,
810 4150 941 4232 partim
956 4150 992 4211 in
1007 4148 1089 4226 hoc,
1105 4148 1235 4228 partim
1251 4147 1287 4209 in
1301 4147 1361 4209 illo
1377 4147 1498 4225 exegit
1512 4143 1534 4209 ⁴.

420 4262 464 4326 Et
478 4262 566 4325 haec
582 4260 625 4324 de
641 4258 926 4323 Barchinonensi
938 4256 1108 4335 collegio,

365 4424 565 4432 =-·—-———.

402 4508 408 4538 ¹
440 4505 491 4558 Sic;
502 4506 597 4549 rectius
607 4504 671 4547 iorte
683 4503 729 4545 lta:
741 4504 767 4545 et
778 4501 907 4545 ecclesiae
919 4498 1043 4552 aedificio
1051 4500 1077 4541 et
1087 4508 1154 4540 suae
1165 4496 1370 4545 sustentationi.

401 4581 412 4610 ¹
440 4578 507 4623 Vide
519 4588 606 4631 supra,
617 4583 635 4619 t.
645 4587 679 4625 lv,
691 4572 806 4628 pagana,
817 4584 842 4616 n.
851 4572 902 4617 7bl.

402 4650 413 4681 ³
441 4652 470 4695 P.
481 4650 637 4697 Franciscus
647 4649 678 4691 cle
691 4646 776 4699 Borja.

400 4720 412 4754 ⁴
440 4722 581 4767 P.Strarla.
