3717 5400
377 452 432 524 72⁶
836 458 965 519 (naon.
985 457 1061 519 Soc.
1081 458 1151 532 Jns.

378 602 457 667 uari
471 600 673 683 incipiebat.
689 602 800 675 Eram
814 611 850 667 et
872 602 981 684 aliqui
992 602 1216 685 japonenses,
1233 602 1293 685 qui
1307 604 1451 685 egregie
1466 602 1611 668 concio·

377 709 487 785 nandi
508 727 655 783 munere
675 709 928 791 fungebantur3
956 710 1019 775 sed
1039 710 1231 777 nobiliores
1242 728 1286 775 ac
1300 710 1547 775 honoratiores
1562 728 1609 775 ex

376 814 628 896 japonensibus
639 835 712 896 eoa,
728 816 822 899 quod
834 816 991 899 ejusdem
1006 828 1125 881 essent
1139 818 1304 897 nationis
1321 817 1608 883 contemnebant.

379 921 449 987 Sed
466 923 558 987 inter
577 940 752 1005 pauperes
773 940 907 1009 magno
929 942 1011 991 cum
1033 925 1150 991 fructu
1174 922 1375 1005 hujusmodi
1392 923 1608 1006 japonenses

378 1030 646 1096 concionantur.

438 1136 530 1217 2038.
573 1136 711 1209 Horum
724 1155 833 1220 opera
849 1139 918 1212 duo
933 1139 1013 1205 libri
1028 1139 1064 1203 in
1076 1139 1200 1220 lingua
1212 1138 1401 1219 japonensi
1419 1148 1453 1203 et
1473 1137 1606 1203 eisdem

379 1244 648 1324 characteribus
671 1247 866 1327 conscripti
891 1255 984 1326 sunu
1011 1248 1100 1312 alter
1120 1246 1163 1312 de
1188 1245 1322 1311 Christi
1343 1246 1430 1325 vita,
1455 1247 1544 1309 alter
1563 1246 1608 1309 de

380 1369 499 1429 rerum
522 1354 680 1420 omnium
700 1353 886 1435 principiis
909 1353 1051 1434 agebam
1071 1354 1134 1418 sed
1153 1354 1371 1433 experientia
1389 1352 1506 1417 edocti
1525 1361 1608 1417 sunt

380 1460 494 1524 nostri
512 1460 606 1542 quod
626 1461 712 1528 viva
731 1477 822 1526 uoce
841 1462 967 1525 melius
981 1476 1093 1541 quam
1111 1461 1245 1541 scripto
1264 1477 1322 1524 res
1336 1457 1536 1539 huJusmodi
1551 1459 1609 1523 de·

379 1568 621 1633 clarahantur.

442 1673 535 1751 20b9.
578 1674 660 1746 ldeo
680 1674 725 1744 nd
740 1674 956 1756 japoueuses
976 1676 1167 1743 mittendos
1192 1692 1269 1740 esse
1289 1676 1457 1740 censebat
1475 1674 1513 1738 Ρ.
1530 1674 1609 1739 Bal·

380 1782 506 1848 tuasar
519 1782 625 1863 Gago
636 1781 798 1863 juvenes,
820 1782 881 1863 qui
900 1782 938 1848 in
956 1780 1025 1847 Dei
1043 1791 1078 1847 et
1092 1783 1246 1865 proximi
1270 1782 1444 1847 charitate
1469 1781 1608 1846 radices

379 1889 550 1969 egissent,
576 1898 614 1952 ut
631 1886 879 1970 Japonensium
901 1890 1060 1969 linguam
1087 1888 1322 1969 addiscerent,
1346 1906 1437 1969 quae
1458 1906 1529 1971 non
1553 1896 1608 1952 est

380 1995 487 2059 valde
498 1994 658 2075 difficilis,
671 2014 754 2060 nam
762 2013 910 2078 prorsus
919 2013 1052 2077 magna
1060 1997 1186 2061 messis
1193 1996 1229 2060 in
1241 1996 1377 2081 Japone
1385 1996 1606 2075 cernebatur;

380 2111 417 2165 et
430 2103 550 2167 multis
564 2103 690 2167 mediis
705 2103 827 2169 divina
848 2102 996 2169 Bonitas
1014 2105 1072 2167 vel
1093 2119 1157 2184 per
1177 2104 1331 2183 morbos,
1347 2104 1404 2166 vel
1418 2112 1607 2184 pauperta-

380 2218 465 2288 tem,
491 2211 549 2273 vel
573 2209 755 2274 daemonis
780 2211 1018 2287 vexationem,
1048 2211 1105 2274 vel
1129 2227 1193 2291 per
1218 2210 1307 2275 alias
1332 2208 1539 2274 afflictiones
1563 2208 1610 2273 ad

381 2316 544 2381 veritatis
558 2317 796 2397 cognitionem
811 2317 986 2383 trahebat.
1009 2316 1172 2383 Meliores
1187 2318 1369 2382 christiani
1383 2317 1491 2380 loturi
1508 2324 1611 2380 erant

377 2424 605 2505 japonenses,
619 2424 688 2488 nisi
699 2425 793 2506 quod
805 2425 958 2489 dominis
970 2422 1117 2506 subjecti
1132 2425 1206 2489 sere
1220 2433 1314 2503 sunt,
1327 2425 1387 2505 qui
1399 2424 1611 2488 daemonum

382 2542 464 2601 suut
488 2532 596 2611 servi,
622 2532 722 2612 plebs
745 2533 839 2595 enim
864 2532 951 2595 nihil
976 2532 1158 2613 proprium
1183 2531 1305 2612 habet;
1331 2532 1460 2612 pendet
1487 2548 1611 2595 eorum

381 2640 499 2703 victus
519 2640 611 2703 ratio
633 2657 678 2703 ex
697 2640 806 2719 agris,
828 2656 917 2720 quos
936 2640 1111 2720 praedicti
1133 2639 1265 2704 domini
1287 2639 1452 2704 colendos
1471 2640 1521 2703 eis
1542 2648 1613 2704 tra·

380 2748 481 2825 dunt;
497 2757 666 2811 ettamen
681 2746 851 2828 impedire
866 2748 1143 2812 christianorum
1156 2746 1354 2827 profectum
1374 2746 1422 2812 illi
1438 2763 1611 2828 persaepe

366 2855 553 2935 nituntur.
574 2853 611 2918 Si
631 2854 805 2935 primores
824 2863 1129 2932 converterentur,
1152 2870 1281 2932 magna
1304 2853 1441 2934 sperari
1464 2862 1611 2933 possent

379 2961 427 3029 de
441 2961 660 3027 christianae
674 2962 856 3042 religionis
871 2973 1074 3042 augmento.

442 3067 533 3132 2040.
576 3067 672 3134 Inter
698 3069 788 3133 alios
807 3070 939 3132 abusus
964 3069 1021 3132 hic
1047 3076 1124 3134 erat
1148 3067 1239 3132 inter
1261 3067 1490 3149 japonenseS,
1517 3067 1613 3150 quod

381 3185 549 3257 parentes
559 3175 724 3256 proprios
735 3193 820 3240 suos
829 3176 921 3240 lilios
933 3176 1096 3240 occidere
1108 3177 1222 3240 solent
1237 3175 1448 3256 simulatque
1462 3191 1613 3239 nascun-

380 3294 452 3361 tur,
466 3282 597 3363 partim
609 3300 654 3346 ne
665 3283 700 3346 in
714 3293 927 3364 paupertate
940 3282 990 3346 illi
1000 3283 1137 3362 vivant,
1150 3281 1405 3364 partimtaedio
1413 3299 1475 3346 eos
1483 3281 1613 3346 alendi.

398 3453 401 3457 ,
443 3387 534 3454 2041.
578 3389 720 3454 Accidit
736 3399 856 3455 autem
870 3399 908 3453 ut
929 3389 1075 3471 quidam
1094 3389 1280 3468 lusitanus
1301 3389 1442 3453 nomine
1460 3388 1614 3454 Ludovi·

380 3514 447 3561 cus
471 3497 515 3561 de
539 3495 704 3561 Almeida
733 3495 754 3575 ¹,
789 3506 1052 3578 compateretur
1077 3497 1305 3561 vehementer
1329 3497 1386 3560 his
1410 3495 1614 3576 infantibus,

380 3604 680 3686 quemadmodum
711 3616 746 3669 et
771 3605 852 3668 aliis
876 3604 1092 3686 pauperibus
1114 3604 1381 3684 aegrotantibus
1406 3621 1615 3684 compassus

381 3712 514 3791 fuerat,
528 3722 563 3777 et
575 3712 612 3778 in
626 3729 749 3777 eorum
760 3713 916 3791 gratiam
927 3711 1103 3792 hospitale
1115 3711 1318 3775 instituerat
1327 3711 1524 3792 sumptibus
1536 3727 1615 3792 pro·

383 3820 483 3898 prtia
509 3829 545 3886 et
564 3820 647 3902 quia
672 3819 832 3898 chirurgi
857 3829 971 3883 artem
995 3828 1157 3896 noverat,
1185 3827 1355 3897 exceptos
1379 3817 1427 3881 ibi
1440 3834 1618 3899 pauperes

381 3927 532 4008 ipsemet
547 3944 627 3990 cum
644 3943 774 4005 magna
786 3926 961 3988 charitate
974 3925 1135 4005 curabat;
1151 3941 1234 3987 nam
1246 3941 1291 3987 ex
1302 3926 1447 4006 proprio
1462 3925 1618 3990 habebat

383 4045 539 4114 quatuor
553 4045 615 4098 aut
629 4033 783 4117 quinque
796 4033 907 4098 millia
921 4033 1143 4099 ducatorum.

444 4138 536 4204 2042.
579 4139 647 4204 Hic
661 4155 748 4219 ergo
768 4140 985 4220 Ludovicus,
1011 4141 1073 4221 qui
1096 4141 1227 4204 nostris
1252 4139 1368 4220 Bungi
1391 4140 1618 4219 adhaeserat,

384 4258 528 4328 praeter
543 4247 717 4328 hospitale
736 4248 880 4317 domum
898 4249 1007 4314 aliam
1029 4247 1241 4327 construxit,
1267 4248 1304 4312 in
1328 4264 1399 4326 qua
1417 4245 1620 4326 hujusmodi

385 4354 554 4436 infantes
577 4372 666 4436 quos
686 4364 851 4435 parentes
865 4355 972 4436 impie
991 4355 1153 4418 occidere
1177 4355 1348 4432 solebant,
1371 4355 1621 4436 exciperentur
1712 4361 1728 4392 ·

384 4473 422 4525 et
447 4463 698 4527 enutrirentur.
725 4461 880 4527 Allocuti
901 4471 983 4526 sunt
1008 4463 1111 4526 simul
1126 4460 1261 4541 Regem
1276 4462 1403 4541 Bungi,
1426 4459 1486 4542 qui
1506 4461 1625 4526 codic

430 4704 439 4736 ¹
469 4703 537 4746 Vide
547 4714 635 4759 supra,
645 4714 705 4758 pag.
714 4703 799 4759 721,u.
809 4703 871 4750 2024.
