3717 5400
720 461 724 467 ’
790 478 855 541 Aa.
877 478 949 538 1555
1449 479 1488 546 97

249 623 469 688 Florentiam
484 632 557 686 tam
572 623 671 688 multi
685 640 861 704 pauperes
876 634 911 686 et
923 624 1039 703 egeni.
1053 622 1148 701 Dux,
1161 624 1309 704 egregia
1325 641 1411 690 usus
1427 625 1488 690 be·

248 731 438 812 nignitate,
454 747 624 810 magnam
648 731 722 797 vim
745 731 914 796 frumenti
927 730 1086 808 contulit,
1113 749 1159 794 ex
1183 747 1253 812 quo
1279 748 1402 812 panes,
1421 747 1487 808 sex

252 839 441 904 unciarum
463 836 608 917 singuli,
626 835 885 901 conficerentur
898 847 934 901 et
952 837 1166 918 pauperibus
1188 837 1337 916 singulis
1352 839 1487 928 ,singuli

253 945 474 1010 donarentur
495 943 515 1007 ⁸.
530 943 691 1024 Quatuor
711 954 831 1008 autem
851 946 931 1008 loca
952 943 1145 1008 constituta
1170 943 1312 1011 fuerant
1326 944 1373 1008 ad
1393 946 1487 1010 hanc

254 1054 519 1132 eleemosynam
540 1050 837 1129 distribuendam,
854 1051 901 1115 ad
913 1067 1022 1130 quam
1033 1051 1280 1132 accipiendam
1294 1063 1396 1120 terna
1412 1051 1488 1120 sere

255 1160 440 1226 hominum
453 1159 563 1224 millia
577 1159 614 1222 in
628 1158 770 1238 singula
790 1160 870 1222 loca
891 1158 1086 1239 constipari
1105 1161 1277 1224 solebant.

315 1267 386 1330 259.
430 1265 486 1330 Ac
501 1267 591 1331 haec
610 1265 719 1344 igitur
734 1267 813 1328 loca
827 1283 873 1330 ex
892 1265 1024 1328 nostris
1043 1265 1150 1345 aliqui
1171 1265 1297 1330 crebro
1319 1283 1358 1332 se
1373 1266 1491 1332 confe-

251 1374 393 1451 rebant,
410 1381 448 1436 ut
462 1371 625 1436 rudiores
643 1371 680 1435 in
704 1371 901 1436 christiana
925 1372 1069 1452 pietate,
1094 1372 1238 1451 signare
1264 1390 1302 1436 se
1319 1391 1437 1451 cruce,
1454 1383 1490 1446 et

253 1482 456 1546 orationem
479 1479 697 1544 dominicam
721 1494 803 1542 cum
831 1477 1045 1542 salutatione
1074 1478 1238 1558 angelica
1264 1488 1298 1546 et
1324 1481 1488 1560 symbolo

253 1586 467 1668 apostolico,
483 1595 518 1650 et
532 1585 603 1649 alia
616 1583 833 1648 christianae
847 1585 1030 1664 religionis
1044 1584 1243 1650 rudimenta
1256 1585 1438 1664 docerent,
1455 1597 1490 1661 et

256 1711 383 1759 omnes
396 1691 443 1756 ad
457 1693 570 1758 vitam
584 1691 715 1756 bonam
729 1709 773 1756 ac
787 1691 883 1772 piam
897 1691 1140 1756 hortarentur.
1155 1690 1270 1774 Saepe
1291 1695 1398 1758 etiam
1410 1693 1491 1773 iltis,

255 1819 342 1864 cum
356 1815 489 1879 magna
503 1797 706 1864 auditorum
720 1797 914 1865 attentione
928 1807 964 1861 et
974 1797 1093 1863 fructu
1103 1799 1420 1864 concionabantur.
1433 1799 1492 1864 Sic

254 1908 356 1975 enim
371 1905 589 1970 commoveri
603 1905 734 1973 auditis
761 1904 878 1967 verbis
897 1903 1119 1982 videbantur,
1147 1915 1186 1969 ut
1213 1923 1256 1969 ne
1283 1906 1494 1986 alacrymis

259 2013 405 2094 quidem
429 2012 608 2078 interdum
636 2020 887 2092 temperarent.
912 2011 1056 2076 Accidit
1081 2021 1200 2078 autem
1222 2025 1260 2076 ut
1285 2014 1377 2078 inter
1393 2013 1493 2089 alios,

260 2122 390 2186 mulier
403 2119 590 2201 quaedam,
606 2119 709 2182 verbi
722 2117 791 2182 Dei
803 2118 926 2198 gladio
941 2119 1025 2198 icta,
1042 2135 1080 2182 se
1092 2119 1275 2182 continere
1297 2137 1368 2184 non
1383 2123 1496 2201 potuit

256 2229 349 2308 quin
363 2228 482 2306 palam
496 2243 535 2288 se
549 2234 737 2306 peccatum
754 2241 868 2305 grave
889 2225 1076 2290 admisisse
1095 2226 1325 2306 exclamaret,
1347 2225 1497 2308 ideoque

262 2355 303 2399 se
317 2335 501 2415 indignam
516 2332 759 2398 misericordia
773 2331 852 2396 Dei.
868 2331 939 2396 Sed
953 2333 1011 2396 ille
1029 2334 1105 2413 ipse
1128 2335 1189 2415 qui
1203 2335 1497 2410 concionabatur,

259 2451 301 2506 et
311 2441 433 2506 docuit
448 2450 483 2504 et
498 2440 703 2504 consolatus
717 2448 772 2502 est
786 2455 877 2517 eam;
898 2449 935 2502 et
950 2439 1011 2518 ita,
1028 2439 1074 2502 ad
1095 2441 1355 2504 confessionem
1372 2442 1496 2506 eodem

266 2549 327 2614 die
344 2567 384 2616 se
398 2546 599 2626 conferens
616 2564 638 2610 a
652 2546 776 2610 morbo
790 2546 966 2626 spirituali
981 2557 1106 2611 curata
1121 2557 1186 2612 est.

327 2655 398 2721 260.
442 2649 554 2745 Erant
577 2653 652 2727 ¹sere
676 2653 863 2718 duodecim
892 2653 1074 2719 bominum
1095 2654 1215 2736 millia,
1244 2656 1304 2737 qui
1328 2655 1376 2722 ad
1403 2657 1498 2721 hanc

265 2767 532 2843 eleemosynam
547 2760 793 2841 accipiendam
806 2760 1040 2825 confluebant.
1063 2761 1153 2826 Cum
1178 2772 1365 2843 praeterea
1378 2762 1417 2829 Ρ.
1434 2764 1500 2828 Lu·

262 2870 420 2935 dovicus
431 2870 564 2935 Rector
578 2868 787 2936 recordatus
802 2880 895 2931 esset
910 2868 1017 2949 quod,
1034 2887 1116 2933 cum
1129 2868 1267 2941 Romae
1287 2869 1399 2937 fames
1414 2874 1500 2937 mul·

267 2990 326 3041 tos
340 2985 501 3055 vexaret,
518 2992 667 3041 romana
682 2984 805 3043 nostra
819 2974 945 3039 domus
960 2978 1090 3041 multos
1105 2977 1327 3056 sublevabat,
1344 2996 1452 3061 rapas
1468 2990 1502 3045 et

262 3083 446 3165 quaedam
461 3083 532 3147 alia
546 3080 742 3162 coquendo,
759 3098 851 3162 quae
864 3083 900 3145 in
911 3100 1107 3163 pauperum
1130 3101 1233 3149 usum
1254 3085 1438 3165 cedebant,
1457 3088 1503 3151 ad

268 3178 411 3272 portam
423 3189 712 3255 convenientium
727 3187 750 3267 ¹,
768 3190 925 3271 acceptis
939 3190 1073 3271 aliquot
1088 3192 1206 3255 aureis
1222 3192 1376 3262 nummis
1392 3211 1413 3255 a
1429 3190 1503 3257 Du·

263 3299 364 3363 cissa
378 3302 416 3361 ln
429 3298 523 3361 hunc
539 3312 656 3375 usum,
673 3305 866 3376 coeperunt
882 3306 917 3360 et
931 3297 999 3377 ipsi
1014 3300 1143 3363 multos
1162 3316 1339 3379 pauperes
1355 3300 1400 3363 ad
1417 3309 1503 3367 tem·

267 3407 367 3486 plum
377 3413 538 3469 nostrum
552 3404 809 3468 convenientes
822 3421 983 3485 pascere,
1011 3415 1045 3469 et
1060 3405 1184 3469 eadem
1207 3406 1346 3471 ratione
1367 3424 1429 3471 eos
1444 3406 1505 3471 do·

264 3512 484 3579 cendidomi
504 3521 649 3576 nostrae
674 3510 874 3590 utebantur;
902 3528 984 3575 cum
1008 3530 1079 3577 non
1103 3512 1275 3577 mediocri
1300 3514 1506 3579 eorumdem

265 3635 468 3700 pauperum
482 3618 728 3693 admiratione,
751 3618 897 3683 eumad
922 3618 979 3683 sui
1001 3621 1281 3687 consolationem
1306 3622 1414 3687 etiam
1437 3622 1507 3702 spi-

270 3727 439 3791 ritualem
452 3735 527 3793 tam
541 3740 738 3805 propensos
750 3740 830 3789 esse
846 3735 988 3789 nostros
1000 3727 1174 3797 viderent.

334 3832 405 3896 261.
448 3831 603 3911 Magnae
618 3848 782 3895 annonae
796 3831 937 3895 caritati
949 3832 1115 3913 adjuncta
1124 3834 1188 3899 fuit
1198 3836 1322 3915 gravis
1332 3835 1508 3917 quaedam

268 3949 310 4003 et
324 3941 394 4002 late
411 3947 536 4018 patens
559 3937 745 4016 aegritudo
770 3955 814 4000 ac
839 3939 926 4015 lues,
953 3958 998 4003 ex
1018 3958 1088 4021 qua
1104 3942 1203 4005 initio
1232 3943 1335 4023 pauci
1356 3957 1508 4007 mortem

316 4218 327 4249 ¹
355 4215 407 4264 “lib
415 4215 431 4257 'l
440 4213 515 4259 Daca
523 4214 550 4259 dl
560 4212 668 4261 Firenze
679 4216 782 4263 heutua
792 4218 867 4261 modo
877 4229 956 4263 senza
965 4230 1032 4272 gran
1044 4220 1130 4267 denno
1139 4221 1181 4265 del
1191 4232 1237 4266 suo
1250 4223 1419 4278 preceperit
1430 4225 1510 4277 lunga

271 4297 374 4343 nerra
389 4298 404 4330 e
419 4296 467 4340 per
481 4287 506 4331 le
522 4296 614 4340 magra
630 4287 723 4333 rlcolte
741 4288 768 4333 ‹ll
784 4290 855 4335 malz
868 4291 988 4335 maniera
1006 4292 1134 4337 alienanto
1160 4304 1176 4337 a
1197 4294 1382 4349 riempiernela
1406 4294 1510 4350 (siena)

274 4358 395 4407 mendo
404 4358 449 4412 gia
456 4368 523 4412 poco
533 4368 608 4403 meno
617 4358 666 4403 ebe
675 4359 726 4404 dne
734 4362 796 4405 anni
805 4361 904 4405 nutrito
915 4362 1142 4409 continonamente
1153 4376 1186 4409 nn
1196 4365 1321 4409 enercito
1335 4378 1427 4421 grosso
1438 4368 1463 4412 di
1476 4368 1513 4411 io-

273 4427 382 4477 ructari
390 4430 418 4474 in
426 4439 582 4485 munaum.
593 4428 645 4473 Per
653 4430 679 4475 lo
688 4433 750 4486 qual
758 4434 872 4486 pericolo
882 4444 1013 4479 conuenae
1024 4436 1071 4479 cire
1081 4436 1107 4479 di
1118 4434 1210 4481 Cicilia
1221 4448 1234 4479 e
1244 4437 1270 4480 dl
1279 4436 1372 4491 Pugile
1382 4438 1405 4483 sl
1413 4439 1511 4483 lacesse

273 4500 472 4617 pironedlmegrto
482 4501 603 4617 dignito
618 4513 702 4557 nano
719 4516 737 4549 a
750 4503 864 4549 Linorno
866 4536 908 4550 .....
911 4540 922 4559 ,
939 4509 1062 4562 Aunnnn,
1079 4508 1159 4552 Delia
1176 4512 1262 4553 storia
1280 4511 1326 4555 dei
1342 4512 1403 4554 suoi
1417 4514 1517 4567 templ,

277 4576 419 4626 lb.xrn,a
446 4582 488 4616 an.
555 4607 559 4617 .

321 4645 333 4676 ¹
359 4644 427 4688 Vide
444 4654 534 4701 snpra,
546 4652 565 4690 t.
578 4658 596 4699 1,
605 4658 667 4703 pag.
680 4649 708 4693 ⁶5
724 4656 750 4693 et
766 4650 801 4705 ⁶⁶,
819 4656 846 4694 et
863 4651 1054 4705 Rmanararan,
1079 4652 1146 4697 Vilia
1164 4656 1197 4697 de
1218 4654 1273 4699 San
1289 4655 1408 4710 Ignacio,
1426 4656 1470 4700 lib.
1488 4668 1515 4711 ιι,

275 4728 340 4771 cap.
351 4728 396 4760 xv.
1413 4734 1415 4741 ’
1461 4738 1464 4745 ·

443 4804 481 4865 Τ,
498 4825 525 4867 v,
1323 4832 1340 4885 7
