3717 5400
326 453 365 512 '20
786 455 914 516 Canon.
935 453 1013 516 Soc.
1034 457 1106 529 Jns.

325 596 433 664 libere
450 616 587 675 curare,
603 615 669 662 nec
684 599 782 662 uberi
806 600 922 664 fructu
944 601 1012 667 hoc
1033 610 1235 663 nostrorum
1258 599 1410 664 officium
1429 603 1560 665 caruit:

324 721 407 773 nam
423 705 619 784 depravata
634 707 670 768 in
686 707 754 770 illis
769 708 857 770 locis
871 707 1024 780 ludendi,
1042 706 1223 788 peierandi
1245 725 1287 770 ac
1308 707 1552 786 blaspheman-

324 810 358 874 di
375 812 592 876 consuetudo
608 830 738 892 magna
754 831 799 880 err
815 825 916 894 parte
932 816 1070 878 sublata
1086 825 1150 891 esr;
1168 832 1210 876 ac
1226 815 1425 878 institutum
1442 823 1480 876 ut
1495 815 1555 880 do·

325 918 465 984 minicis
487 930 521 982 et
539 920 639 984 iestis
661 921 783 984 diebus
805 921 937 986 Missae
957 923 1052 1001 apud
1072 939 1134 984 eos
1152 922 1428 985 celebrarentur.
1456 921 1559 988 Multi

324 1026 582 1092 confessisunt
604 1030 750 1108 nostris,
774 1029 835 1110 qui
856 1029 1017 1108 plurimis
1039 1029 1143 1092 annis
1166 1028 1233 1092 hoc
1253 1039 1479 1092 sacramento
1498 1046 1560 1092 ca·-

322 1145 480 1212 ruerant;
497 1145 530 1196 et
543 1145 705 1198 curatum
717 1145 781 1212 est,
793 1144 832 1198 ut
844 1136 879 1199 ln
891 1146 1072 1216 posterum
1083 1136 1293 1215 quicumque
1306 1135 1444 1198 carceri
1456 1152 1554 1198 man·

323 1239 539 1320 ciparentur,
557 1243 676 1305 statim
688 1241 864 1306 sacerdoti
881 1242 1143 1310 confiterentur.
1159 1259 1268 1322 seque
1279 1241 1325 1304 ad
1341 1241 1560 1306 honestioris

321 1347 419 1420 vitae
434 1349 608 1414 rationem
628 1358 888 1414 converterent.

380 1453 432 1517 28.
477 1454 640 1534 Quidam,
659 1457 718 1537 qui
732 1457 792 1520 diu
806 1457 979 1535 gravibus
994 1454 1211 1519 facinoribus
1223 1455 1416 1518 obstrictus
1426 1456 1557 1534 fuerat,

322 1579 365 1628 ac
379 1572 558 1642 postremo
570 1563 605 1626 in
620 1581 802 1628 carcerem
817 1562 1009 1642 conjectus,
1026 1563 1148 1626 audita
1159 1561 1343 1640 cuiusdam
1357 1579 1402 1626 ex
1416 1563 1549 1624 nostris

321 1670 504 1746 concione,
532 1671 581 1732 ita
607 1679 804 1734 commotus
829 1679 893 1748 est,
922 1669 1084 1735 militaris
1103 1669 1235 1749 alioqui
1256 1669 1363 1731 homo
1383 1685 1425 1730 ac
1446 1670 1552 1731 robu-

320 1783 399 1840 stus
413 1785 446 1839 et
463 1795 482 1840 a
498 1793 567 1856 quo
582 1777 669 1840 nihil
684 1779 754 1840 tale
770 1777 1036 1856 expectabatur,
1057 1785 1096 1838 ut
1113 1776 1387 1856 praeteritorum
1407 1784 1551 1838 actuum

319 1883 573 1960 poenitentiam
596 1883 765 1962 lacrymis
784 1882 890 1946 etiam
911 1892 1113 1960 testaretur,
1133 1891 1168 1945 et
1188 1883 1348 1945 absoluta
1364 1881 1553 1962 concione,

319 1990 458 2056 cunctis
479 1990 714 2064 audientibus
737 1990 872 2052 instare
896 1989 992 2070 apud
1016 1988 1238 2052 sacerdotem
1258 1990 1385 2069 coepit,
1407 1999 1445 2052 ut
1467 2006 1553 2069 quo-

318 2095 415 2164 niam
440 2097 515 2176 ipse
537 2097 827 2166 nocentissimum
853 2096 1010 2159 omnium
1029 2113 1067 2158 se
1085 2103 1312 2174 agnosceret,
1336 2096 1447 2174 ipsius
1468 2113 1550 2158 con·

316 2203 425 2268 fessio
440 2205 555 2283 primo
570 2205 649 2266 loco
665 2203 859 2268 audiretur.
876 2202 961 2269 Post
984 2203 1241 2266 confessionem
1262 2211 1392 2279 autem,
1409 2201 1440 2264 si
1461 2201 1552 2266 liber

317 2309 362 2376 ab
377 2328 489 2374 uxore
504 2321 608 2386 esset,
626 2322 660 2372 et
677 2311 765 2378 liber
784 2328 806 2374 a
826 2309 988 2374 custodia
1005 2309 1235 2384 emitteretur,
1257 2310 1432 2388 reliquum
1452 2308 1552 2373 vitae

315 2415 353 2480 in
368 2417 557 2480 solitudine
579 2433 689 2496 agere
707 2427 741 2480 et
763 2427 910 2497 peccata
934 2433 1000 2478 sua
1020 2417 1141 2495 lugere
1161 2415 1382 2492 decreverat,
1405 2415 1546 2478 dicebat

313 2531 434 2590 autem
447 2541 485 2590 se
502 2523 575 2604 jam
590 2541 662 2586 non
681 2541 807 2586 curare
826 2523 909 2603 quid
926 2522 1063 2601 judices
1083 2522 1126 2584 de
1146 2538 1210 2586 suo
1231 2539 1382 2602 corpore
1405 2539 1449 2584 ac
1469 2521 1547 2584 vita

313 2638 521 2709 statuerent,
549 2629 740 2694 dummodo
754 2630 899 2711 spi-ritus
919 2631 1043 2692 salvus
1061 2627 1171 2692 fieret.
1194 2627 1261 2691 Hic
1284 2637 1401 2696 autem
1423 2629 1549 2707 paucis

313 2746 395 2817 post
409 2738 543 2815 diebus,
560 2738 704 2817 capitali
721 2738 896 2801 sententia
912 2737 1112 2810 damnatus
1125 2735 1307 2812 foeliciter,
1322 2744 1360 2797 ut
1376 2736 1550 2799 credibile

313 2840 404 2924 [est]‚
422 2844 457 2907 in
477 2844 658 2907 meliorem
677 2844 786 2906 vitam
802 2843 982 2922 migravit.

372 2950 423 3015 29.
467 2952 554 3014 Erat
575 2950 621 3013 ibi
641 2950 730 3013 alius
745 2950 942 3027 matricida,
965 2949 1025 3029 qui
1043 2949 1148 3012 nullis
1170 2948 1477 3015 adhortationibus
1499 2949 1550 3017 ad

312 3058 573 3122 confessionem
584 3058 874 3137 impelllpoterat;
890 3057 1158 3133 nostrisautem,
1171 3056 1319 3135 quicum
1331 3056 1546 3135 invisebant,

311 3180 376 3243 pro
397 3164 472 3244 ejus
498 3165 610 3227 salute
631 3163 745 3227 Deum
766 3164 960 3238 orantibus,
982 3162 1152 3241 postridie
1172 3161 1429 3225 confessarium
1452 3165 1548 3225 ultro

309 3271 513 3351 postulavit,
536 3280 570 3333 et
593 3280 673 3349 post
695 3270 955 3333 contessionem
970 3270 1115 3332 coelesti
1131 3284 1254 3331 mensa
1274 3268 1438 3347 relectus,
1463 3286 1548 3333 cum

310 3377 468 3441 omnium
483 3376 727 3453 admiratione,
747 3378 854 3457 paulo
868 3386 949 3456 post
964 3385 1124 3438 extremo
1136 3375 1307 3455 supplicio
1323 3374 1471 3438 affectus
1487 3376 1547 3441 de-

308 3484 426 3550 cessit.
443 3483 515 3545 Alii
531 3484 731 3562 complures
747 3500 768 3545 a
783 3482 1012 3561 gravissimis
1028 3482 1183 3561 peccatis
1193 3482 1454 3561 resipiscentes
1471 3501 1546 3547 mo-

306 3608 388 3657 rum
402 3589 659 3653 correctionem
675 3590 820 3653 omnino
836 3607 873 3652 se
888 3600 1078 3653 curaturos
1092 3586 1342 3667 significabant
1353 3599 1388 3651 et
1402 3591 1544 3668 pollice-

307 3698 447 3763 bantur.
461 3694 531 3759 Alii
544 3695 674 3759 deserti
687 3695 732 3758 ab
745 3696 919 3772 omnibus,
931 3712 1011 3758 cum
1024 3712 1127 3757 nemo
1139 3712 1286 3762 causam
1298 3695 1456 3774 ipsorum
1467 3714 1540 3760 sus·

308 3805 453 3886 ciperet,
477 3811 683 3866 nostrorum
709 3819 818 3882 opera
841 3800 952 3880 adjuti
973 3812 1064 3864 sunt.
1083 3800 1152 3881 lpsi
1176 3803 1285 3864 ctiam
1305 3802 1471 3866 custodes
1495 3805 1543 3867 ad

307 3910 474 3991 pietatem
492 3910 656 3987 vitaeque
673 3908 886 3988 probitatem
902 3909 1160 3971 excitabantur.

364 4016 416 4079 30.
458 4016 613 4099 Judaeos
629 4015 739 4080 etiam
752 4016 926 4096 quosdam
941 4015 1026 4079 inibi
1047 4016 1220 4088 detentos
1245 4016 1305 4096 qui
1327 4016 1544 4080 christianos

303 4142 343 4189 se
363 4123 439 4187 fieri
454 4123 556 4200 velle,
574 4139 643 4185 non
661 4139 724 4202 spe
739 4122 960 4202 impunitatis
974 4122 1037 4184 sed
1049 4122 1166 4185 studio
1181 4122 1377 4201 spiritualis
1398 4124 1539 4202 salutis,

302 4230 527 4311 expetebant,
545 4228 688 4293 inbono
706 4228 887 4310 proposito
905 4246 948 4293 ac
963 4228 1140 4293 sententia
1154 4228 1420 4297 confirmarunt.
1438 4230 1533 4297 Inter

303 4354 392 4418 quos
407 4335 538 4398 femina
552 4344 629 4397 erat
645 4335 798 4399 hebraea
821 4336 953 4399 liberos
967 4334 1181 4399 christianos
1201 4336 1348 4414 habens,
1372 4355 1464 4417 quae
1479 4356 1537 4400 ne·

303 4442 412 4523 gabat
424 4442 511 4504 satis
522 4440 649 4503 decere
663 4450 699 4504 ut
713 4442 812 4505 liberi
825 4453 975 4505 matrem
986 4441 1284 4521 praecederentin
1293 4460 1443 4523 regnum
1454 4444 1532 4507 Dei.

302 4548 449 4633 Juvenis
465 4547 608 4627 quidam
623 4548 810 4623 hebraeus,
831 4548 999 4611 honestus
1013 4566 1056 4611 ac
1068 4549 1236 4629 locuples,
1249 4559 1457 4613 nostrorum
1465 4568 1537 4614 ser·

301 4656 465 4722 monibus
488 4672 530 4723 ac
550 4653 849 4734 disputationibus
871 4672 916 4717 ex
936 4654 1058 4719 Veteri
1077 4654 1305 4725 Testamento
1328 4656 1469 4736 habitis
1492 4674 1539 4721 eo
