3717 5400
799 472 864 531 Au.
887 472 958 531 1555
1439 474 1497 535 573

258 620 498 699 eleemosynis
514 620 704 696 alerentur,
721 617 808 681 nihil
823 636 980 699 unquam
992 617 1035 681 de
1050 618 1263 682 necessariis
1277 616 1341 699 [eis
1356 617 1494 701 defuit],

266 728 374 792 immo
395 725 633 790 abundantius
655 742 761 806 quam
781 742 937 806 unquam
958 725 1203 807 suppetebant,
1227 744 1309 789 cum
1332 736 1451 790 tamen
1473 744 1494 789 a

265 834 363 915 Rege
389 834 476 897 nihil
500 833 546 897 ad
572 830 771 912 hujusmodi
795 848 974 912 expensas
1002 832 1216 913 acciperent.
1242 833 1350 897 Dedit
1375 843 1495 899 tamen

266 940 343 1006 Rex
365 941 411 1005 ad
431 940 619 1004 ecclesiam
639 939 897 1004 aedificandam
917 940 1087 1003 auxilium
1107 939 1250 1020 aliquod
1271 939 1316 1003 ad
1340 941 1495 1023 quinque

267 1065 393 1127 annos,
428 1048 642 1129 quingentas
671 1047 806 1110 scilicet
835 1046 944 1110 libras
973 1056 1173 1110 aromatum
1200 1047 1351 1127 singulis
1378 1049 1494 1127 annis,

264 1174 358 1245 quae
373 1154 538 1218 venditae
554 1154 683 1217 bonam
698 1154 871 1233 pecuniae
886 1170 1061 1217 summam
1076 1152 1321 1217 conficiebant.

330 1262 417 1327 1579.
460 1260 710 1325 Necessarium
744 1271 862 1324 autem
887 1271 964 1324 erat
993 1261 1182 1325 ecclesiam
1224 1278 1369 1341 augere,
1400 1262 1496 1343 quod

264 1371 397 1451 exigua
412 1369 500 1432 satis
514 1377 603 1447 erat,
620 1368 739 1433 habita
756 1368 894 1431 ratione
910 1384 1108 1431 concursus
1122 1368 1322 1447 bominum,
1339 1378 1373 1433 et
1389 1386 1495 1449 auge·

266 1478 370 1541 batur
395 1477 445 1540 ita
471 1485 508 1540 ut
535 1474 640 1555 triplo
665 1477 835 1555 capacior
857 1483 964 1554 esset,
991 1485 1025 1539 et
1050 1472 1124 1553 jam
1150 1474 1380 1539 fundamenta
1397 1474 1495 1556 jncta

262 1594 367 1649 erant
378 1594 413 1649 et
428 1601 517 1663 opus
532 1583 705 1663 reliquum
720 1583 916 1663 urgebatur
928 1582 950 1644 ¹.
966 1581 1204 1647 Abstinebant
1219 1593 1338 1646 autem
1350 1585 1395 1647 ab
1407 1585 1496 1647 elee-

266 1692 425 1773 mosynis
440 1689 601 1771 petendis
616 1689 756 1770 publice
771 1690 815 1752 ad
831 1687 1031 1768 hujusmodi
1053 1688 1263 1767 aedificium,
1284 1690 1367 1771 quia
1383 1691 1494 1769 multi,

261 1817 356 1880 quos
377 1798 491 1861 sames
511 1798 742 1878 opprimebat,
763 1814 835 1860 non
854 1796 1137 1860 aedificationem
1160 1797 1240 1861 inde
1261 1798 1496 1878 accepissent,

266 1924 332 1970 nec
347 1906 419 1985 alii,
436 1905 562 1987 quibus
577 1905 612 1968 id
627 1914 749 1968 notum
766 1914 842 1967 erat
857 1902 880 1983 ¹,
897 1913 933 1968 et
947 1904 1026 1968 ideo
1042 1905 1169 1968 lentius
1184 1905 1254 1969 boc
1269 1922 1362 1968 anno
1378 1904 1496 1969 aedifi·

259 2015 360 2078 catio
375 2012 600 2093 procedebat.
622 2011 660 2075 In
681 2010 770 2075 festo
793 2020 911 2075 autem
932 2010 1158 2075 Pentecostes
1180 2011 1353 2075 ecclesiae
1375 2012 1494 2076 oblata

172 2114 175 2123 ’
266 2120 408 2185 fuerunt
424 2120 589 2183 altarium
601 2127 635 2182 et
647 2118 872 2181 sacerdotum
885 2118 1097 2180 vestimenta
1109 2118 1276 2198 pretiosa,
1291 2135 1371 2182 cum
1384 2120 1495 2183 calice

264 2236 438 2307 argenteo
459 2224 503 2289 ad
518 2224 787 2289 Sanctissimunr
809 2222 1078 2287 Sacramentum
1094 2224 1296 2303 tenendum,
1314 2235 1348 2289 et
1364 2242 1496 2306 magna

265 2344 395 2415 patena
416 2334 461 2397 ad
486 2334 615 2396 multas
640 2332 743 2395 simul
759 2331 894 2394 hostias
913 2330 1190 2410 consecrandas,
1211 2348 1293 2395 cum
1313 2332 1383 2394 alio
1409 2349 1495 2395 vase

266 2452 436 2522 argenteo
452 2450 486 2503 et
502 2440 665 2503 inaurato
677 2438 722 2501 ad
738 2438 952 2502 ablutionem
967 2437 1121 2501 dandam
1136 2436 1159 2516 ⁸,
1176 2456 1258 2502 curn
1273 2439 1352 2501 aliis
1368 2438 1413 2501 ad
1424 2441 1498 2503 cul·

265 2560 340 2613 tum
355 2547 624 2628 pertinentibus.

329 2653 416 2720 1580.
461 2654 689 2734 praepositus
715 2652 818 2733 hujus
843 2652 978 2728 domuS,
1003 2652 1041 2716 P.
1062 2651 1306 2717 Gundisalvus
1330 2653 1496 2736 Sylvera,

266 2765 303 2827 in
317 2762 451 2827 Indiam
468 2761 657 2826 mittendus
676 2759 896 2839 credebatur,
920 2777 1011 2842 quae
1036 2761 1124 2824 satis
1145 2761 1311 2825 destituta
1324 2763 1497 2854 similibus

268 2871 442 2950 operariis
457 2879 544 2948 erat;
562 2869 645 2949 quia
664 2877 783 2931 tamen
799 2866 837 2929 P.
860 2867 1038 2932 Antonius
1058 2869 1101 2932 de
1123 2868 1289 2949 Quadros
1306 2887 1388 2934 cum
1403 2870 1496 2950 aliis,

267 2979 303 3042 in
318 2977 547 3057 Aethiopiam
562 2974 759 3052 destinatis,
774 2975 819 3038 ad
832 2992 940 3038 unum
951 2976 1079 3040 saltem
1090 2993 1222 3039 annum
1237 2977 1274 3039 in
1285 2977 1384 3040 India
1399 2994 1497 3041 man·

264 3087 340 3150 suri
356 3095 468 3162 erant,
489 3093 646 3147 retentus
664 3091 717 3145 est
737 3082 985 3162 Ulyssiponae,
1009 3082 1122 3146 donec
1138 3081 1174 3144 P.
1197 3083 1355 3164 ignatius
1371 3101 1497 3149 consu·

266 3195 409 3270 leretur,
432 3202 466 3255 et
486 3207 596 3272 usque
617 3190 663 3253 ad
685 3206 816 3252 annum
836 3201 1040 3269 sequentem
1055 3187 1132 3269 eJus
1151 3191 1273 3254 missio
1289 3191 1354 3255 suit
1370 3192 1496 3272 dilata,

267 3301 313 3365 ad
330 3317 436 3380 quam
453 3299 543 3362 miro
559 3298 616 3361 ille
632 3295 807 3360 desiderio
822 3313 1021 3376 propensus
1035 3307 1123 3360 erat.

330 3406 417 3470 1581.
462 3405 561 3486 Quod
589 3405 633 3467 ad
658 3404 837 3467 decretum
864 3403 989 3467 attinet
1014 3404 1210 3483 parisiense
1231 3415 1265 3468 ct
1289 3406 1495 3470 testimonia

267 3513 455 3578 Societatis
474 3509 496 3591 ⁴,
514 3512 691 3576 luculenta
712 3526 798 3572 sane
815 3527 859 3572 ex
878 3509 1096 3589 Portugallia
1112 3512 1221 3575 missa
1241 3521 1323 3576 sunt
1343 3529 1364 3574 a
1383 3510 1496 3594 Rege,

266 3621 449 3700 Episcopis
464 3629 498 3683 et
513 3617 794 3700 inquisitoribus
812 3625 848 3679 ut
864 3634 908 3678 ex
923 3617 993 3678 illis
1007 3617 1094 3697 ipsis
1109 3619 1207 3681 cerni
1218 3628 1345 3698 potest.
1359 3620 1403 3683 Et
1417 3619 1495 3684 Rex

266 3729 342 3806 ipse
356 3745 427 3790 non
442 3729 554 3790 solum
568 3725 806 3788 testimonium
822 3723 995 3804 praebuit,
1012 3723 1075 3786 sed
1086 3735 1160 3788 tam
1174 3720 1249 3806 ipse
1269 3737 1304 3788 et
1323 3727 1495 3806 infanteS,

262 3833 344 3914 ejus
363 3834 492 3898 fratres
507 3831 529 3914 ⁸,
547 3833 694 3898 consilio
715 3841 856 3896 nostros
871 3830 1044 3911 juvabant
1065 3841 1099 3896 et
1118 3851 1209 3914 quae
1230 3844 1430 3914 opportuna
1445 3837 1497 3899 vi·

306 4149 313 4182 ¹
343 4147 410 4191 Vide
422 4147 517 4191 Carras
528 4147 561 4190 de
572 4145 626 4190 San
637 4146 756 4200 Ignucio,
766 4151 785 4190 t.
796 4157 832 4201 rr,
843 4156 902 4200 pag.
913 4146 963 4190 555.

305 4219 318 4254 ⁸
345 4219 396 4274 Sic;
407 4219 504 4264 rectius
513 4219 579 4262 forte
591 4222 669 4262 esset.

304 4291 316 4324 δ
344 4289 399 4344 liis,
408 4289 450 4345 qui
462 4301 564 4334 sacram
575 4289 769 4341 cucharistiam,
778 4301 824 4334 seu
834 4290 1046 4344 communionem,
1061 4301 1202 4343 sumpsere.
1218 4291 1285 4335 Vide
1298 4289 1419 4337 Litterae
1430 4294 1499 4346 Qua·

262 4365 434 4413 drimesires,
446 4369 464 4406 t.
476 4373 503 4408 rr.
514 4373 574 4416 pag.
585 4361 633 4416 ⁶21,
644 4370 670 4405 ct
681 4367 768 4405 annot.
781 4363 801 4404 l.

304 4437 316 4468 ⁴
344 4433 483 4478 Decretum
493 4433 594 4477 scillcet
605 4433 752 4478 Facultatis
763 4433 911 4487 theologiae
923 4434 1076 4488 parisiensis
1090 4435 1218 4478 adversus
1229 4435 1399 4489 Societatem,
1408 4438 1498 4484 datum

261 4511 311 4551 sub
321 4506 396 4551 linem
407 4507 467 4550 anni
483 4505 542 4558 1551,
553 4513 580 4550 et
595 4506 751 4560 testimonia,
763 4518 829 4560 quae
840 4517 856 4549 a
867 4506 1007 4559 Praelatis,
1019 4506 1190 4562 Principibus,
1204 4506 1373 4562 Civitatibus,
1383 4517 1443 4564 ete..
1454 4512 1499 4556 ba·

262 4579 325 4622 bere
340 4579 443 4622 curavit
458 4577 578 4632 ignatius
591 4577 622 4621 de
637 4576 791 4622 “societatis
804 4589 944 4633 progressu
959 4589 991 4622 ac
1002 4579 1109 4633 fructu„
1119 4578 1282 4635 vreeaupra,
1294 4586 1314 4625 t.
1323 4591 1361 4633 iv.
1376 4593 1436 4637 pag.
1446 4585 1500 4630 323-

261 4649 313 4704 alo,
324 4657 350 4694 et
362 4651 387 4693 ln
398 4650 446 4693 hoc
458 4659 476 4692 t.
486 4662 511 4700 v.
523 4651 628 4704 passim,
639 4651 792 4704 praesertim
804 4661 867 4694 vero
878 4661 939 4705 pag.
947 4651 981 4700 ll.
989 4661 1015 4694 n.
1026 4649 1059 4696 12.

306 4721 317 4756 ⁸
345 4719 677 4766 HenrlcusetLudovicue.
