3717 5400
4 7 544 174 *-

805 518 868 576 Au.
891 518 961 576 1555
1276 587 1279 592 ,
1447 520 1497 576 ol

259 666 391 748 exegit.
407 663 550 729 Excidit
564 663 671 726 etiam
685 663 760 743 ipse
776 661 838 726 Dr.
857 660 966 725 Oliva
982 663 1017 724 in
1037 651 1154 741 patria
1168 678 1233 726 sua
1247 679 1270 726 a
1284 679 1417 743 magna
1432 682 1494 744 po-

259 775 334 856 puli
348 771 623 837 existimatione.

325 881 393 945 149.
438 877 610 958 Religiosi
631 878 765 941 ordinis
791 876 1089 940 chamaldulensis
1110 877 1366 940 monasterium
1387 880 1497 958 quod-

260 990 357 1066 dam,
373 989 496 1052 decem
510 985 663 1049 millibus
677 1001 847 1065 passuum
867 983 1013 1047 Perusio
1035 983 1186 1061 distanS,
1204 983 1345 1062 habent,
1363 1001 1502 1066 cogno.

261 1097 357 1160 mine
370 1095 425 1157 De
449 1093 487 1157 la
504 1095 616 1173 fruta
633 1092 653 1152 ¹.
670 1091 782 1171 Huius
798 1091 1004 1154 monasterii
1019 1090 1144 1170 Major
1157 1091 1222 1169 (sic
1240 1104 1371 1155 vocant
1395 1111 1499 1157 suum

260 1201 519 1283 Praepositum)
536 1200 677 1263 Patrem
690 1198 912 1262 Everardum
934 1198 1095 1276 rogabat,
1111 1206 1150 1260 ut
1171 1199 1323 1279 aliquem
1344 1200 1498 1264 mitteret

260 1329 307 1374 ex
321 1310 469 1384 nostris,
486 1307 546 1388 qui
572 1305 767 1387 spiritualia
784 1305 955 1368 exercitia
971 1305 1046 1368 suls
1069 1305 1244 1384 religiosis
1271 1318 1497 1386 proponeret;

259 1418 324 1481 sed
340 1416 501 1496 paucitas
516 1413 761 1494 operariorum
784 1429 864 1476 cum
879 1411 914 1475 id
933 1428 1005 1474 non
1025 1413 1246 1489 permitteret
1266 1421 1413 1493 propter
1427 1431 1501 1477 ma-

259 1541 354 1603 gnas
378 1521 642 1601 occupationes
670 1537 759 1601 quas
785 1519 920 1583 Perusii
945 1520 1142 1592 habebant,
1170 1519 1288 1599 potius
1311 1521 1502 1600 religiosos

261 1630 448 1694 Perusiam
464 1630 510 1693 ad
526 1629 593 1691 hoc
608 1628 723 1706 ipsum
736 1627 927 1690 mittendos
939 1625 977 1690 P.
994 1627 1200 1691 Everardus
1212 1630 1369 1703 censuit,
1385 1643 1499 1708 neque

262 1737 359 1801 enim
373 1733 602 1816 relinquenda
627 1735 815 1798 videbatur
830 1736 901 1797 ullo
927 1734 1032 1797 modo
1058 1735 1185 1798 messis
1211 1734 1396 1814 perusina,
1418 1751 1500 1798 cum

262 1846 397 1908 multae
411 1843 563 1918 animae,
580 1859 671 1922 quae
682 1841 880 1920 periculose
893 1841 1084 1904 admodum
1098 1851 1134 1904 et
1154 1840 1213 1904 diu
1228 1843 1498 1919 aberraverant,

263 1968 347 2016 cum
363 1967 494 2030 magno
509 1950 669 2029 ipsarum
684 1949 845 2029 prosectu
860 1957 895 2011 ct
909 1947 1059 2011 aliorum
1074 1947 1332 2024 aedificatione,
1347 1959 1426 2028 post
1441 1965 1501 2028 gc·

262 2061 407 2122 nerales
421 2056 673 2132 confessiones,
691 2056 738 2119 ad
751 2055 944 2120 Dominum
959 2055 1232 2119 reducebantur.

328 2163 397 2228 150.
440 2163 543 2245 Quod
554 2163 599 2226 ad
612 2162 755 2225 scholas
767 2161 904 2239 attinet,
917 2163 1044 2226 crebro
1057 2162 1205 2226 studiosi
1213 2161 1362 2241 juvenes
1373 2163 1409 2225 in
1421 2179 1502 2242 pro-

263 2271 474 2336 nuntiandis
489 2270 640 2350 publicis
655 2251 876 2333 orationibus
891 2281 925 2332 et
940 2269 1159 2333 carminibus
1173 2269 1443 2349 exercebantur,
1466 2280 1501 2332 et

263 2397 349 2443 cum
363 2376 491 2442 nobilis
505 2375 687 2456 cujusdam
704 2375 797 2440 filius
820 2377 885 2439 sub
905 2377 1045 2439 initium
1066 2375 1172 2456 hujus
1192 2377 1275 2440 anni
1297 2374 1503 2455 hujusmodi

264 2485 469 2550 orationem
483 2483 676 2562 habuisset,
695 2493 729 2546 et
744 2483 814 2546 duo
829 2483 902 2562 alii,
916 2497 999 2546 ante
1014 2484 1213 2547 orationem
1228 2501 1330 2560 unus,
1349 2493 1383 2546 et
1398 2485 1499 2562 alter,

268 2609 314 2657 ea
329 2600 508 2673 perorata,
526 2591 689 2671 apposite
703 2607 831 2652 versus
846 2590 1020 2670 quosdam
1037 2591 1240 2666 recitasset,
1262 2591 1313 2653 sic
1332 2591 1503 2654 auditori-

264 2701 335 2765 bus
356 2697 578 2763 satisiactum
607 2709 678 2777 est,
704 2708 742 2761 ut
766 2697 911 2777 quidam
935 2700 1100 2762 doctores
1123 2697 1282 2762 dicerent
1304 2696 1378 2778 jam
1403 2700 1503 2762 cerni

266 2806 425 2871 fructum
439 2805 583 2869 scholae
598 2816 759 2883 nostrae,
781 2817 926 2886 propter
946 2821 1051 2885 quem
1072 2806 1209 2885 gratias
1229 2804 1306 2868 Deo
1325 2805 1503 2869 maximas

267 2914 403 2979 civitas
416 2930 459 2976 ea
474 2928 582 2991 agere
597 2912 751 2976 deberet.
769 2912 813 2975 Et
833 2928 903 2993 quo
922 2912 1039 2993 magis
1060 2911 1260 2992 hujusmodi
1280 2908 1502 2976 exercitatio·

267 3036 335 3085 nes
348 3018 664 3083 considerabantur
679 3035 700 3080 a
715 3017 868 3096 civibus,
886 3036 930 3081 eo
944 3019 1127 3082 molestius
1141 3018 1302 3083 ferebant
1313 3018 1407 3099 quod
1419 3036 1505 3082 suos

265 3126 361 3193 filios
372 3127 635 3203 subtraxerant,
649 3136 683 3189 et
695 3126 875 3189 remittere
886 3143 948 3189 eos
961 3127 1161 3207 cupiebant.
1177 3125 1298 3190 Crevit
1310 3136 1430 3190 autern
1440 3144 1503 3189 nu·

266 3251 392 3299 merus
406 3234 454 3297 ad
469 3233 537 3311 130,
554 3234 614 3315 qui
629 3233 737 3297 dediti
752 3244 898 3297 nostrae
912 3235 1059 3297 scholae
1073 3234 1242 3298 institutis
1257 3252 1368 3315 aeque
1383 3235 1429 3297 ad
1443 3234 1503 3297 bo·

266 3358 338 3405 nos
353 3358 472 3405 mores
486 3350 525 3403 ut
540 3340 585 3403 ad
600 3340 799 3404 doctrinam
814 3340 1111 3405 informabantur.

336 3447 403 3511 151.
445 3446 486 3511 In
500 3447 784 3511 Bacchanalibus
800 3456 882 3510 ante
897 3447 1217 3527 Quadragesimam
1237 3448 1400 3528 dialogus
1420 3465 1503 3511 con·

267 3566 329 3621 tra
345 3563 532 3635 corruptos
545 3572 588 3618 ea
608 3562 817 3634 tempestate
832 3554 1014 3619 hominum
1034 3573 1151 3619 mores
1172 3572 1294 3619 coram
1315 3554 1505 3633 Prolegato

269 3677 308 3727 et
322 3662 402 3725 aliis
416 3661 630 3743 primoribus
644 3660 802 3725 civitatis
817 3672 871 3724 est
886 3662 1040 3740 habitus,
1062 3681 1084 3725 a
1106 3662 1233 3743 quibus
1247 3662 1347 3741 pueri
1362 3672 1505 3725 actores

273 3820 489 3837 μ

316 3905 325 3937 ¹
355 3904 445 3949 Sermo
455 3910 495 3947 est
506 3903 536 3947 de
552 3914 638 3947 eremo
653 3913 699 3946 seu
714 3902 872 3946 monasterio
892 3900 1130 3946 camaldulensium
1147 3902 1216 3946 dicto
1236 3903 1269 3945 ele
1287 3902 1376 3946 Monte
1393 3902 1501 3946 Corona.

269 3974 328 4020 “Fu
337 3974 427 4031 poscis
437 3980 528 4029 questo
537 3975 614 4029 luogo
623 3975 735 4025 (eremus
746 3974 779 4017 dr
790 3974 879 4017 Monte
891 3974 1003 4019 Corona)
1012 3975 1137 4027 deputato
1146 3984 1193 4027 per
1203 3974 1309 4017 decreto
1323 3974 1363 4018 del
1381 3975 1504 4029 capitolo

268 4048 398 4103 generale
408 4046 525 4091 dc’Padrl
537 4058 607 4091 corne
619 4046 705 4090 Roccs
715 4053 741 4089 et
751 4058 817 4100 capo
827 4046 851 4089 dl
863 4052 934 4089 tutta
944 4048 970 4089 la
981 4046 1125 4101 Rellglone,
1140 4047 1187 4089 che
1197 4047 1224 4090 ln
1235 4058 1293 4090 esso
1309 4050 1326 4090 il
1343 4047 1413 4100 Capo
1424 4047 1455 4091 de
1465 4049 1502 4102 gll

272 4117 395 4167 Eremltl.
405 4119 452 4161 che
463 4118 588 4161 chlemasl
599 4118 620 4160 tl
634 4116 782 4170 Magnrore,
796 4117 895 4160 lacesse
909 4117 1055 4167 resltlenza‚
1071 4124 1097 4161 et
1113 4118 1161 4161 che
1176 4129 1272 4162 ancora
1287 4119 1314 4162 vl
1328 4119 1504 4163 risedesserol

271 4190 415 4235 vlslrntorl
430 4196 456 4233 et
473 4189 492 4233 il
505 4189 594 4233 Priore
609 4190 651 4232 del
667 4191 752 4241 luogo,
768 4200 846 4241 sopra
864 4190 871 4231 l
887 4190 957 4243 quell
974 4198 1017 4232 sta
1033 4195 1103 4233 tutto
1113 4190 1131 4233 il
1141 4201 1203 4243 peso
1218 4191 1259 4234 del
1275 4202 1404 4245 governo,
1415 4197 1442 4235 et
1452 4191 1506 4235 del

270 4260 348 4317 quali
357 4262 394 4315 gll
404 4261 467 4305 eltrl
476 4260 565 4315 luoghl
576 4266 601 4304 et
614 4260 748 4305 Rornltorll
760 4261 821 4305 tutti
832 4269 961 4315 traggono
971 4262 1105 4315 conslgllo,
1116 4262 1206 4313 agluto
1221 4268 1248 4306 et
1263 4262 1337 4306 modo
1352 4263 1378 4306 dl
1392 4264 1442 4306 beu
1458 4274 1504 4317 go-

271 4332 406 4385 vernenl,
424 4332 442 4375 ll
459 4332 507 4375 che
524 4332 550 4375 lu
566 4331 738 4375 determinato
756 4342 806 4375 non
823 4333 878 4375 solo
890 4343 937 4387 per
948 4332 963 4376 ι’
973 4334 1060 4376 alteza
1076 4333 1116 4375 del
1131 4332 1217 4377 Monte
1233 4340 1260 4377 et
1275 4345 1323 4388 per
1339 4336 1365 4377 la
1380 4335 1507 4389 temperle

269 4405 335 4449 dell*
343 4402 409 4455 sris,
417 4403 466 4448 che
475 4414 522 4457 per
531 4408 623 4457 questo
633 4404 754 4457 vogliono
763 4404 802 4447 sle
812 4404 945 4447 chlnmoto
955 4403 1040 4447 Monte
1051 4404 1162 4457 Corona,
1169 4406 1244 4459 qnasi
1252 4406 1352 4450 Corona
1362 4406 1505 4461 Montium,

269 4486 319 4521 rna
326 4475 450 4519 etlamdlo
458 4486 505 4529 per
512 4484 598 4518 essere
608 4472 617 4517 i
627 4474 715 4529 luoghl
724 4474 851 4518 tl'lntorno
862 4477 947 4519 ameni
957 4481 984 4519 et
994 4476 1019 4520 dl
1030 4484 1097 4520 tutte
1107 4477 1130 4520 le
1138 4488 1197 4520 cose
1205 4480 1351 4522 necessarie
1359 4478 1508 4522 abbonden·

271 4548 296 4592 tl
298 4576 343 4591 .....
354 4546 388 4590 da
396 4544 468 4590 bleso
477 4546 568 4599 glorno
577 4544 600 4590 sl
609 4556 717 4597 escorge
728 4546 746 4589 ll
757 4548 858 4590 celebre
869 4549 929 4602 lngo
940 4546 1101 4600 Trasimeno,
1112 4554 1139 4592 et
1149 4549 1287 4603 l’Augusta
1298 4550 1370 4593 Citra
1384 4550 1410 4593 dl
1426 4550 1507 4594 Pern-

272 4617 332 4675 gla,
341 4618 412 4661 dalla
421 4619 498 4672 quale
507 4620 520 4661 e
531 4624 622 4671 questo
634 4628 721 4661 eremo
731 4618 797 4661 diecl
810 4619 899 4669 miella
908 4618 1031 4673 distante;
1042 4619 1104 4664 dall'
1114 4618 1253 4664 Occidente
1264 4628 1290 4664 et
1300 4621 1343 4664 dal
1353 4621 1509 4665 Settentrio·

273 4700 311 4735 ne
321 4689 345 4733 si
356 4688 419 4733 rede
429 4691 543 4733 l¹ameno
553 4689 687 4733 terrltorlo
696 4688 738 4732 del
749 4690 832 4733 noblle
843 4698 869 4733 et
879 4702 970 4744 grosso
981 4689 1096 4734 castello
1110 4692 1178 4735 della
1193 4691 1288 4735 Fratta
1306 4692 1352 4736 che
1368 4694 1441 4747 glace
1452 4694 1508 4737 alla

275 4760 341 4807 riva
351 4760 392 4804 del
403 4760 502 4805 Tenere
503 4791 544 4805 .....
547 4794 559 4814 ,,
570 4760 672 4805 essens
683 4759 824 4815 Cnrsrocrr,
835 4764 851 4806 l.
863 4773 894 4811 c..
906 4762 950 4806 llb.
962 4772 987 4809 ll.
999 4774 1056 4817 cap.
1067 4764 1089 4806 5.
