3717 5400
815 470 879 530 Al.
901 471 973 530 1555
1217 428 1221 435 ’
1452 468 1507 527 sor

268 612 359 692 viri,
374 622 409 677 et
424 614 499 694 ipse
509 615 617 679 etiam
636 615 759 680 Abbas
772 615 950 681 Veruelae
969 617 1102 680 nostris
1119 625 1310 680 occurrunt
1335 632 1427 679 nonu
1451 613 1507 678 die

272 717 494 801 Septembris
507 720 528 800 ⁸,
544 734 714 803 sequente
725 741 857 803 magna
868 725 988 805 populi
999 725 1114 804 turba,
1127 724 1334 805 utpublicae
1346 723 1427 785 viae
1443 722 1506 785 vix

267 843 358 890 eam
371 839 551 909 caperent.
567 829 613 894 Et
627 831 663 893 in
674 832 779 895 mulis
798 832 929 895 invitos
950 833 1145 912 imponunt,
1165 849 1206 894 ac
1227 832 1326 893 cives
1344 830 1506 911 primarii

279 933 316 999 in
330 935 445 998 medio
459 937 618 1017 singulos
639 954 763 1001 eorum
788 938 1013 1017 deducentes,
1040 955 1103 1019 per
1128 938 1395 1001 celeberrimam
1409 936 1507 999 viam

277 1042 435 1105 civitatis
462 1044 508 1107 ad
537 1044 734 1125 Collegium
763 1062 864 1109 suum
889 1046 1078 1123 deducunt,
1101 1044 1161 1108 ubi
1186 1042 1344 1121 Pro-rex,
1372 1043 1507 1107 Gerun-

278 1148 397 1213 densis
410 1150 607 1231 Episcopus
621 1152 644 1230 ',
671 1161 706 1215 et
720 1152 950 1232 inquisitores
969 1170 1032 1215 eos
1051 1153 1287 1233 expectabant
1308 1168 1350 1214 ac
1374 1150 1506 1214 Missae

278 1254 499 1321 Sacrificium
520 1258 718 1323 Pontificali
738 1260 809 1323 ritu
829 1260 865 1322 in
886 1271 1008 1324 nostro
1030 1260 1161 1323 sacello
1183 1260 1400 1323 celebratum
1416 1256 1503 1321 est⁸.

277 1361 324 1426 Et
336 1365 386 1427 ita
400 1380 482 1427 cum
495 1366 621 1445 majori
641 1368 815 1447 applausu
838 1367 1008 1445 revocati,
1030 1384 1136 1447 quam
1152 1366 1345 1446 ignominia
1367 1366 1506 1447 expulsi

276 1470 428 1535 fuerunt.
443 1472 488 1536 Et
511 1474 729 1553 approbante
748 1474 895 1537 civitate
914 1484 1000 1552 tota,
1023 1486 1057 1537 et
1077 1475 1113 1538 in
1131 1475 1265 1564 'bonum
1286 1474 1505 1554 cooperanti·

276 1577 344 1642 bus
361 1580 562 1658 praeteritis
586 1581 899 1661 persecutionibus
928 1581 1025 1643 domi
1049 1597 1136 1645 suae
1161 1578 1307 1661 pacifice
1333 1589 1504 1644 consueta

269 1687 399 1749 munia
413 1697 659 1751 exercuerunt.

339 1793 427 1857 1093.
471 1794 643 1874 Quamvis
657 1806 776 1859 autem
791 1793 803 1825 ⁴
818 1798 970 1877 populus
986 1796 1200 1876 conquievit,
1217 1805 1252 1859 et
1272 1795 1419 1875 ipsemet
1439 1793 1505 1859 Ar-

267 1900 522 1981 chiepiscopus
541 1902 696 1965 animum
712 1901 921 1966 defendendi
946 1901 1116 1978 iustitiam
1141 1912 1345 1965 nostrorum
1367 1918 1451 1983 prae
1466 1918 1505 1964 se

277 2008 422 2087 terebat,
439 2010 530 2072 sicut
542 2019 720 2089 coeperat,
737 2020 771 2073 et
786 2009 909 2073 Abbas
923 2009 1100 2073 Veruelae
1120 1992 1317 2073 recesserat
1338 2010 1374 2072 in
1389 2024 1502 2087 suam,

280 2125 318 2178 ut
332 2114 522 2193 ferebatur,
554 2117 745 2191 abbatiam,
768 2116 915 2180 interius
942 2114 1086 2179 tamen*
1113 2118 1149 2180 in
1178 2116 1372 2194 monachis,
1397 2117 1504 2179 immo

169 2302 174 2312 ἢ
265 2220 381 2285 etiam
394 2223 430 2285 in
445 2224 522 2302 ipso
537 2222 817 2303 Archiepiscopo
833 2224 970 2287 animos
985 2234 1217 2305 exasperatos
1232 2240 1376 2287 manere
1398 2224 1502 2303 signa

273 2346 346 2393 nou
361 2347 475 2410 pauca
490 2328 733 2406 ostendebant,
750 2330 855 2411 quod,
872 2330 1036 2394 omnibus
1050 2332 1184 2394 viribus
1199 2331 1315 2394 suiset
1327 2330 1503 2393 machinis

264 2436 452 2513 adhibitis,
468 2439 638 2517 pauculos
657 2438 737 2500 illos
757 2447 900 2501 nostros
924 2456 970 2501 ex
995 2439 1081 2501 urbe
1102 2448 1136 2501 et
1162 2436 1267 2500 domo
1294 2454 1358 2500 sua
1374 2434 1502 2516 ejicere

276 2558 348 2607 non
362 2553 562 2624 potuerant.

340 2649 426 2714 1094.
472 2650 613 2732 Conjici·
632 2653 739 2716 etiam
760 2661 899 2733 poterat
927 2670 972 2716 ex
998 2652 1140 2734 scriptis
1165 2652 1391 2733 quibusdam,
1426 2653 1502 2716 sine

185 2757 190 2768 '
275 2755 533 2839 subscriptione
555 2760 718 2838 inventis,
741 2761 878 2840 aliquos
893 2778 971 2823 esse
992 2761 1084 2824 inter
1104 2769 1367 2840 oppugnatores
1387 2759 1503 2823 Socie-

269 2865 367 2944 tatis,
383 2865 443 2945 qui
458 2866 501 2929 de
517 2867 622 2929 rebus
635 2866 714 2930 fidei
730 2883 801 2930 non
815 2867 905 2929 bene
916 2867 1099 2945 sentirent,
1113 2877 1147 2930 et
1160 2867 1358 2930 doctrinam
1373 2883 1501 2946 parum

274 2971 452 3036 sinceram
466 2973 557 3036 inter
583 2975 649 3036 has
673 2975 795 3036 turbas
819 2975 996 3036 seminare
1017 2973 1159 3051 veilent,
1186 2983 1221 3036 et
1247 2973 1295 3037 ita
1311 2973 1502 3055 Inquisitor

276 3078 359 3142 huic
373 3081 424 3142 rei
439 3081 525 3144 dare
540 3097 686 3160 operam
700 3097 738 3143 se
757 3081 848 3143 veile
868 3079 1088 3143 ostendebat.
1114 3077 1184 3144 Sed
1204 3079 1298 3161 quod
1325 3081 1370 3143 ad
1386 3077 1502 3144 Socie-

264 3195 382 3249 tatem
404 3188 539 3260 attinet,
566 3189 749 3250 revocatio
772 3204 902 3250 causae
916 3188 952 3250 in
978 3186 1108 3250 Urbem
1134 3197 1277 3251 nostros
1296 3187 1390 3250 domi
1416 3205 1502 3251 suae

274 3302 420 3372 pacatos
436 3293 743 3372 Caesaraugustae
758 3295 909 3373 reliquit.

338 3399 425 3463 1095.
468 3401 546 3463 Hoc
561 3412 680 3464 tamen
695 3411 834 3464 nonest
853 3400 1042 3464 tacendum
1069 3400 1162 3482 quod
1187 3401 1223 3463 hi
1248 3405 1502 3465 conventuales

271 3507 433 3586 religiosi
461 3507 785 3587 caesaraugustani
814 3519 848 3571 et
876 3509 979 3588 regni
1008 3509 1236 3588 Aragoniae,
1272 3509 1331 3588 qui
1360 3517 1502 3572 nostros

272 3613 417 3677 sedibus
430 3615 504 3677 suis
519 3617 694 3695 expellere
719 3616 933 3691 nitebantur,
961 3615 1085 3696 paucis
1110 3625 1189 3695 post
1215 3615 1332 3693 anniS,
1351 3616 1501 3696 ipsomet

273 3720 373 3800 Rege
387 3721 548 3801 Philippo
564 3724 775 3801 postulante,
802 3739 823 3784 a
843 3723 917 3785 suis
943 3722 1168 3785 monasteriis
1188 3723 1325 3801 expulsi
1351 3733 1448 3801 sunt;
1466 3735 1500 3786 et

272 3899 469 3908 —a—---

309 3998 319 4031 ¹
353 4010 423 4042 nona
435 4000 479 4044 die
490 4000 664 4054 Septembris.
674 3999 802 4044 Poiancus
811 4010 888 4043 manu
895 3999 1009 4054 propria.

310 4069 323 4101 ¹
351 4069 525 4115 Gerundensis
536 4071 679 4126 Episcopus
689 4071 790 4115 eiectus
799 4071 847 4114 hoc
859 4079 975 4125 tempore
986 4079 1043 4115 erat
1054 4069 1230 4115 Gundisalrus
1241 4069 1500 4126 strimoniarum

272 4139 383 4194 turm,
394 4142 516 4186 Historia
528 4144 696 4187 eclesiastica
707 4143 740 4185 de
749 4141 875 4198 Esparia,·
889 4142 1025 4186 Gouzaeez
1037 4142 1149 4196 Divisa,
1166 4141 1278 4186 Theatro
1289 4144 1456 4188 eclesiastico
1466 4145 1499 4188 de

271 4209 393 4269 Espatta,
402 4214 485 4268 Garis,
495 4213 727 4258 ete-Existimat!
737 4214 840 4268 quidem
850 4214 976 4268 potuisset
988 4213 1028 4257 iric
1036 4225 1172 4268 perperam
1180 4215 1290 4268 positam
1301 4227 1389 4260 vocem
1400 4215 1489 4260 Garun

268 4286 363 4330 densis
374 4299 421 4340 pro
433 4287 567 4340 oscensis·
577 4298 638 4331 nsm
649 4287 725 4341 hujus
735 4287 859 4336 meminit,
871 4298 920 4330 non
931 4293 1018 4330 tamen
1026 4287 1103 4334 illius.
1114 4287 1247 4340 Aeraxsz,
1258 4287 1301 4341 qui
1312 4289 1344 4331 ad
1360 4290 1498 4334 minutiora

266 4369 348 4412 quam
359 4360 487 4404 Polsncus
496 4367 619 4404 accurate
630 4361 696 4405 satis
710 4360 852 4404 descendit.
862 4359 961 4403 Verum
975 4359 1020 4402 uix
1031 4361 1102 4402 locus
1117 4359 1163 4403 tall
1179 4360 1363 4404 existimationi
1378 4370 1425 4414 est,
1441 4373 1498 4406 cum

266 4431 333 4483 quod
347 4431 430 4486 primo
444 4433 588 4487 scripserat
604 4432 735 4480 librarius.
750 4432 872 4476 videlicet
890 4431 1022 4484 oscensis,
1034 4431 1058 4475 id
1076 4431 1202 4476 Polaticus
1218 4433 1375 4476 cancellavit
1386 4443 1411 4476 et
1421 4443 1498 4478 manu

258 4503 371 4557 propria
380 4503 563 4558 superscripsit
575 4503 766 4547 Gerundensis.

307 4573 319 4606 ὅ
346 4573 455 4618 Sacrum
465 4575 610 4619 celebravit
621 4574 740 4619 Oscensis
750 4574 902 4630 Episcopus.

308 4648 320 4680 ⁴
347 4647 419 4692 iisec
430 4647 508 4690 etlam
519 4659 535 4691 a
545 4649 661 4700 vocibus,
673 4648 698 4690 lu
708 4648 874 4701 praecedenti
885 4659 919 4701 m,
931 4645 965 4691 Et
976 4648 1143 4703 approbante
1153 4647 1257 4702 scripsit
1269 4650 1322 4703 ipse
1334 4649 1470 4694 Poisncus.

306 4719 320 4752 ⁸
345 4719 374 4764 ln
384 4719 430 4764 bis.
442 4724 542 4765 autern.
