3717 5400
808 498 870 554 Au.
892 496 964 555 tout>
1043 552 1048 560 ,
1443 494 1503 554 537

265 644 420 725 quinque
434 643 725 707 convalescentes
737 640 834 705 refici
849 660 892 705 ac
907 642 1065 706 recreari
1079 650 1235 722 possent,
1249 650 1284 705 et
1297 640 1499 721 spiritualia

266 749 448 814 Exercitia
460 749 620 830 proponi,
637 758 672 812 et
686 749 799 813 nostri
814 750 935 829 etiam,
952 749 1012 828 qui
1026 748 1185 812 Murciae
1197 749 1412 829 habitarent,
1424 749 1497 813 ani·

269 874 365 922 mum
379 858 595 922 relaxarent.
617 856 725 921 Forte
748 856 842 938 quod
864 855 902 921 P.
925 856 1161 921 Franciscum
1182 855 1350 936 Borgiam
1376 872 1498 921 amare

269 962 470 1039 huiusmodi
489 964 692 1028 eremitoria
712 963 953 1040 intellexerat,
983 963 1272 1045 contemplationi
1293 973 1326 1027 et
1346 964 1498 1028 orationi

269 1070 501 1135 accommoda
519 1070 540 1148 ¹,
557 1070 626 1134 hac
645 1071 783 1134 ratione
804 1087 884 1133 eum
903 1070 1064 1149 allicere,
1088 1081 1126 1134 ut
1147 1069 1305 1134 Murciae
1327 1070 1500 1135 resideret

269 1176 471 1257 aliquando,
498 1177 652 1241 volebat.
673 1176 826 1241 Hortum
851 1177 960 1241 etiam
987 1194 1031 1241 ac
1045 1177 1188 1241 vineam
1209 1176 1340 1241 ibidem
1359 1178 1502 1241 concin-

269 1285 349 1347 nari
363 1284 524 1348 curabat.
812 1294 816 1303 ·

330 1389 419 1454 1467.
462 1389 898 1455 Concionabaturinterim
909 1388 948 1454 P.
962 1390 1124 1471 Baptista
1136 1390 1500 1470 deBarmaMurclae,

267 1508 303 1562 et
319 1498 354 1561 in
370 1498 595 1562 monasteriis
611 1498 828 1577 monialium,
844 1498 1023 1579 Episcopo
1035 1499 1197 1578 subditis,
1212 1500 1387 1580 colloquia
1399 1500 1500 1580 spiri·

267 1605 377 1669 tualia
394 1615 428 1669 et
443 1605 710 1669 exhortationes
725 1606 888 1685 habebat,
906 1622 988 1669 cum
998 1623 1069 1684 non
1082 1605 1251 1670 mediocri
1263 1607 1383 1687 populi
1394 1624 1438 1670 ac
1448 1624 1502 1669 re-

269 1711 476 1791 ligiosarum
493 1729 738 1791 personarum,
754 1724 788 1776 et
803 1714 915 1793 ipsius
930 1714 1037 1776 etiam
1052 1712 1231 1794 Episcopi,
1245 1713 1500 1777 consolatione.

333 1818 421 1881 1468.
464 1817 554 1883 Cum
568 1828 696 1897 autem,
722 1830 864 1900 praeter
884 1820 974 1883 duos
994 1820 1075 1883 illos
1096 1820 1318 1899 sacerdotes„
1339 1838 1429 1901 quos
1448 1838 1503 1884 se·

268 1941 351 1988 cum
366 1923 565 1989 adduxerat
580 1924 606 2003 ¹,
624 1925 713 1989 duos
728 1926 818 1989 alios
839 1924 1009 1989 Valentia
1031 1938 1235 2005 evocasset,
1252 1938 1291 1990 ut
1309 1928 1345 1990 in
1365 1926 1502 1991 confes·

269 2030 428 2095 sionibus
443 2042 478 2095 et
492 2032 708 2095 christianae
724 2032 910 2097 doctrinae
924 2034 1163 2114 explicatione
1178 2033 1222 2097 ab
1238 2035 1289 2097 eis
1300 2033 1499 2114 juvaretur,

272 2139 390 2203 multis
404 2138 665 2219 poenitentibus
680 2140 845 2204 satisfieri
859 2141 985 2221 potuit.
1002 2140 1188 2221 Hospitale
1211 2142 1318 2205 etiam
1332 2142 1503 2205 visitaba-

269 2256 337 2325 tur,
355 2257 389 2308 et
404 2246 487 2326 quia
503 2247 635 2309 talento
651 2248 824 2327 peculiari
840 2247 886 2311 ad
901 2248 1136 2312 christianam
1156 2248 1356 2313 doctrinam
1374 2248 1501 2313 docen-

272 2352 426 2417 dumille
442 2353 611 2417 sacerdos
625 2353 807 2434 praeditus
821 2362 910 2432 erat,
927 2372 1032 2436 quem
1048 2355 1215 2419 Valentia
1238 2356 1454 2419 accersierat
1475 2354 1501 2435 ³,

269 2459 402 2531 abusus
417 2470 451 2522 et
465 2460 564 2535 vitia,
582 2476 673 2539 quae
688 2460 725 2525 in
739 2478 782 2524 ea
802 2463 889 2526 urbe
908 2462 1099 2543 vigebant,
1115 2479 1189 2526 non
1207 2478 1333 2544 parum
1355 2463 1501 2527 remedii

270 2574 497 2646 acceperunt.
514 2564 689 2646 Sperabat
710 2566 829 2648 itaque
848 2567 886 2631 P.
903 2567 1064 2648 Baptista
1084 2588 1130 2633 ex
1150 2569 1292 2650 optimis
1306 2568 1502 2649 Hispaniae

271 2672 431 2753 collegiis
445 2673 513 2736 hoc
527 2672 697 2753 futurum,
715 2684 750 2739 et
765 2675 824 2739 ubi
838 2676 952 2740 nostri
971 2676 1156 2757 copiosam
1177 2693 1331 2766 messem
1344 2676 1502 2742 habituri

270 2789 401 2859 essent,
416 2797 497 2843 cum
513 2789 649 2860 septem
663 2782 769 2846 urbes
784 2783 872 2846 satis
891 2782 1031 2846 vicinas
1046 2801 1088 2847 ea
1110 2783 1284 2848 dioecesis
1306 2784 1453 2848 haberet
1476 2782 1501 2850 ⁶.

330 2885 376 2950 Et
390 2886 479 2950 haec
494 2887 537 2951 de
553 2888 661 2951 initiis
676 2888 826 2968 Collegii
840 2887 1000 2954 Murciae
1014 2891 1085 2954 siut
1100 2889 1206 2954 dicta.

411 3314 475 3378 DE
498 3313 535 3378 P.
553 3313 815 3380 FRANCISCO
835 3315 1024 3396 BORGlA,
1043 3315 1362 3382 COMMISSARIO

315 3633 403 3700 1469.
446 3634 537 3715 Quia
552 3636 621 3700 hoc
641 3653 734 3700 anno
755 3636 794 3700 P.
818 3637 1033 3702 Franciscus
1047 3639 1180 3718 Borgia
1196 3640 1232 3704 in
1247 3639 1504 3719 Portugalliam

274 3760 344 3805 non
360 3743 469 3822 venit,
486 3754 676 3822 antequam
691 3741 734 3807 de
749 3761 792 3807 ea
807 3743 1000 3808 Provincia
1014 3758 1154 3826 agatur,
1172 3747 1215 3809 de
1230 3747 1442 3827 quibusdam
1457 3747 1505 3810 ab
1588 3745 1592 3754 '

271 3849 397 3913 eodem
411 3849 449 3914 P.
465 3849 660 3914 Francisco
677 3851 777 3930 actis,
801 3868 891 3932 quae
914 3851 960 3914 ad
980 3863 1054 3915 tres
1077 3851 1273 3933 Hispaniae
1298 3853 1506 3933 provincias

272 3955 386 4020 dictas
405 3957 596 4036 pertinent,
619 3968 757 4036 agetur:
778 3967 813 4020 et
837 3958 894 4021 hic
920 3959 1073 4038 primum
1088 3959 1273 4039 attingam,
1290 3960 1385 4039 quod
1405 3957 1504 4023 Patri

313 4235 321 4266 ¹
351 4233 417 4278 Vide
427 4245 515 4289 supra,
526 4241 545 4278 t.
557 4245 593 4286 tv,
605 4234 723 4290 papam,
736 4247 761 4279 n.
771 4233 832 4280 1035.

311 4305 322 4337 Ι
349 4305 417 4350 Vide
428 4318 516 4361 supra,
527 4319 587 4362 pag.
598 4307 646 4360 5³4,
659 4320 683 4350 n.
696 4307 756 4351 ltus.

311 4377 322 4412 ³
350 4377 398 4422 His
408 4377 517 4422 indicari
534 4380 600 4424 sutis
617 4379 721 4424 videtur
736 4380 764 4424 P.
782 4379 893 4424 michael
904 4380 1044 4435 Govierno‚
1055 4381 1098 4436 qul
1109 4381 1158 4425 hoc
1170 4391 1276 4424 munere
1287 4380 1395 4425 docendi
1410 4380 1505 4426 doctri·

272 4459 331 4492 num
349 4449 520 4494 christianam
538 4453 644 4505 egregie
662 4451 803 4496 valentiae
821 4452 906 4496 suerat
924 4453 1084 4506 perfunctus,
1103 4463 1194 4496 verum
1211 4452 1276 4495 certi
1292 4452 1356 4496 nibil
1374 4453 1505 4497 affirmare

275 4524 399 4566 valemus.

312 4595 324 4626 ⁴
350 4591 464 4646 Sclllcet,
475 4593 622 4646 Curavaca,
633 4593 794 4648 cirragena,
810 4593 1102 4649 Cieaa,Lorca,Mu1a,
1116 4597 1218 4640 Totana
1235 4601 1261 4640 et
1277 4595 1355 4640 Yecla
1368 4595 1458 4650 (Atlas
1471 4597 1507 4641 de

272 4665 394 4720 Espaiia,
403 4665 539 4720 aprobudo
549 4677 597 4716 por
606 4667 631 4710 el
643 4665 750 4722 eonsefo
762 4667 795 4710 de
805 4667 1101 4722 Instruccronpualrca.
1112 4668 1221 4721 Madrld,
1233 4667 1302 4718 1852).
1314 4667 1362 4711 Est
1373 4668 1454 4714 etiam
1465 4672 1505 4714 xl·

272 4739 332 4781 cina
342 4737 409 4780 uatis
421 4735 558 4788 onducto,
568 4739 613 4782 sed
624 4739 734 4782 alterius
746 4737 903 4784 Dloecescos
914 4747 1002 4795 caput.
