3717 5400
583 1181 647 1264 DE
673 1181 920 1266 PROVINCIA
948 1179 1192 1263 BRASlLlAE

334 1797 421 1862 1691.
466 1797 568 1862 Initio
590 1797 694 1879 hujus
716 1801 801 1864 anni
819 1799 925 1864 navis
946 1817 992 1863 ex
1012 1797 1230 1877 Portugallia
1252 1797 1289 1859 in
1311 1797 1500 1862 Brasiliam

270 1905 480 1986 navigabat,
497 1907 533 1969 in
548 1923 619 1987 qua
638 1908 748 1970 multa
770 1916 979 1971 ornamenta
999 1906 1045 1970 ad
1065 1908 1198 1970 cultum
1219 1903 1299 1984 Dei,
1322 1905 1444 1969 vinum
1465 1915 1503 1969 et

270 2012 424 2079 farinam
440 2013 547 2077 tritici
562 2013 608 2077 ad
623 2013 814 2078 Missurum
830 2031 943 2093 usum,
958 2021 994 2076 et
1009 2013 1079 2077 alia
1098 2014 1144 2076 ad
1168 2022 1371 2076 nostrorum
1395 2014 1504 2076 vesti·

272 2133 347 2185 tum
363 2121 566 2184 necessaria
587 2120 784 2184 mittebant.
806 2120 984 2202 Quidquid
1004 2131 1121 2185 autern
1143 2138 1164 2183 a
1185 2119 1284 2198 Rege
1303 2121 1503 2201 petebatur,

272 2227 502 2292 libentissime
517 2227 574 2291 ille
590 2228 819 2308 concedebat,
836 2229 1002 2309 quamvis
1016 2227 1091 2309 ejus
1105 2229 1256 2292 ministri
1271 2231 1363 2291 male
1373 2227 1411 2291 id
1422 2246 1504 2292 exe·
1569 2247 1573 2253 ·

273 2335 468 2414 quebantur
493 2343 526 2397 et
555 2335 688 2398 nostris
713 2335 938 2399 occasionem
967 2335 1188 2399 exercendae
1213 2334 1405 2416 patientiae
1429 2353 1502 2398 non

274 2441 441 2522 exiguam
463 2441 693 2521 praebebant.
716 2439 812 2504 Misit
835 2443 942 2506 etiam
964 2442 1041 2506 Rex
1063 2442 1185 2506 decem
1210 2453 1246 2506 et
1269 2454 1350 2506 octo
1372 2460 1504 2523 pueros

271 2549 455 2629 orphanos
474 2565 519 2612 ex
534 2547 601 2626 his,
629 2564 717 2629 quos
739 2547 777 2613 P.
799 2548 1005 2614 Domenecb
1026 2547 1034 2581 ¹
1054 2550 1266 2625 instituerat;
1288 2558 1322 2613 et
1336 2550 1504 2631 quamvis

275 2655 315 2720 P.
330 2655 446 2721 Miron
462 2653 697 2720 Provincialis
710 2673 754 2720 ne
770 2656 995 2722 mitterentur
1009 2657 1169 2736 curabat,
1187 2659 1269 2739 quia
1290 2656 1403 2721 nostri
1417 2657 1503 2721 scri·

276 2772 422 2845 pserunt
435 2781 497 2827 eos
512 2781 583 2827 non
598 2780 676 2827 esse
692 2765 925 2842 necessarios
942 2766 1106 2846 quodque
1126 2764 1346 2829 sufficiebant
1364 2764 1425 2842 illl,
1441 2765 1503 2844 qui

273 2871 346 2951 jam
362 2870 398 2933 in
413 2854 565 2933 Brasil'ia
580 2882 693 2949 erant,
709 2872 822 2935 voluit
842 2870 919 2935 Rex
937 2872 1165 2936 nihilominus
1185 2881 1223 2935 ut
1247 2889 1290 2935 eo
1311 2872 1419 2948 irent3
1442 2872 1504 2952 qui

275 2988 393 3041 autern
410 2978 455 3041 ad
470 2976 700 3041 christianam
715 2977 914 3042 doctrinam
930 2979 1126 3043 docendam
1142 2997 1211 3043 non
1227 2990 1329 3043 erant
1341 2996 1505 3043 necessa-

275 3085 330 3165 rii,
348 3102 410 3149 eos
423 3100 528 3165 posse
544 3084 682 3148 civibus
696 3084 822 3148 donari
835 3095 874 3150 ut
889 3087 942 3150 eis
952 3087 1178 3150 inservirent:
1190 3096 1224 3149 et
1237 3088 1305 3149 boc
1317 3087 1504 3150 videbatur

205 3262 213 3273 ,
270 3210 351 3257 esse
366 3191 475 3271 Regis
490 3191 688 3269 consilium,
707 3201 750 3257 ut.
760 3194 928 3272 populum
945 3194 1220 3257 christianorum
1234 3194 1271 3256 in
1286 3193 1344 3257 illa
1356 3193 1505 3272 regione

273 3309 434 3379 augeret,
452 3297 581 3363 adultis
596 3308 630 3361 et
646 3298 764 3378 pueris
777 3316 818 3363 eo
830 3300 1068 3380 transmissis;
1081 3302 1190 3365 immo
1202 3310 1237 3363 et
1248 3299 1423 3363 foeminas
1434 3300 1505 3364 sin·

271 3408 367 3487 gulis
390 3407 494 3470 annis
520 3405 680 3469 mittebat
705 3416 744 3469 ut
765 3406 929 3469 lusitanis
953 3408 1141 3486 nuberent;
1165 3418 1199 3470 et
1220 3408 1288 3471 hoc
1311 3408 1388 3489 ipso
1410 3425 1506 3471 anno

271 3513 465 3579 duodecim
481 3514 587 3577 misit.

339 3622 427 3684 1692.
471 3619 621 3684 Creatus
645 3630 733 3699 erat,
762 3630 799 3684 ut
820 3620 986 3697 diximus,
1013 3620 1247 3685 Provincialis
1272 3620 1446 3685 Brasiliae
1463 3620 1506 3685 P.

275 3726 483 3791 Emmanuel
498 3727 541 3789 de
557 3726 723 3805 Nobrega
738 3725 760 3805 ',
778 3727 835 3792 cui
850 3727 1002 3791 facultas
1017 3729 1125 3791 etiam
1140 3728 1396 3809 professionem
1408 3728 1508 3792 emit·

276 3834 372 3898 tendi
388 3852 409 3897 a
424 3834 529 3897 Patre
542 3834 679 3913 Ignatio
692 3835 800 3897 missa
813 3834 941 3915 iuerat;
954 3834 1048 3916 quod
1063 3837 1237 3913 nuntium,
1254 3837 1333 3899 licet
1346 3836 1414 3917 ipsi
1424 3851 1506 3915 gra·

276 3940 453 4005 tissimum
467 3940 602 4015 luisset,
620 3944 747 4021 exequi
763 3950 882 4005 tamen
901 3942 995 4023 quod
1015 3941 1265 4024 injungebatur
1283 3960 1354 4006 non
1378 3942 1507 4023 potuit,

274 4048 372 4131 quod
396 4048 578 4129 professus
602 4066 644 4112 ea
670 4048 704 4111 in
733 4046 920 4113 Provincia
940 4067 1011 4113 non
1031 4061 1136 4127 esset,
1160 4051 1194 4113 in
1218 4049 1318 4129 cuius
1344 4049 1507 4114 manibus

315 4362 323 4393 ¹
352 4360 454 4415 Petrus,
464 4362 573 4411 scilicet,
588 4360 745 4407 Domenecb.
759 4360 1014 4407 Vlllabeltramensia
1030 4362 1122 4416 Albas,
1132 4362 1164 4407 de
1174 4372 1224 4417 quo
1238 4363 1343 4418 saeplns
1355 4363 1409 4418 jam
1424 4363 1450 4407 ln
1460 4364 1510 4410 hoc

344 4434 373 4475 u'
389 4445 410 4477 o.

273 4432 342 4538 azo
352 4444 419 4549 liclde
436 4515 523 4559 supra,
536 4511 556 4550 t.
571 4515 608 4557 nr,
623 4516 683 4561 pac.
700 4506 749 4561 tta,
764 4506 813 4560 ⁴79,
827 4518 868 4552 nn.
883 4507 945 4561 1⁰21,
959 4506 1020 4562 1022,
1035 4514 1062 4553 et
1078 4506 1175 4551 Carras
1189 4509 1222 4553 de
1237 4508 1293 4551 San
1307 4508 1425 4562 Ignaclo,
1435 4514 1455 4552 t.
1470 4518 1509 4567 ru,

273 4588 335 4631 pag.
345 4576 394 4621 234.
405 4578 454 4621 Per
464 4578 600 4633 epistolum
610 4579 677 4623 enlm
693 4578 791 4623 Romae
800 4579 814 4623 9
824 4578 885 4632 Julli
902 4580 955 4623 leot
968 4580 1057 4625 datam
1068 4580 1097 4623 Ρ.
1108 4580 1227 4635 ignatius
1241 4580 1433 4625 Provincialem
1444 4580 1509 4625 Bra·

275 4648 351 4693 ulliae
361 4649 497 4694 constituit
508 4648 537 4694 P.
548 4648 677 4705 Nobreaea,
692 4651 818 4707 simulque
834 4662 892 4695 curn
905 4650 983 4707 lussit
998 4652 1185 4707 protensionem
1198 4653 1295 4698 lacere.
1304 4652 1372 4698 Eam
1386 4652 1508 4711 Nobregr

273 4721 361 4765 emisit
372 4722 399 4765 2⁶
412 4721 510 4777 Aprilis
522 4722 582 4765 1556.
