3717 5400
371 473 430 532 418
746 463 750 467 ’
833 472 960 531 Cnaou.
983 470 1059 529 Soc.
1081 472 1151 544 Jus.

375 627 458 682 runt
474 616 496 697 '3
511 636 578 681 nec
593 618 686 681 enim
702 635 791 681 crux
809 617 898 680 levis
921 616 990 697 ipsi
1010 626 1086 679 erat
1102 616 1211 697 quod,
1236 628 1380 697 propter
1400 636 1515 681 novas
1538 620 1605 683 col·
1655 603 1660 618 '

375 726 550 805 legiorum
564 724 800 800 fundationes
818 725 868 787 illi
887 742 933 787 ex
955 722 1197 803 Complutensi
1218 723 1378 803 Collegio
1401 725 1470 787 alio
1491 725 1605 789 mitte·

375 844 510 910 rentur,
525 833 586 913 qui
599 833 714 896 eidem
729 832 923 894 necessarii
937 830 1165 907 videbantur;
1188 848 1270 894 nam
1291 849 1373 895 cum
1395 832 1542 913 triginta
1562 833 1606 897 de

370 940 508 1005 'nostris
532 950 651 1003 essent
670 950 732 1002 aut
756 956 798 1001 eo
824 939 977 1018 amplius
1001 938 1178 1019 Compluti
1202 948 1224 1019 ⁸,
1249 942 1354 1019 pauci
1378 940 1605 1004 nihilominus

373 1056 479 1111 erant
493 1045 719 1124 confessarii,
741 1046 776 1109 id
796 1055 859 1122 est,
883 1055 1023 1125 praeter
1043 1047 1159 1127 ipsum
1182 1047 1324 1110 Patrem
1338 1048 1604 1111 Emmanuelem

376 1172 467 1218 unus
481 1155 541 1216 vel
555 1154 645 1216 alter
659 1150 681 1228 ³;
699 1163 733 1216 et
748 1161 867 1215 tamen
882 1152 1009 1215 messis
1024 1154 1168 1233 copiosa
1185 1156 1305 1235 plures
1325 1155 1509 1234 operarios
1531 1155 1606 1218 exi·

373 1264 495 1343 gebat.

441 1369 527 1434 1207.
572 1370 662 1434 Cum
676 1368 901 1450 Complutum
923 1370 1022 1432 venit
1036 1369 1073 1432 P.
1091 1368 1252 1449 Baptista
1275 1369 1318 1432 de
1334 1370 1481 1446 Barma,
1500 1383 1536 1433 ut
1551 1388 1607 1433 su·

375 1479 497 1558 petius
511 1477 693 1557 tetigimus
707 1476 730 1557 ⁴,
747 1479 877 1558 partim
891 1476 1133 1553 concionibus
1149 1494 1238 1556 quas
1253 1476 1288 1539 in
1303 1476 1463 1540 ecclesiis
1478 1476 1604 1556 prima·

376 1587 440 1649 riis
467 1585 601 1663 habuit,
629 1602 710 1648 cum
736 1601 868 1664 magna
894 1582 1097 1647 auditorum
1118 1583 1327 1664 frequentia,
1350 1584 1481 1664 partim
1502 1584 1607 1647 collo·

375 1694 470 1773 quiis
484 1691 635 1772 privatis
650 1709 731 1755 cum
747 1692 835 1754 viris
850 1690 926 1771 eius
941 1690 1205 1770 UniversitatiS,
1222 1691 1283 1771 qui
1302 1692 1504 1771 frequenter
1525 1706 1605 1755 eum

376 1800 590 1878 invisebant,
606 1799 761 1863 fructum
776 1817 848 1861 non
862 1797 1112 1878 poenitendum
1128 1798 1252 1877 paucis
1272 1798 1395 1861 diebus
1416 1798 1548 1878 coepit;
1572 1806 1607 1860 et

375 1924 595 1987 magnopere
610 1924 691 1969 eum
705 1906 858 1971 retinere
872 1904 1062 1984 Compluti,
1085 1906 1210 1967 saltem
1226 1903 1272 1966 ad
1292 1914 1442 1985 tempus
1465 1904 1607 1984 plurimi

376 2015 603 2096 expetebant,
620 2024 654 2077 et
674 2014 721 2077 ad
740 2028 910 2091 magnum
928 2011 996 2074 Dei
1018 2012 1203 2076 servitium
1224 2012 1259 2076 id
1283 2028 1467 2075 cessurum
1488 2012 1607 2075 existi·

377 2126 534 2187 mabant.

441 2229 529 2295 1208.
573 2229 698 2310 Coepit
713 2239 831 2292 autem
848 2228 972 2307 primis
992 2226 1171 2289 mensibus
1193 2224 1295 2306 hujus
1316 2227 1400 2290 anni
1422 2235 1607 2307 tantopere

379 2356 547 2403 numerus
562 2336 803 2401 confitentium
817 2344 851 2397 et
872 2334 1208 2397 communicantium
1230 2351 1403 2413 crescere,
1427 2344 1465 2397 ut
1485 2333 1608 2397 diebus

377 2448 478 2511 festis
489 2456 571 2508 ante
582 2443 765 2507 meridiem
776 2458 922 2505 necesse
934 2450 1027 2505 esset
1039 2438 1187 2520 Collegii
1198 2442 1327 2505 ostium
1340 2449 1500 2521 apertum
1515 2449 1608 2505 tene-

379 2573 418 2616 re
434 2562 577 2633 propter
592 2549 866 2629 ingredientium
881 2559 915 2611 et
932 2546 1188 2627 egredientium
1202 2547 1461 2612 multitudinem
1474 2566 1481 2627 ;
1504 2556 1538 2611 et
1556 2549 1608 2611 sic

379 2659 603 2725 Universitas
619 2657 678 2721 illa
693 2664 728 2720 et
746 2658 898 2737 populus
917 2654 1119 2736 hujusmodi
1139 2655 1414 2737 frequentationi
1435 2654 1607 2720 afficieba-

377 2779 448 2845 tur,
471 2777 511 2830 ut
528 2781 710 2845 nunquam
732 2772 837 2826 antea
857 2759 941 2843 quid
963 2762 1076 2824 simile
1095 2761 1273 2842 Compluti
1290 2762 1407 2827 visum
1426 2762 1531 2826 fuerit
1542 2781 1549 2844 ;
1573 2773 1608 2827 et

378 2874 544 2956 quamvis
568 2871 664 2934 domi
691 2881 835 2934 nostrae
857 2885 981 2933 omnes
1002 2869 1207 2933 sacerdotes
1230 2870 1416 2934 dominicis
1441 2887 1484 2933 ac
1509 2871 1608 2936 festis

378 2983 514 3060 diebuS,
536 2994 570 3044 et
586 2977 796 3059 quibusdam
819 2977 927 3040 etiam
947 2976 1123 3056 profestis,
1147 2995 1185 3040 se
1206 2986 1300 3040 totos
1322 2977 1507 3044 audiendis
1526 2995 1607 3041 con·

377 3089 591 3153 sessionibus
606 3096 837 3166 exponerent,
853 3084 978 3165 paucis
993 3091 1158 3164 poterant
1172 3084 1395 3163 satisfacere,
1413 3087 1443 3148 si
1458 3102 1537 3148 cum
1553 3085 1609 3148 his

377 3204 694 3278 compararentur,
726 3194 786 3273 qui
816 3192 862 3254 ad
889 3192 959 3254 hoc
984 3201 1247 3254 sacramentum
1275 3191 1509 3255 confluebant.
1539 3190 1609 3256 Sed

378 3305 545 3384 quamvis
560 3301 655 3366 domi
670 3311 814 3363 nostrae
830 3316 901 3361 non
916 3298 1030 3378 potuit
1045 3298 1173 3360 horum
1188 3299 1344 3361 omnium
1358 3298 1538 3363 devotioni
1557 3316 1610 3362 sa·

380 3411 514 3485 tisfieri,
531 3409 646 3472 effecit
661 3407 866 3470 eorumdem
878 3404 1062 3484 diligentia
1075 3415 1109 3468 et
1121 3405 1276 3468 studium
1288 3417 1325 3468 ut
1336 3408 1433 3469 circa
1448 3407 1513 3469 hoc
1524 3415 1608 3470 tem·

379 3536 447 3598 pus
458 3519 495 3580 in
511 3517 621 3579 variis
642 3515 721 3578 aliis
741 3513 901 3576 ecclesiis
915 3521 1045 3591 essent,
1067 3512 1127 3594 qui
1145 3512 1386 3576 confessiones
1406 3513 1609 3594 frequenter

379 3625 563 3701 audirent;
581 3633 615 3684 et
629 3621 888 3699 fidedignorum
901 3621 1016 3682 relatu
1031 3618 1215 3698 cognitum
1234 3629 1287 3682 est
1306 3637 1415 3700 supra
1435 3621 1528 3683 mille
1548 3621 1608 3684 ho-

381 3733 495 3795 mines
510 3739 640 3794 octavo
654 3744 792 3809 quoque
807 3726 864 3789 die
878 3725 1056 3806 Compluti
1071 3726 1116 3788 ad
1132 3725 1390 3790 confessionem
1404 3737 1438 3790 et
1456 3745 1610 3791 commu·

380 3841 525 3902 nionem
541 3836 723 3899 accedere.

445 3944 532 4008 1209.
575 3944 669 4008 Inter
685 3959 745 4006 eos
761 3951 890 4018 autem,
908 3943 967 4022 qui
983 3941 1116 4004 nostris
1131 3941 1388 4004 confitebantur
1407 3953 1442 4004 et
1461 3941 1608 4005 familia·

380 4053 467 4117 riter
482 4053 577 4116 domi
591 4060 735 4114 nostrae
751 4049 916 4128 agebant,
940 4048 1050 4129 aliqui
1068 4058 1170 4111 erant
1190 4049 1344 4112 illustres
1364 4059 1398 4111 et
1421 4049 1508 4112 clari
1526 4049 1608 4128 viri,

380 4161 442 4242 qui
467 4159 573 4224 studii
601 4158 717 4238 gratia
747 4155 792 4219 ad
822 4173 900 4218 eam
929 4155 1208 4219 Universitatem
1238 4165 1428 4233 venerant,
1460 4173 1610 4237 quorum

423 4366 432 4398 ¹
460 4364 527 4408 Vide
538 4373 626 4417 supra,
637 4368 656 4406 t.
667 4374 703 4410 tv.
713 4372 773 4416 pag.
784 4359 833 4413 481,
845 4371 869 4402 n.
882 4359 941 4410 1016,
951 4366 977 4402 et
987 4371 1047 4414 pag.
1058 4359 1106 4412 ast,
1117 4370 1142 4402 n.
1155 4358 1207 4402 maa
1217 4366 1243 4402 et
1254 4366 1342 4404 annot.
1352 4361 1374 4404 5.

422 4439 434 4470 ⁸
461 4437 528 4481 Vlde
538 4446 626 4490 supra,
637 4442 657 4477 t.
667 4445 703 4482 rr.
714 4445 774 4488 pag.
784 4432 834 4482 407,
846 4437 934 4476 annot.
946 4431 969 4474 3.

422 4508 434 4543 ⁸
460 4509 583 4553 Patribus
593 4507 734 4550 villanova
745 4513 771 4547 et
782 4503 885 4547 Salinas
900 4503 1052 4546 absentibus
1062 4501 1137 4550 <Vide
1148 4515 1235 4558 supra,
1251 4510 1270 4546 t.
1287 4515 1322 4556 ιν,
1334 4515 1394 4558 pag.
1404 4505 1451 4557 423,
1464 4515 1490 4548 n.
1502 4504 1560 4559 ⁹12),
1571 4515 1611 4548 re·

380 4585 530 4624 manserant
542 4578 678 4632 Compluti,
690 4587 747 4619 cum
759 4575 786 4618 P.
797 4575 891 4628 Lopez,
906 4573 954 4616 ΡΡ.
965 4573 1086 4626 Carrlllo,
1097 4573 1181 4618 Vlllua
1191 4583 1217 4618 et
1226 4573 1430 4630 christophorus
1440 4575 1533 4630 Lopez,
1544 4582 1572 4622 at
1582 4575 1609 4621 hi

381 4653 433 4696 duo
443 4652 536 4696 studiis
546 4660 651 4704 operam
663 4650 805 4691 navabant.

423 4725 434 4756 ⁴
461 4721 681 4776 Fut-Rhombi&
