3717 5400
840 489 903 548 ΑΝ.
926 491 996 548 imo
1473 487 1533 548 297

296 652 378 698 cum
394 634 534 714 probati
547 651 617 697 non
629 645 760 714 essent,
774 635 882 717 aliqui
893 653 1021 716 parum
1032 645 1237 700 constantes
1247 653 1286 698 se
1298 635 1527 716 praebebant,

294 742 387 806 inter
400 758 490 822 quos
504 741 570 806 fuit
585 743 642 805 ille
661 744 832 823 magister
851 743 1041 827 Jordanus,
1067 745 1128 824 qui
1150 744 1258 807 aliam
1280 743 1530 824 probationem

296 865 369 912 non
393 849 585 925 habuerat,
612 867 720 929 quam
746 849 899 916 officium
929 850 1104 931 capellani
1135 851 1336 914 exercendo
1364 849 1529 913 Chutem·

298 957 398 1036 bergi
416 955 437 1018 ¹.
453 953 523 1018 Sed
541 967 575 1018 et
597 956 689 1020 alius
713 957 858 1038 quidam
883 958 1065 1036 sacerdos
1091 958 1234 1021 nomine
1255 955 1431 1034 AndreaS,
1448 973 1530 1020 cum

298 1062 448 1125 Romam
464 1063 633 1141 venisset,
650 1064 687 1127 in
698 1081 764 1128 suo
776 1065 959 1144 proposito
972 1065 1185 1145 intepuerat,
1198 1081 1290 1144 quae
1300 1063 1405 1127 facile
1415 1071 1528 1126 osten·

298 1169 429 1234 debant
441 1179 516 1232 tam
528 1173 676 1250 longum
688 1172 754 1234 iter
766 1187 836 1234 uon
848 1188 927 1235 esse
938 1170 1202 1252 suscipiendum
1213 1171 1329 1248 facile,
1341 1170 1534 1250 etpropius

299 1277 455 1357 aliquam
481 1277 701 1356 probationis
728 1277 887 1352 domum,
912 1281 971 1342 vel
996 1278 1204 1358 collegium,
1232 1277 1342 1342 fuisse
1367 1293 1529 1341 necessa-

301 1381 430 1446 rium'.

357 1487 429 1554 809.
473 1489 576 1570 Quod
592 1491 717 1554 attinet
734 1489 781 1555 ad
794 1491 963 1572 frequens
977 1501 1240 1557 sacramentum
1260 1490 1532 1568 communionis,

298 1599 513 1664 sententiam
525 1597 641 1661 Patris
655 1598 785 1677 Ignatii
800 1600 894 1662 scire
910 1600 1077 1680 cupiebat
1091 1599 1130 1662 P.
1146 1599 1339 1676 Adrianus,
1357 1615 1441 1660 nam
1455 1596 1531 1678 ipse

298 1707 526 1770 existimabat
541 1705 805 1772 adhortandum
816 1725 895 1772 esse
906 1708 1078 1787 populum
1088 1708 1135 1770 ad
1142 1706 1357 1770 desiderium
1367 1705 1531 1786 frequen-

300 1825 354 1878 ter
366 1813 664 1892 communicandi3
677 1813 741 1876 sed
752 1815 925 1894 paulatim
937 1833 1061 1878 omnes
1072 1814 1119 1878 ad
1130 1814 1224 1876 hanc
1236 1813 1533 1877 sacramentalem

302 1922 587 1984 communionem
610 1919 832 2000 frequentem
866 1921 1123 1999 admittendos,
1149 1921 1302 2001 primum
1331 1920 1366 1984 in
1391 1919 1534 1998 magnis

301 2027 568 2104 festivitatibus,
596 2027 722 2091 deinde
746 2028 898 2107 singulis
924 2029 1122 2105 mensibus,
1154 2039 1279 2108 postea
1307 2026 1535 2107 quindecimo

300 2151 439 2215 quoque
454 2135 521 2204 die.
539 2149 582 2196 ac
598 2135 741 2198 demum
755 2135 906 2214 singulis
927 2135 1131 2212 dominicis,
1152 2144 1257 2215 prout
1276 2134 1529 2214 unusquisque,

300 2259 371 2306 non
385 2251 523 2304 tantum
538 2240 626 2304 bene
642 2252 777 2320 ageret,
795 2242 858 2306 sed
872 2243 908 2305 in
924 2243 1047 2305 babitu
1061 2242 1149 2306 bene
1168 2240 1298 2320 agendi
1313 2241 1454 2304 radices
1471 2241 1532 2304 ha·

300 2349 400 2412 beret
414 2359 448 2412 ct
462 2349 619 2412 minores
630 2348 881 2412 distractiones
892 2349 1067 2430 peccandi
1080 2349 1239 2427 haberet;
1252 2348 1313 2412 sed
1326 2347 1387 2412 alii
1402 2347 1447 2410 ad
1461 2346 1532 2410 hoc

303 2457 419 2535 ipsum
431 2454 551 2533 juvari
575 2454 772 2534 frequentia
799 2465 1119 2533 sacramentorum,
1145 2465 1182 2518 ut
1203 2455 1336 2536 optima
1358 2453 1533 2516 medicina

303 2561 585 2643 praeservativa,
599 2562 807 2625 sentiebant.

362 2668 432 2733 810.
477 2669 514 2733 P.
549 2669 674 2733 Petrus
696 2669 823 2751 Spiga,
850 2670 994 2746 sarduS,
1019 2671 1087 2733 hac
1117 2680 1253 2734 aestate
1281 2686 1370 2750 pene
1398 2668 1538 2733 duobus

301 2778 482 2841 mensibus
497 2778 533 2841 in
547 2778 759 2858 quibusdam
779 2777 938 2841 fontibus
962 2795 1073 2857 prope
1097 2774 1296 2842 Leodium⁸
1319 2775 1538 2839 valetudinis

302 2902 412 2947 causa
427 2884 503 2949 fuit.
519 2884 572 2948 Eo
588 2902 625 2948 se
641 2886 841 2948 contulerat
858 2884 1011 2948 Ducissa
1032 2884 1208 2965 quaedam
1222 2902 1268 2947 ex
1288 2885 1372 2947 aula
1390 2883 1533 2947 Bruxel-

302 2992 393 3054 lensi
404 3001 438 3054 et
453 2990 497 3054 D.
515 2991 665 3057 Alexius
676 2990 705 3053 F
707 3001 853 3068 oritana,
871 3009 952 3055 cum
967 2991 1121 3072 quodam
1133 2992 1203 3055 alio
1215 2989 1414 3055 Secaetario
1424 2990 1533 3069 Impe-

302 3100 435 3163 ratoris
449 3094 462 3129 ⁴
476 3108 510 3162 et
526 3098 605 3161 aliis
620 3098 808 3176 nobilibuS,
826 3098 862 3161 in
878 3114 1031 3177 quorum
1043 3098 1201 3177 gratiam
1212 3097 1368 3177 quotidie
1380 3095 1534 3159 celebra-

305 3207 376 3282 bat;
392 3216 522 3269 etcum
536 3205 624 3269 nihil
639 3206 819 3285 acciperet
845 3222 979 3281 eorum,
997 3222 1088 3284 quae
1103 3205 1171 3284 ipsi
1184 3204 1433 3281 offerebantur,
1449 3212 1485 3265 et
1498 3203 1535 3265 in

303 3314 536 3377 familiaribus
551 3312 659 3377 etiam
680 3312 876 3391 colloquiis
894 3312 1057 3376 omnibus
1074 3311 1312 3375 aedificationi
1325 3311 1402 3374 fuit.
1419 3311 1462 3374 Ei
1476 3310 1536 3373 de-

303 3438 400 3484 mum
414 3420 568 3485 Ducissa
585 3420 748 3484 confessa
760 3430 813 3483 est
829 3438 910 3483 cum
923 3422 1014 3498 aliis,
1027 3431 1065 3483 ut
1077 3438 1122 3483 ne
1133 3430 1272 3501 tempus
1283 3419 1478 3483 curationis
1490 3419 1538 3481 ab

305 3526 550 3592 aedificatione
564 3545 719 3592 vacuum
733 3540 839 3592 esset.

305 3732 451 3777 invenimus
460 3732 493 3777 ll.
504 3732 643 3787 neptulam
654 3732 776 3783 Fabrum.
787 3734 953 3788 brugensem.
966 3734 1008 3787 qui
1019 3732 1139 3777 Messana
1149 3735 1175 3777 ln
1185 3732 1324 3777 Societatls
1335 3733 1451 3787 collegio
1466 3734 1536 3776 ultra

305 3805 415 3858 quinque
426 3814 508 3847 annos
518 3814 628 3857 graecas
638 3810 664 3846 et
675 3804 772 3847 latinas
786 3804 891 3849 litteras
901 3804 1033 3858 professus
1044 3812 1083 3848 est
1094 3812 1120 3848 et
1130 3804 1283 3848 utilissimus
1297 3804 1422 3848 ecclesiae
1437 3814 1540 3847 eorum—

305 3876 363 3919 dem
373 3874 496 3919 Treveris
507 3876 639 3929 professor
655 3875 729 3927 erit„
739 3875 853 3928 Harena,
865 3878 881 3921 1.
892 3888 923 3929 c.,
935 3888 996 3929 pag.
1006 3876 1184 3920 Sit-Verum
1193 3876 1216 3919 si
1226 3877 1275 3920 hoc
1285 3886 1360 3928 anno,
1375 3875 1539 3930 probationis

305 3958 397 3998 causa,
413 3946 522 3992 Romam
537 3946 654 3991 Lovanlo
669 3947 762 3991 missus
777 3954 825 3999 est,
842 3948 962 4002 quamvls
977 3948 1066 3991 eodem
1079 3958 1149 3991 anno
1164 3954 1210 3991 aut
1220 3947 1352 4002 sequentis
1364 3946 1439 3990 initlo
1454 3944 1537 3989 Roma

305 4016 452 4061 Messanam
466 4017 678 4067 mitteretur,le
689 4027 757 4060 anno
773 4016 832 4075 1560,
843 4018 904 4060 licet
914 4018 961 4060 sub
977 4016 1060 4068 linem,
1070 4015 1122 4061 dici
1136 4029 1199 4060 vere
1213 4022 1318 4071 poterut
1328 4027 1387 4060 eum
1401 4014 1537 4059 Messanae

305 4088 379 4131 ultra
389 4088 500 4142 quinque
511 4098 591 4131 annos
600 4088 689 4132 luisse.

346 4158 355 4191 ¹
383 4158 451 4203 Vide
462 4170 549 4213 supra,
560 4170 620 4213 pag.
630 4159 678 4213 292,
689 4170 713 4203 n.
723 4159 772 4203 797.

345 4230 357 4262 ¹
385 4230 424 4275 De
435 4232 476 4275 his
487 4242 552 4285 quae
563 4230 660 4275 Romae
672 4242 729 4275 cum
740 4232 789 4275 hoc
806 4232 913 4275 Andrea
928 4232 1113 4287 antuerpiensi
1130 4238 1206 4286 gesta
1220 4237 1290 4285 sunt,
1305 4231 1405 4280 scribit,
1415 4241 1448 4272 ex
1462 4241 1541 4275 com..

304 4304 433 4347 Polancus
444 4302 517 4346 Patri
530 4302 645 4347 Adriano
657 4304 703 4347 19.·
713 4302 802 4347 uarat
813 4304 875 4348 1555.

343 4376 354 4408 ⁸
384 4374 498 4425 Scilicet.
514 4374 540 4418 in
557 4374 651 4429 oppido
662 4373 726 4428 spa,
737 4386 786 4429 quo
802 4376 882 4421 etlam
892 4388 920 4421 ae
930 4377 1041 4421 contulit
1055 4377 1155 4432 aliquot
1169 4382 1227 4431 post
1242 4374 1317 4421 anni·
1327 4374 1355 4419 P.
1365 4374 1541 4429 Hieronymus

304 4446 414 4492 Natalis.
426 4446 541 4499 Haustus,
552 4448 570 4489 l.
581 4458 611 4497 c..
623 4458 683 4501 pag.
692 4448 741 4491 1129.

343 4521 356 4553 ὑ
382 4518 457 4562 Hunc
466 4516 637 4572 imperatoris
647 4520 818 4563 secretarium
829 4530 967 4563 summum
974 4522 1092 4575 appellat
1099 4521 1231 4565 Adrianus
1239 4520 1428 4563 Adrlnensaens
1435 4517 1541 4572 ignatio

305 4590 337 4633 de
346 4590 386 4633 bis
396 4590 512 4633 scribens
520 4588 652 4643 (Litterae
659 4590 890 4643 Quaartmesms,
900 4601 919 4636 t.
928 4602 966 4645 ur,
973 4603 1033 4646 pag.
1042 4592 1103 4643 ost).
1113 4600 1138 4635 et
1146 4602 1232 4635 sermo
1239 4603 1297 4635 esse
1306 4591 1409 4635 uldetur
1419 4591 1451 4633 de
1458 4589 1540 4635 Fran·

306 4662 375 4705 cleco
386 4662 502 4715 vargas,
513 4671 527 4703 e
538 4660 611 4715 cuiun
621 4661 696 4704 domo
705 4668 730 4705 et
742 4662 840 4707 tantilla
849 4670 908 4707 erut
919 4664 1029 4707 Alexim
1038 4662 1167 4708 Fontem.
1176 4664 1242 4707 Vide
1249 4674 1338 4718 supra,
1347 4670 1366 4707 t.
1377 4674 1413 4717 ni,
1423 4662 1542 4718 pamm,

306 4740 396 4777 annot.
409 4735 429 4775 ¹2.
