3717 5400
395 470 450 536 541)
852 474 979 535 Cnaon.
1001 473 1078 535 Soc.
1098 476 1168 549 Jas.

391 622 489 685 tiliae
512 622 683 701 magister
709 620 827 699 Avila,
852 621 895 685 de
917 620 1077 700 Collegio
1098 620 1237 685 Baezae
1257 639 1338 685 cum
1365 622 1404 686 P.
1430 623 1629 690 Francisco

392 728 561 792 convenit
575 739 613 791 ut
628 728 781 802 interim,
798 728 881 795 dum
896 727 1013 791 nostri
1026 729 1180 793 lectores
1194 728 1386 807 mitterent,
1403 729 1455 793 illi
1467 731 1536 809 ipsi
1549 732 1628 796 iun-

393 844 564 915 gerentur
586 838 758 899 lectorum
781 835 907 913 officio,
929 836 1092 916 quiante
1113 834 1150 899 id
1171 844 1311 916 tempus
1334 836 1447 901 iuncti
1471 838 1624 913 ineman

392 960 483 1020 nuos
498 943 628 1023 alioqui
643 930 815 1021 magister
835 941 943 1005 Avila
964 942 1046 1005 inde
1065 959 1252 1006 removere
1270 943 1453 1021 noluisset,
1474 945 1543 1009 nisi
1563 948 1623 1009 ali-

391 1050 475 1132 quid
490 1051 537 1114 ad
551 1068 674 1114 eorum
692 1050 985 1114 sustentationem
1000 1067 1046 1113 ex
1064 1050 1152 1129 ipsis
1171 1050 1342 1114 reditibus
1361 1053 1577 1131 providisset
1599 1052 1622 1116 ¹.

454 1157 542 1222 1496.
586 1158 753 1222 Pervenit
773 1156 990 1220 Tordesillas
1005 1156 1062 1220 die
1084 1158 1228 1220 veneris
1247 1168 1329 1221 ante
1354 1158 1568 1224 dominicam
1585 1162 1623 1225 in

390 1265 560 1330 Passione
572 1271 594 1344 ⁸,
609 1276 643 1329 et
654 1264 829 1345 Reginam
840 1262 852 1294 ³
864 1264 998 1339 invisit,
1012 1272 1047 1328 et
1058 1282 1104 1327 ex
1115 1266 1263 1328 medicis
1275 1266 1449 1330 intellexit
1460 1267 1623 1331 morbum

391 1372 533 1454 quidem
559 1374 725 1436 lethalem
749 1389 844 1451 esse,
872 1371 934 1457 sed
959 1388 1031 1467 non
1058 1372 1244 1435 imminere
1269 1380 1343 1435 tam
1368 1373 1439 1437 cito
1463 1372 1625 1453 Reginae

389 1490 552 1561 mortem;
566 1490 600 1543 et
613 1482 661 1543 ita
672 1495 884 1560 progressus
895 1488 949 1541 est
960 1477 1147 1542 Simancas
1158 1488 1193 1542 et
1204 1480 1463 1558 Vallisoletum,
1476 1490 1513 1543 ut
1523 1480 1624 1546 Prin-

389 1588 459 1669 cipi
473 1589 634 1671 Joannae
649 1603 686 1649 se
708 1586 907 1651 accersenti
925 1595 1080 1666 pareret.
1100 1586 1145 1650 Et
1165 1603 1392 1668 summopere
1409 1588 1470 1651 illa
1490 1589 1624 1653 laetata

388 1704 443 1759 est
458 1695 502 1758 de
521 1694 633 1775 ipsius
653 1693 820 1772 adventu,
843 1702 878 1755 et
899 1692 1068 1756 convenit
1090 1693 1182 1756 inter
1203 1710 1266 1756 eos
1287 1702 1325 1756 ut
1345 1692 1532 1759 Simancas
1553 1696 1622 1759 iret

389 1800 427 1863 P.
454 1800 682 1875 FranciscuS,
706 1810 741 1863 et
762 1800 976 1880 simulatque
997 1816 1019 1861 a
1038 1798 1248 1863 Marchione
1266 1798 1433 1864 Deniae‘
1451 1802 1623 1869 nuncium

389 1909 579 1989 acciperet,
599 1917 638 1970 ut
659 1908 704 1970 ad
726 1906 900 1987 Reginam
919 1906 1097 1989 Joannam
1117 1905 1335 1971 Tordesillas
1359 1907 1502 1987 rediret,
1525 1910 1619 1989 quod

390 2016 559 2097 oppidum
575 2015 686 2079 tribus
701 2014 811 2078 leucis
826 2013 1003 2077 Simancis
1019 2014 1140 2077 distat.

451 2122 539 2185 1497.
582 2122 663 2203 Ipsa
674 2139 761 2201 ergo
774 2115 952 2185 dominica
964 2119 1168 2185 Palmarum
1179 2120 1202 2200 ¹,
1216 2123 1432 2202 apraedicto
1444 2122 1620 2187 Marehio·

387 2249 433 2294 ne
447 2239 598 2293 vocatus
613 2239 647 2292 et
663 2229 879 2293 Tordesillas
893 2230 1052 2307 venienS,
1077 2225 1252 2307 Reginam
1272 2230 1375 2292 valde
1396 2230 1618 2294 laborantem

387 2338 535 2417 invenit,
553 2354 654 2416 quae,
671 2336 777 2399 Patre
790 2334 985 2398 Francisco
1000 2344 1204 2415 conspecto,
1221 2336 1378 2399 laetitiae
1390 2336 1493 2415 signa
1504 2338 1616 2401 dedit.

386 2444 516 2509 Notum
531 2455 585 2507 est
601 2443 734 2524 passim
749 2443 844 2524 quod
863 2443 953 2505 haec
973 2440 1111 2522 Regina
1133 2442 1283 2524 Joanna,
1309 2442 1462 2523 Philippi
1479 2442 1493 2480 ⁶
1509 2445 1614 2525 primi

386 2562 537 2616 mortem
562 2552 787 2614 immaturam
812 2549 1027 2628 gravissime
1053 2551 1210 2613 sentiens
1234 2550 1362 2630 (primo
1387 2551 1481 2614 enim
1506 2569 1614 2630 anno,

385 2676 456 2741 quo
471 2661 507 2724 in
522 2658 733 2739 Hispaniam
748 2658 845 2721 venit
860 2656 906 2720 ad
920 2655 996 2737 ejus
1011 2659 1114 2736 regni
1134 2657 1440 2738 gubernationem,
1458 2668 1619 2724 mortuus

385 2766 465 2846 est),
480 2783 583 2830 usum
597 2767 685 2828 recti
697 2763 819 2844 judicii
835 2765 1018 2843 amiserat,
1035 2773 1070 2828 et
1089 2764 1138 2827 ita
1158 2773 1260 2828 extra
1281 2776 1435 2829 mentem
1456 2766 1620 2846 plurimis

387 2873 490 2936 annis
514 2873 551 2935 in
572 2872 696 2935 eodem
718 2871 848 2952 oppido
870 2879 1058 2934 asservata
1077 2871 1235 2949 vixerat;
1261 2884 1296 2935 et
1319 2871 1393 2951 ejus
1415 2873 1495 2935 loco
1515 2883 1618 2952 pater

385 2979 496 3061 ipsius
511 2978 756 3042 Ferdinandus
772 2977 794 3056 ¹,
813 2979 871 3058 qui
883 2975 957 3056 jam
971 2976 1157 3058 Neapolim
1171 2979 1218 3042 ad
1238 2996 1340 3042 suum
1361 2979 1446 3042 illud
1466 2995 1617 3058 regnum

384 3095 594 3164 recesserat,
611 3085 751 3148 rediens
766 3085 801 3146 in
816 3083 1038 3162 Hispaniam,
1056 3083 1223 3165 quamdiu
1244 3085 1334 3148 vixit
1348 3082 1371 3163 ⁸,
1392 3086 1615 3165 gubernatio·

382 3211 463 3258 nem
480 3191 555 3272 ejus
570 3192 673 3272 regni
688 3190 961 3268 administravit;
978 3200 1013 3253 et
1026 3199 1108 3271 post
1127 3188 1203 3270 eJ‘us
1222 3202 1387 3272 mortem,
1410 3191 1561 3256 Carolus
1581 3192 1617 3256 V

382 3301 581 3382 Imperator
595 3317 706 3380 usque
722 3299 768 3361 ad
789 3298 883 3360 hunc
905 3297 1020 3378 ipsum
1041 3315 1186 3376 annum,
1208 3298 1245 3361 in
1265 3316 1335 3379 quo
1356 3311 1390 3363 et
1405 3300 1481 3380 ipse
1501 3315 1614 3379 regna

382 3409 588 3489 Hispaniae,
615 3414 654 3469 ut
678 3405 840 3486 superius
865 3405 1048 3484 attigimus
1072 3402 1100 3483 ⁹,
1125 3405 1335 3485 resignavit3
1363 3423 1430 3470 nec
1458 3423 1615 3488 unquam

381 3525 456 3578 toto
470 3515 541 3577 hoc
555 3523 726 3592 tempore,
743 3529 787 3574 ne
802 3511 1000 3574 intervallis
1011 3510 1154 3592 quidem
1164 3512 1303 3589 lucidis,
1318 3529 1444 3577 sanam
1459 3523 1613 3577 mentem

380 3621 517 3702 Regina
532 3620 671 3702 Joanna
687 3606 851 3682 ostendit.

421 3791 430 3824 Ι
458 3789 525 3835 Vide
536 3801 623 3845 snpra,
635 3793 655 3832 t.
665 3799 701 3839 iv,
712 3799 771 3843 pag.
782 3787 830 3841 ⁴⁶9,
841 3791 929 3831 annot.
942 3788 963 3832 1.

416 3861 429 3894 ¹
456 3861 561 3906 Scilicet
572 3861 621 3905 29.¹
631 3859 727 3904 Martii.
740 3859 875 3904 Dominica
890 3860 959 3902 ealm
969 3858 1000 3902 de
1015 3858 1140 3903 Passione
1153 3859 1202 3903 fuit
1218 3859 1267 3903 hoc
1283 3871 1351 3904 anno
1360 3861 1412 3905 8l.⁸
1421 3859 1517 3913 Martii,
1528 3871 1555 3906 et
1565 3862 1614 3905 Re·

380 3934 550 3979 surrectionis
560 3933 662 3976 Pascha
672 3931 718 3974 tt·
729 3929 836 3988 Aprilis.

417 4006 430 4040 ⁸
456 4005 591 4060 joannam,
602 4003 689 4047 Caroli
700 4001 724 4046 V
735 4009 850 4046 matrem.

418 4078 431 4112 ⁴
457 4077 606 4122 Bernardns
617 4076 647 4119 de
659 4075 791 4120 sandoval
804 4081 830 4118 et
843 4073 936 4129 Rotas,
947 4075 990 4118 cni
1000 4075 1091 4118 domus
1103 4075 1219 4130 Reginae
1229 4086 1292 4120 cura
1306 4077 1442 4121 commissa
1453 4088 1469 4121 a
1480 4076 1574 4122 Carolo
1587 4077 1614 4121 V

376 4151 471 4195 iuerat.

416 4222 428 4254 5
446 4245 449 4252 ,
588 4221 602 4246 Ι

414 4290 427 4324 ⁶
454 4221 709 4347 ggiiggssaasmae
718 4291 881 4345 Archiducis,
893 4291 1072 4346 Maximillam,
1083 4291 1257 4336 Romanorum
1270 4291 1356 4347 Regis.
1367 4291 1422 4337 iiiii.

415 4365 426 4396 1
454 4365 642 4414 Ferdlaandus,
655 4364 804 4408 catholicus
815 4365 911 4408 dictus.

416 4439 429 4472 Ι
454 4437 530 4490 “1516,
540 4437 568 4480 23
577 4437 608 4480 de
622 4435 833 4480 Enero.-iliuore
843 4448 875 4479 en
891 4435 1040 4492 Madrllejos
1055 4437 1115 4490 (sic,
1125 4435 1312 4491 Madridejos),
1327 4437 1409 4481 donde
1420 4449 1447 4481 se
1463 4437 1570 4482 hallaba
1580 4439 1616 4482 de

374 4521 438 4567 peso
448 4520 514 4566 para
525 4507 624 4552 Sevilla
635 4521 652 4564 y
662 4505 794 4562 Granada,
805 4509 830 4551 el
840 4507 897 4564 Rey
908 4507 1045 4552 Pernando
1056 4510 1081 4552 el
1091 4507 1216 4560 Catdllco,
1225 4511 1241 4552 a
1251 4511 1290 4552 ios
1299 4509 1327 4551 bt
1336 4511 1400 4552 allos
1415 4507 1446 4551 de
1462 4508 1535 4559 edad,
1545 4513 1562 4554 a
1571 4511 1613 4554 los

373 4585 398 4628 tt
411 4585 475 4628 aiios
485 4582 608 4625 dehabet
618 4580 728 4623 entrado
739 4583 754 4623 d
765 4580 836 4634 regit
846 4591 894 4622 con
904 4578 988 4624 isabel
999 4579 1011 4623 1
1022 4581 1046 4624 el
1056 4586 1128 4624 cetro
1139 4579 1171 4623 de
1182 4579 1294 4624 Castilla
1304 4593 1322 4637 y
1332 4583 1349 4625 a
1360 4579 1470 4625 rotatae
1480 4581 1561 4626 ltaber
1570 4581 1615 4625 he·

373 4652 470 4698 redado
480 4655 504 4696 el
515 4653 546 4696 de
558 4653 688 4705 aragon„
698 4651 805 4694 Morsu.
815 4651 914 4700 Trans.
927 4649 1102 4707 Efemlrr'des
1110 4652 1290 4705 granadinas,
1301 4665 1361 4707 pag.
1372 4653 1408 4697 at.

412 4724 424 4758 ⁹
451 4725 516 4779 Peg.
526 4713 567 4768 313
578 4730 603 4767 et
612 4722 660 4777 81⁴,
672 4735 713 4767 nn.
722 4723 763 4765 ⁸52
772 4727 799 4766 et
809 4721 858 4766 853.
