<?xml version="1.0" encoding="UTF-8"?>
<!DOCTYPE html PUBLIC "-//W3C//DTD XHTML 1.0 Transitional//EN"
    "http://www.w3.org/TR/xhtml1/DTD/xhtml1-transitional.dtd">
<html xmlns="http://www.w3.org/1999/xhtml" xml:lang="en" lang="en">
 <head>
  <title>
</title>
<meta http-equiv="Content-Type" content="text/html;charset=utf-8" />
  <meta name='ocr-system' content='tesseract 3.04.00' />
  <meta name='ocr-capabilities' content='ocr_page ocr_carea ocr_par ocr_line ocrx_word'/>
</head>
<body>
  <div class='ocr_page' id='page_1' title='image "./vitaignatiiloio01polagoog_0416.png"; bbox 0 0 3717 5400; ppageno 0'>
   <div class='ocr_carea' id='block_1_1' title="bbox 677 1215 1307 1297">
    <p class='ocr_par' dir='ltr' id='par_1_1' title="bbox 677 1215 1307 1297">
     <span class='ocr_line' id='line_1_1' title="bbox 677 1215 1307 1297; baseline 0.002 -1"><span class='ocrx_word' id='word_1_1' title='bbox 677 1215 739 1297; x_wconf 83' lang='lat' dir='ltr'>DE</span> <span class='ocrx_word' id='word_1_2' title='bbox 764 1216 1011 1297; x_wconf 77' lang='lat' dir='ltr'><strong>PROVINCIA</strong></span> <span class='ocrx_word' id='word_1_3' title='bbox 1040 1216 1307 1297; x_wconf 66' lang='lat' dir='ltr'>castellati</span> 
     </span>
    </p>
   </div>
   <div class='ocr_carea' id='block_1_2' title="bbox 890 1500 1090 1547">
    <p class='ocr_par' dir='ltr' id='par_1_2' title="bbox 890 1500 1090 1547">
     <span class='ocr_line' id='line_1_2' title="bbox 890 1500 1090 1547; baseline -0.005 -1"><span class='ocrx_word' id='word_1_4' title='bbox 890 1500 935 1546; x_wconf 81' lang='lat' dir='ltr'>AC</span> <span class='ocrx_word' id='word_1_5' title='bbox 959 1500 1090 1547; x_wconf 80' lang='lat' dir='ltr'><strong>PRIMUM</strong></span> 
     </span>
    </p>
   </div>
   <div class='ocr_carea' id='block_1_3' title="bbox 519 1721 1458 1791">
    <p class='ocr_par' dir='ltr' id='par_1_3' title="bbox 519 1721 1458 1791">
     <span class='ocr_line' id='line_1_3' title="bbox 519 1721 1458 1791; baseline 0 -4"><span class='ocrx_word' id='word_1_6' title='bbox 519 1723 595 1789; x_wconf 89' lang='lat' dir='ltr'>DE</span> <span class='ocrx_word' id='word_1_7' title='bbox 625 1724 930 1791; x_wconf 90' lang='lat' dir='ltr'><strong>COLLEGIO</strong></span> <span class='ocrx_word' id='word_1_8' title='bbox 962 1721 1458 1790; x_wconf 84' lang='lat' dir='ltr'><strong>SALMANTICENSI</strong></span> 
     </span>
    </p>
   </div>
   <div class='ocr_carea' id='block_1_4' title="bbox 371 2125 1608 4458">
    <p class='ocr_par' dir='ltr' id='par_1_4' title="bbox 372 2125 1605 4222">
     <span class='ocr_line' id='line_1_4' title="bbox 439 2125 1604 2208; baseline 0.002 -19"><span class='ocrx_word' id='word_1_9' title='bbox 439 2125 527 2189; x_wconf 77' lang='lat'>1099.</span> <span class='ocrx_word' id='word_1_10' title='bbox 570 2126 684 2208; x_wconf 74' lang='lat' dir='ltr'>Huius</span> <span class='ocrx_word' id='word_1_11' title='bbox 699 2127 847 2208; x_wconf 83' lang='lat' dir='ltr'>Collegii</span> <span class='ocrx_word' id='word_1_12' title='bbox 860 2128 1151 2193; x_wconf 89' lang='lat' dir='ltr'>Salmanticensis</span> <span class='ocrx_word' id='word_1_13' title='bbox 1166 2127 1296 2193; x_wconf 93' lang='lat' dir='ltr'>Rector</span> <span class='ocrx_word' id='word_1_14' title='bbox 1312 2136 1389 2191; x_wconf 92' lang='lat' dir='ltr'>erat</span> <span class='ocrx_word' id='word_1_15' title='bbox 1402 2127 1441 2190; x_wconf 91' lang='lat' dir='ltr'>P.</span> <span class='ocrx_word' id='word_1_16' title='bbox 1457 2127 1604 2191; x_wconf 88' lang='lat' dir='ltr'>Bartho-</span> 
     </span>
     <span class='ocr_line' id='line_1_5' title="bbox 374 2233 1602 2316; baseline 0.002 -20"><span class='ocrx_word' id='word_1_17' title='bbox 374 2234 539 2297; x_wconf 89' lang='lat' dir='ltr'>lomaeus</span> <span class='ocrx_word' id='word_1_18' title='bbox 553 2234 781 2313; x_wconf 89' lang='lat' dir='ltr'>Hernandez;</span> <span class='ocrx_word' id='word_1_19' title='bbox 801 2235 864 2298; x_wconf 92' lang='lat' dir='ltr'>sed</span> <span class='ocrx_word' id='word_1_20' title='bbox 883 2236 1176 2316; x_wconf 86' lang='lat' dir='ltr'>superintendens</span> <span class='ocrx_word' id='word_1_21' title='bbox 1198 2233 1236 2298; x_wconf 93' lang='lat' dir='ltr'>P.</span> <span class='ocrx_word' id='word_1_22' title='bbox 1259 2234 1438 2299; x_wconf 91' lang='lat' dir='ltr'>Antonius</span> <span class='ocrx_word' id='word_1_23' title='bbox 1457 2234 1501 2298; x_wconf 90' lang='lat' dir='ltr'>de</span> <span class='ocrx_word' id='word_1_24' title='bbox 1520 2234 1602 2299; x_wconf 90' lang='lat' dir='ltr'>Cor·</span> 
     </span>
     <span class='ocr_line' id='line_1_6' title="bbox 372 2341 1605 2423; baseline 0 -18"><span class='ocrx_word' id='word_1_25' title='bbox 372 2341 480 2405; x_wconf 91' lang='lat' dir='ltr'>doba.</span> <span class='ocrx_word' id='word_1_26' title='bbox 497 2342 599 2405; x_wconf 92' lang='lat' dir='ltr'>Initio</span> <span class='ocrx_word' id='word_1_27' title='bbox 614 2342 755 2423; x_wconf 92' lang='lat' dir='ltr'>quidem</span> <span class='ocrx_word' id='word_1_28' title='bbox 770 2343 854 2405; x_wconf 91' lang='lat' dir='ltr'>anni</span> <span class='ocrx_word' id='word_1_29' title='bbox 868 2343 991 2407; x_wconf 89' lang='lat' dir='ltr'>decem</span> <span class='ocrx_word' id='word_1_30' title='bbox 1006 2352 1041 2405; x_wconf 92' lang='lat' dir='ltr'>et</span> <span class='ocrx_word' id='word_1_31' title='bbox 1055 2352 1135 2405; x_wconf 90' lang='lat' dir='ltr'>octo</span> <span class='ocrx_word' id='word_1_32' title='bbox 1151 2352 1253 2405; x_wconf 89' lang='lat' dir='ltr'>erant</span> <span class='ocrx_word' id='word_1_33' title='bbox 1268 2343 1372 2406; x_wconf 90' lang='lat' dir='ltr'>simul</span> <span class='ocrx_word' id='word_1_34' title='bbox 1387 2358 1524 2423; x_wconf 91' lang='lat' dir='ltr'>omnes,</span> <span class='ocrx_word' id='word_1_35' title='bbox 1541 2342 1605 2405; x_wconf 92' lang='lat' dir='ltr'>sed</span> 
     </span>
     <span class='ocr_line' id='line_1_7' title="bbox 376 2447 1605 2529; baseline 0.002 -18"><span class='ocrx_word' id='word_1_36' title='bbox 376 2450 415 2511; x_wconf 89' lang='lat' dir='ltr'>in</span> <span class='ocrx_word' id='word_1_37' title='bbox 428 2465 622 2529; x_wconf 84' lang='lat' dir='ltr'>progressu</span> <span class='ocrx_word' id='word_1_38' title='bbox 636 2450 765 2529; x_wconf 84' lang='lat' dir='ltr'>viginti</span> <span class='ocrx_word' id='word_1_39' title='bbox 780 2450 861 2527; x_wconf 91' lang='lat' dir='ltr'>duo,</span> <span class='ocrx_word' id='word_1_40' title='bbox 879 2460 914 2513; x_wconf 88' lang='lat' dir='ltr'>et</span> <span class='ocrx_word' id='word_1_41' title='bbox 929 2450 966 2513; x_wconf 91' lang='lat' dir='ltr'>in</span> <span class='ocrx_word' id='word_1_42' title='bbox 980 2447 1048 2512; x_wconf 87' lang='lat' dir='ltr'>fine</span> <span class='ocrx_word' id='word_1_43' title='bbox 1065 2450 1192 2529; x_wconf 84' lang='lat' dir='ltr'>viginti</span> <span class='ocrx_word' id='word_1_44' title='bbox 1207 2460 1288 2512; x_wconf 93' lang='lat' dir='ltr'>octo</span> <span class='ocrx_word' id='word_1_45' title='bbox 1309 2458 1422 2528; x_wconf 90' lang='lat' dir='ltr'>erant;</span> <span class='ocrx_word' id='word_1_46' title='bbox 1439 2459 1533 2512; x_wconf 85' lang='lat' dir='ltr'>etex</span> <span class='ocrx_word' id='word_1_47' title='bbox 1553 2450 1605 2513; x_wconf 88' lang='lat' dir='ltr'>eis</span> 
     </span>
     <span class='ocr_line' id='line_1_8' title="bbox 372 2556 1604 2635; baseline -0.001 -17"><span class='ocrx_word' id='word_1_48' title='bbox 372 2556 501 2619; x_wconf 92' lang='lat' dir='ltr'>decem</span> <span class='ocrx_word' id='word_1_49' title='bbox 523 2556 727 2619; x_wconf 82' lang='lat' dir='ltr'>sacerdotes</span> <span class='ocrx_word' id='word_1_50' title='bbox 753 2557 953 2635; x_wconf 80' lang='lat' dir='ltr'>theologiae</span> <span class='ocrx_word' id='word_1_51' title='bbox 978 2556 1138 2635; x_wconf 89' lang='lat' dir='ltr'>studiosi,</span> <span class='ocrx_word' id='word_1_52' title='bbox 1164 2573 1207 2619; x_wconf 91' lang='lat' dir='ltr'>ac</span> <span class='ocrx_word' id='word_1_53' title='bbox 1233 2573 1296 2619; x_wconf 86' lang='lat' dir='ltr'>sex</span> <span class='ocrx_word' id='word_1_54' title='bbox 1318 2556 1377 2619; x_wconf 91' lang='lat' dir='ltr'>alii</span> <span class='ocrx_word' id='word_1_55' title='bbox 1402 2556 1604 2619; x_wconf 82' lang='lat' dir='ltr'>scholastici</span> 
     </span>
     <span class='ocr_line' id='line_1_9' title="bbox 380 2659 1603 2747; baseline 0 -23"><span class='ocrx_word' id='word_1_56' title='bbox 380 2659 536 2742; x_wconf 88' lang='lat' dir='ltr'>ejusdem</span> <span class='ocrx_word' id='word_1_57' title='bbox 561 2662 757 2745; x_wconf 82' lang='lat' dir='ltr'>facultatis;</span> <span class='ocrx_word' id='word_1_58' title='bbox 781 2682 845 2729; x_wconf 84' lang='lat' dir='ltr'>sex</span> <span class='ocrx_word' id='word_1_59' title='bbox 870 2678 988 2730; x_wconf 90' lang='lat' dir='ltr'>autem</span> <span class='ocrx_word' id='word_1_60' title='bbox 1014 2664 1257 2747; x_wconf 84' lang='lat' dir='ltr'>philosophiae</span> <span class='ocrx_word' id='word_1_61' title='bbox 1285 2664 1417 2728; x_wconf 91' lang='lat' dir='ltr'>dabant</span> <span class='ocrx_word' id='word_1_62' title='bbox 1446 2681 1603 2744; x_wconf 85' lang='lat' dir='ltr'>operam.</span> 
     </span>
     <span class='ocr_line' id='line_1_10' title="bbox 380 2767 1603 2854; baseline 0.001 -21"><span class='ocrx_word' id='word_1_63' title='bbox 380 2769 481 2834; x_wconf 81' lang='lat' dir='ltr'>Mtssi</span> <span class='ocrx_word' id='word_1_64' title='bbox 495 2782 611 2834; x_wconf 90' lang='lat' dir='ltr'>autem</span> <span class='ocrx_word' id='word_1_65' title='bbox 627 2772 767 2836; x_wconf 88' lang='lat' dir='ltr'>fuerant</span> <span class='ocrx_word' id='word_1_66' title='bbox 782 2774 851 2836; x_wconf 94' lang='lat' dir='ltr'>alio</span> <span class='ocrx_word' id='word_1_67' title='bbox 866 2790 939 2836; x_wconf 90' lang='lat' dir='ltr'>non</span> <span class='ocrx_word' id='word_1_68' title='bbox 954 2774 1078 2854; x_wconf 90' lang='lat' dir='ltr'>pauci;</span> <span class='ocrx_word' id='word_1_69' title='bbox 1094 2790 1177 2835; x_wconf 91' lang='lat' dir='ltr'>nam</span> <span class='ocrx_word' id='word_1_70' title='bbox 1193 2781 1272 2852; x_wconf 90' lang='lat' dir='ltr'>post</span> <span class='ocrx_word' id='word_1_71' title='bbox 1293 2772 1434 2835; x_wconf 89' lang='lat' dir='ltr'>Patrem</span> <span class='ocrx_word' id='word_1_72' title='bbox 1456 2767 1603 2834; x_wconf 88' lang='lat' dir='ltr'>Paulum</span> 
     </span>
     <span class='ocr_line' id='line_1_11' title="bbox 378 2875 1603 2959; baseline 0.002 -20"><span class='ocrx_word' id='word_1_73' title='bbox 378 2875 554 2958; x_wconf 88' lang='lat' dir='ltr'>Hispalim</span> <span class='ocrx_word' id='word_1_74' title='bbox 569 2880 714 2943; x_wconf 91' lang='lat' dir='ltr'>missum</span> <span class='ocrx_word' id='word_1_75' title='bbox 733 2879 753 2959; x_wconf 86' lang='lat'>¹,</span> <span class='ocrx_word' id='word_1_76' title='bbox 770 2878 808 2943; x_wconf 92' lang='lat' dir='ltr'>P.</span> <span class='ocrx_word' id='word_1_77' title='bbox 824 2878 1010 2943; x_wconf 89' lang='lat' dir='ltr'>Pradanus</span> <span class='ocrx_word' id='word_1_78' title='bbox 1025 2879 1190 2958; x_wconf 87' lang='lat' dir='ltr'>Abulam,</span> <span class='ocrx_word' id='word_1_79' title='bbox 1207 2877 1338 2943; x_wconf 92' lang='lat' dir='ltr'>Rector</span> <span class='ocrx_word' id='word_1_80' title='bbox 1352 2877 1502 2956; x_wconf 80' lang='lat' dir='ltr'>futuruS,</span> <span class='ocrx_word' id='word_1_81' title='bbox 1524 2879 1603 2942; x_wconf 91' lang='lat' dir='ltr'>mis·</span> 
     </span>
     <span class='ocr_line' id='line_1_12' title="bbox 374 2983 1603 3067; baseline 0.002 -22"><span class='ocrx_word' id='word_1_82' title='bbox 374 3000 439 3046; x_wconf 90' lang='lat' dir='ltr'>sus</span> <span class='ocrx_word' id='word_1_83' title='bbox 464 2998 517 3047; x_wconf 89' lang='lat' dir='ltr'>est</span> <span class='ocrx_word' id='word_1_84' title='bbox 541 2985 570 3064; x_wconf 84' lang='lat'>¹;</span> <span class='ocrx_word' id='word_1_85' title='bbox 599 2986 645 3049; x_wconf 93' lang='lat' dir='ltr'>ad</span> <span class='ocrx_word' id='word_1_86' title='bbox 670 2987 887 3067; x_wconf 92' lang='lat' dir='ltr'>probationis</span> <span class='ocrx_word' id='word_1_87' title='bbox 913 2987 1067 3064; x_wconf 90' lang='lat' dir='ltr'>domum,</span> <span class='ocrx_word' id='word_1_88' title='bbox 1089 2986 1188 3049; x_wconf 90' lang='lat' dir='ltr'>initio</span> <span class='ocrx_word' id='word_1_89' title='bbox 1208 2983 1311 3065; x_wconf 87' lang='lat' dir='ltr'>hujus</span> <span class='ocrx_word' id='word_1_90' title='bbox 1333 2985 1428 3064; x_wconf 90' lang='lat' dir='ltr'>anni,</span> <span class='ocrx_word' id='word_1_91' title='bbox 1450 2984 1603 3065; x_wconf 89' lang='lat' dir='ltr'>quinque</span> 
     </span>
     <span class='ocr_line' id='line_1_13' title="bbox 378 3087 1603 3170; baseline 0.001 -18"><span class='ocrx_word' id='word_1_92' title='bbox 378 3087 626 3170; x_wconf 88' lang='lat' dir='ltr'>Septimancas</span> <span class='ocrx_word' id='word_1_93' title='bbox 645 3094 745 3156; x_wconf 91' lang='lat' dir='ltr'>missi</span> <span class='ocrx_word' id='word_1_94' title='bbox 765 3093 918 3156; x_wconf 84' lang='lat' dir='ltr'>fuerunt.</span> <span class='ocrx_word' id='word_1_95' title='bbox 946 3091 1048 3156; x_wconf 91' lang='lat' dir='ltr'>Unus</span> <span class='ocrx_word' id='word_1_96' title='bbox 1070 3093 1175 3155; x_wconf 90' lang='lat' dir='ltr'>etiam</span> <span class='ocrx_word' id='word_1_97' title='bbox 1198 3092 1367 3155; x_wconf 87' lang='lat' dir='ltr'>sacerdos</span> <span class='ocrx_word' id='word_1_98' title='bbox 1390 3090 1603 3154; x_wconf 87' lang='lat' dir='ltr'>Placentiam</span> 
     </span>
     <span class='ocr_line' id='line_1_14' title="bbox 377 3197 1603 3278; baseline -0.001 -20"><span class='ocrx_word' id='word_1_99' title='bbox 377 3197 444 3260; x_wconf 87' lang='lat' dir='ltr'>fuit</span> <span class='ocrx_word' id='word_1_100' title='bbox 458 3198 665 3278; x_wconf 69' lang='lat' dir='ltr'>destinatus</span> <span class='ocrx_word' id='word_1_101' title='bbox 683 3201 751 3264; x_wconf 94' lang='lat' dir='ltr'>duo</span> <span class='ocrx_word' id='word_1_102' title='bbox 764 3202 822 3262; x_wconf 92' lang='lat' dir='ltr'>vel</span> <span class='ocrx_word' id='word_1_103' title='bbox 837 3211 910 3264; x_wconf 89' lang='lat' dir='ltr'>tres</span> <span class='ocrx_word' id='word_1_104' title='bbox 922 3199 1195 3276; x_wconf 90' lang='lat' dir='ltr'>Conimbricam,</span> <span class='ocrx_word' id='word_1_105' title='bbox 1208 3208 1246 3261; x_wconf 92' lang='lat' dir='ltr'>ut</span> <span class='ocrx_word' id='word_1_106' title='bbox 1260 3198 1308 3262; x_wconf 90' lang='lat' dir='ltr'>ibi</span> <span class='ocrx_word' id='word_1_107' title='bbox 1324 3198 1603 3262; x_wconf 89' lang='lat' dir='ltr'>admitterentur.</span> 
     </span>
     <span class='ocr_line' id='line_1_15' title="bbox 378 3303 1604 3387; baseline 0.002 -21"><span class='ocrx_word' id='word_1_108' title='bbox 378 3303 442 3369; x_wconf 90' lang='lat' dir='ltr'>Est</span> <span class='ocrx_word' id='word_1_109' title='bbox 457 3307 591 3387; x_wconf 88' lang='lat' dir='ltr'>alioqui</span> <span class='ocrx_word' id='word_1_110' title='bbox 604 3307 828 3370; x_wconf 88' lang='lat' dir='ltr'>Universitas</span> <span class='ocrx_word' id='word_1_111' title='bbox 843 3308 902 3370; x_wconf 92' lang='lat' dir='ltr'>illa</span> <span class='ocrx_word' id='word_1_112' title='bbox 923 3305 1212 3372; x_wconf 86' lang='lat' dir='ltr'>Salmanticensis</span> <span class='ocrx_word' id='word_1_113' title='bbox 1227 3305 1440 3370; x_wconf 86' lang='lat' dir='ltr'>foecundum</span> <span class='ocrx_word' id='word_1_114' title='bbox 1455 3306 1604 3370; x_wconf 86' lang='lat' dir='ltr'>semina·</span> 
     </span>
     <span class='ocr_line' id='line_1_16' title="bbox 378 3411 1605 3495; baseline 0.001 -20"><span class='ocrx_word' id='word_1_115' title='bbox 378 3413 470 3476; x_wconf 89' lang='lat' dir='ltr'>rium</span> <span class='ocrx_word' id='word_1_116' title='bbox 485 3414 531 3476; x_wconf 91' lang='lat' dir='ltr'>ad</span> <span class='ocrx_word' id='word_1_117' title='bbox 545 3415 728 3492; x_wconf 83' lang='lat' dir='ltr'>eligendos</span> <span class='ocrx_word' id='word_1_118' title='bbox 744 3415 938 3495; x_wconf 86' lang='lat' dir='ltr'>operarios,</span> <span class='ocrx_word' id='word_1_119' title='bbox 952 3416 1011 3495; x_wconf 92' lang='lat' dir='ltr'>qui</span> <span class='ocrx_word' id='word_1_120' title='bbox 1022 3415 1059 3478; x_wconf 93' lang='lat' dir='ltr'>in</span> <span class='ocrx_word' id='word_1_121' title='bbox 1072 3415 1177 3477; x_wconf 91' lang='lat' dir='ltr'>vinea</span> <span class='ocrx_word' id='word_1_122' title='bbox 1188 3411 1332 3476; x_wconf 91' lang='lat' dir='ltr'>Domini</span> <span class='ocrx_word' id='word_1_123' title='bbox 1345 3414 1518 3476; x_wconf 89' lang='lat' dir='ltr'>laborant.</span> <span class='ocrx_word' id='word_1_124' title='bbox 1532 3412 1605 3476; x_wconf 91' lang='lat' dir='ltr'>Sub</span> 
     </span>
     <span class='ocr_line' id='line_1_17' title="bbox 380 3519 1604 3602; baseline 0.002 -22"><span class='ocrx_word' id='word_1_125' title='bbox 380 3520 518 3583; x_wconf 90' lang='lat' dir='ltr'>initium</span> <span class='ocrx_word' id='word_1_126' title='bbox 533 3522 616 3583; x_wconf 85' lang='lat' dir='ltr'>anni</span> <span class='ocrx_word' id='word_1_127' title='bbox 631 3537 695 3584; x_wconf 83' lang='lat' dir='ltr'>sex</span> <span class='ocrx_word' id='word_1_128' title='bbox 710 3522 913 3584; x_wconf 89' lang='lat' dir='ltr'>scholastici</span> <span class='ocrx_word' id='word_1_129' title='bbox 928 3523 1104 3602; x_wconf 86' lang='lat' dir='ltr'>urgebant</span> <span class='ocrx_word' id='word_1_130' title='bbox 1120 3530 1261 3584; x_wconf 89' lang='lat' dir='ltr'>nostros</span> <span class='ocrx_word' id='word_1_131' title='bbox 1276 3532 1313 3583; x_wconf 90' lang='lat' dir='ltr'>ut</span> <span class='ocrx_word' id='word_1_132' title='bbox 1333 3521 1369 3583; x_wconf 93' lang='lat' dir='ltr'>in</span> <span class='ocrx_word' id='word_1_133' title='bbox 1392 3519 1604 3584; x_wconf 88' lang='lat' dir='ltr'>Societatem</span> 
     </span>
     <span class='ocr_line' id='line_1_18' title="bbox 377 3626 1604 3710; baseline 0.003 -23"><span class='ocrx_word' id='word_1_134' title='bbox 377 3626 663 3707; x_wconf 84' lang='lat' dir='ltr'>admitterentur,</span> <span class='ocrx_word' id='word_1_135' title='bbox 689 3639 724 3692; x_wconf 94' lang='lat' dir='ltr'>et</span> <span class='ocrx_word' id='word_1_136' title='bbox 748 3629 784 3692; x_wconf 90' lang='lat' dir='ltr'>in</span> <span class='ocrx_word' id='word_1_137' title='bbox 810 3631 894 3692; x_wconf 88' lang='lat' dir='ltr'>anni</span> <span class='ocrx_word' id='word_1_138' title='bbox 919 3646 1111 3709; x_wconf 86' lang='lat' dir='ltr'>progressu</span> <span class='ocrx_word' id='word_1_139' title='bbox 1141 3629 1201 3692; x_wconf 90' lang='lat' dir='ltr'>alii</span> <span class='ocrx_word' id='word_1_140' title='bbox 1228 3629 1380 3710; x_wconf 92' lang='lat' dir='ltr'>plurimi.</span> <span class='ocrx_word' id='word_1_141' title='bbox 1412 3627 1604 3708; x_wconf 90' lang='lat' dir='ltr'>Postquam</span> 
     </span>
     <span class='ocr_line' id='line_1_19' title="bbox 372 3733 1604 3815; baseline 0.002 -21"><span class='ocrx_word' id='word_1_142' title='bbox 372 3741 498 3796; x_wconf 85' lang='lat' dir='ltr'>autem</span> <span class='ocrx_word' id='word_1_143' title='bbox 524 3733 563 3798; x_wconf 92' lang='grc' dir='ltr'>Ρ.</span> <span class='ocrx_word' id='word_1_144' title='bbox 593 3735 771 3799; x_wconf 89' lang='lat' dir='ltr'>Antonius</span> <span class='ocrx_word' id='word_1_145' title='bbox 800 3735 843 3798; x_wconf 91' lang='lat' dir='ltr'>de</span> <span class='ocrx_word' id='word_1_146' title='bbox 872 3735 1036 3800; x_wconf 91' lang='lat' dir='ltr'>Cordoba</span> <span class='ocrx_word' id='word_1_147' title='bbox 1064 3733 1317 3800; x_wconf 88' lang='lat' dir='ltr'>Salmantieam</span> <span class='ocrx_word' id='word_1_148' title='bbox 1346 3735 1454 3815; x_wconf 88' lang='lat' dir='ltr'>venit,</span> <span class='ocrx_word' id='word_1_149' title='bbox 1485 3736 1604 3815; x_wconf 89' lang='lat' dir='ltr'>plures</span> 
     </span>
     <span class='ocr_line' id='line_1_20' title="bbox 374 3842 1604 3924; baseline 0.002 -22"><span class='ocrx_word' id='word_1_150' title='bbox 374 3857 485 3919; x_wconf 86' lang='lat' dir='ltr'>quam</span> <span class='ocrx_word' id='word_1_151' title='bbox 510 3853 626 3917; x_wconf 90' lang='lat' dir='ltr'>antea,</span> <span class='ocrx_word' id='word_1_152' title='bbox 648 3852 681 3906; x_wconf 91' lang='lat' dir='ltr'>et</span> <span class='ocrx_word' id='word_1_153' title='bbox 703 3843 906 3923; x_wconf 90' lang='lat' dir='ltr'>nobiliores,</span> <span class='ocrx_word' id='word_1_154' title='bbox 931 3860 974 3906; x_wconf 90' lang='lat' dir='ltr'>ac</span> <span class='ocrx_word' id='word_1_155' title='bbox 993 3842 1139 3924; x_wconf 89' lang='lat' dir='ltr'>majoris</span> <span class='ocrx_word' id='word_1_156' title='bbox 1161 3843 1383 3906; x_wconf 90' lang='lat' dir='ltr'>auctoritatis</span> <span class='ocrx_word' id='word_1_157' title='bbox 1403 3843 1439 3905; x_wconf 93' lang='lat' dir='ltr'>in</span> <span class='ocrx_word' id='word_1_158' title='bbox 1459 3861 1502 3906; x_wconf 88' lang='lat' dir='ltr'>ea</span> <span class='ocrx_word' id='word_1_159' title='bbox 1518 3842 1604 3905; x_wconf 90' lang='lat' dir='ltr'>urbe</span> 
     </span>
     <span class='ocr_line' id='line_1_21' title="bbox 374 3944 1604 4028; baseline 0.002 -20"><span class='ocrx_word' id='word_1_160' title='bbox 374 3944 423 4008; x_wconf 89' lang='lat' dir='ltr'>ad</span> <span class='ocrx_word' id='word_1_161' title='bbox 438 3944 635 4027; x_wconf 84' lang='lat' dir='ltr'>Collegium</span> <span class='ocrx_word' id='word_1_162' title='bbox 654 3959 815 4012; x_wconf 89' lang='lat' dir='ltr'>nostrum</span> <span class='ocrx_word' id='word_1_163' title='bbox 835 3949 1071 4028; x_wconf 86' lang='lat' dir='ltr'>accedebant,</span> <span class='ocrx_word' id='word_1_164' title='bbox 1088 3959 1126 4011; x_wconf 94' lang='lat' dir='ltr'>ut</span> <span class='ocrx_word' id='word_1_165' title='bbox 1145 3950 1188 4013; x_wconf 92' lang='lat' dir='ltr'>de</span> <span class='ocrx_word' id='word_1_166' title='bbox 1207 3949 1311 4011; x_wconf 91' lang='lat' dir='ltr'>rebus</span> <span class='ocrx_word' id='word_1_167' title='bbox 1338 3948 1382 4011; x_wconf 88' lang='lat' dir='ltr'>ad</span> <span class='ocrx_word' id='word_1_168' title='bbox 1401 3949 1497 4012; x_wconf 85' lang='lat' dir='ltr'>vitae</span> <span class='ocrx_word' id='word_1_169' title='bbox 1519 3965 1604 4011; x_wconf 89' lang='lat' dir='ltr'>suae</span> 
     </span>
     <span class='ocr_line' id='line_1_22' title="bbox 377 4051 1604 4136; baseline 0.004 -23"><span class='ocrx_word' id='word_1_170' title='bbox 377 4051 575 4132; x_wconf 88' lang='lat' dir='ltr'>proiectum</span> <span class='ocrx_word' id='word_1_171' title='bbox 595 4072 637 4116; x_wconf 89' lang='lat' dir='ltr'>ac</span> <span class='ocrx_word' id='word_1_172' title='bbox 658 4054 829 4118; x_wconf 91' lang='lat' dir='ltr'>etiamad</span> <span class='ocrx_word' id='word_1_173' title='bbox 851 4064 983 4118; x_wconf 90' lang='lat' dir='ltr'>statum</span> <span class='ocrx_word' id='word_1_174' title='bbox 1003 4055 1258 4136; x_wconf 91' lang='lat' dir='ltr'>pertinentibus</span> <span class='ocrx_word' id='word_1_175' title='bbox 1278 4072 1359 4118; x_wconf 89' lang='lat' dir='ltr'>cum</span> <span class='ocrx_word' id='word_1_176' title='bbox 1377 4057 1508 4119; x_wconf 91' lang='lat' dir='ltr'>nostris</span> <span class='ocrx_word' id='word_1_177' title='bbox 1523 4071 1604 4134; x_wconf 83' lang='lat' dir='ltr'>age·</span> 
     </span>
     <span class='ocr_line' id='line_1_23' title="bbox 375 4170 466 4222; baseline 0.022 -2"><span class='ocrx_word' id='word_1_178' title='bbox 375 4170 466 4222; x_wconf 83' lang='lat' dir='ltr'>rent.</span> 
     </span>
    </p>

    <p class='ocr_par' dir='ltr' id='par_1_5' title="bbox 371 4265 1608 4458">
     <span class='ocr_line' id='line_1_24' title="bbox 439 4265 1604 4348; baseline 0.003 -19"><span class='ocrx_word' id='word_1_179' title='bbox 439 4265 527 4330; x_wconf 85' lang='lat'>1100.</span> <span class='ocrx_word' id='word_1_180' title='bbox 570 4266 698 4333; x_wconf 87' lang='lat' dir='ltr'>Primis</span> <span class='ocrx_word' id='word_1_181' title='bbox 712 4271 892 4334; x_wconf 90' lang='lat' dir='ltr'>mensibus</span> <span class='ocrx_word' id='word_1_182' title='bbox 905 4287 1035 4334; x_wconf 87' lang='lat' dir='ltr'>novem</span> <span class='ocrx_word' id='word_1_183' title='bbox 1055 4269 1260 4333; x_wconf 89' lang='lat' dir='ltr'>scholastici</span> <span class='ocrx_word' id='word_1_184' title='bbox 1283 4269 1429 4332; x_wconf 78' lang='lat' dir='ltr'>admiSsi</span> <span class='ocrx_word' id='word_1_185' title='bbox 1451 4269 1604 4348; x_wconf 86' lang='lat' dir='ltr'>fuerunt,</span> 
     </span>
     <span class='ocr_line' id='line_1_25' title="bbox 371 4375 1608 4458; baseline 0.002 -21"><span class='ocrx_word' id='word_1_186' title='bbox 371 4391 525 4454; x_wconf 90' lang='lat' dir='ltr'>quorum</span> <span class='ocrx_word' id='word_1_187' title='bbox 545 4376 652 4457; x_wconf 91' lang='lat' dir='ltr'>aliqui</span> <span class='ocrx_word' id='word_1_188' title='bbox 673 4375 762 4456; x_wconf 88' lang='lat' dir='ltr'>juris</span> <span class='ocrx_word' id='word_1_189' title='bbox 783 4379 957 4456; x_wconf 90' lang='lat' dir='ltr'>canonici,</span> <span class='ocrx_word' id='word_1_190' title='bbox 980 4379 1039 4441; x_wconf 93' lang='lat' dir='ltr'>alii</span> <span class='ocrx_word' id='word_1_191' title='bbox 1062 4377 1304 4458; x_wconf 89' lang='lat' dir='ltr'>philosophiae</span> <span class='ocrx_word' id='word_1_192' title='bbox 1327 4395 1467 4440; x_wconf 87' lang='lat' dir='ltr'>cursum</span> <span class='ocrx_word' id='word_1_193' title='bbox 1492 4377 1608 4440; x_wconf 90' lang='lat' dir='ltr'>absol·</span> 
     </span>
    </p>
   </div>
   <div class='ocr_carea' id='block_1_5' title="bbox 414 4653 953 4785">
    <p class='ocr_par' dir='ltr' id='par_1_6' title="bbox 414 4653 953 4785">
     <span class='ocr_line' id='line_1_26' title="bbox 416 4653 953 4711; baseline 0.006 -14"><span class='ocrx_word' id='word_1_194' title='bbox 416 4655 425 4686; x_wconf 75' lang='grc' dir='ltr'>Ι</span> <span class='ocrx_word' id='word_1_195' title='bbox 454 4653 521 4698; x_wconf 85' lang='lat' dir='ltr'>Vide</span> <span class='ocrx_word' id='word_1_196' title='bbox 531 4667 618 4710; x_wconf 81' lang='lat' dir='ltr'>supra,</span> <span class='ocrx_word' id='word_1_197' title='bbox 627 4662 646 4700; x_wconf 92' lang='lat' dir='ltr'>t.</span> <span class='ocrx_word' id='word_1_198' title='bbox 657 4669 693 4708; x_wconf 73' lang='grc' dir='ltr'>ιν,</span> <span class='ocrx_word' id='word_1_199' title='bbox 703 4667 763 4711; x_wconf 76' lang='lat' dir='ltr'>pag.</span> <span class='ocrx_word' id='word_1_200' title='bbox 774 4657 822 4709; x_wconf 77' lang='lat' dir='ltr'>tot,</span> <span class='ocrx_word' id='word_1_201' title='bbox 833 4665 920 4700; x_wconf 82' lang='lat' dir='ltr'>annot.</span> <span class='ocrx_word' id='word_1_202' title='bbox 931 4657 953 4700; x_wconf 84' lang='lat'>5.</span> 
     </span>
     <span class='ocr_line' id='line_1_27' title="bbox 414 4727 808 4785; baseline 0.005 -14"><span class='ocrx_word' id='word_1_203' title='bbox 414 4727 427 4757; x_wconf 75' lang='lat'><strong>¹</strong></span> <span class='ocrx_word' id='word_1_204' title='bbox 455 4727 521 4772; x_wconf 90' lang='lat' dir='ltr'>Vide</span> <span class='ocrx_word' id='word_1_205' title='bbox 533 4729 610 4785; x_wconf 81' lang='lat' dir='ltr'>inira,</span> <span class='ocrx_word' id='word_1_206' title='bbox 619 4742 644 4773; x_wconf 92' lang='lat' dir='ltr'>n.</span> <span class='ocrx_word' id='word_1_207' title='bbox 657 4731 708 4773; x_wconf 82' lang='lat'>1189</span> <span class='ocrx_word' id='word_1_208' title='bbox 718 4737 808 4784; x_wconf 86' lang='lat' dir='ltr'>etseq.</span> 
     </span>
    </p>
   </div>
   <div class='ocr_carea' id='block_1_6' title="bbox 0 0 1864 5400">
    <p class='ocr_par' dir='ltr' id='par_1_7' title="bbox 0 0 1864 5400">
     <span class='ocr_line' id='line_1_28' title="bbox 0 0 1864 5400; baseline 0 1"><span class='ocrx_word' id='word_1_209' title='bbox 0 0 1864 5400; x_wconf 95' lang='lat' dir='ltr'> </span> 
     </span>
    </p>
   </div>
  </div>
 </body>
</html>
