3717 5400
351 492 413 553 570
811 494 940 554 Cuaou.
960 493 1038 553 Soc.
1065 496 1136 567 iss,

349 638 490 703 assidui
510 640 546 703 in
566 639 751 705 audiendis
769 640 1035 721 poenitentibus
1055 651 1169 719 erant,
1191 652 1231 705 ut
1248 642 1365 705 necin
1386 660 1429 705 eo
1452 642 1587 720 labore,

352 746 550 810 humilitate
565 756 599 811 et
613 746 831 828 subjectione
846 748 903 811 cui
919 747 1155 812 concederent
1170 748 1192 826 ¹;
1208 748 1304 828 quod
1326 760 1401 811 tam
1422 749 1587 813 domesti-

349 854 409 918 cis
423 870 529 934 quam
544 854 700 918 externis
713 856 862 918 multum
877 854 1136 918 aedificationis
1149 856 1355 935 praebebat.

419 960 507 1023 1568.
549 960 589 1025 ln
607 960 890 1043 Quadragesima
910 962 1016 1044 hujus
1033 978 1119 1026 anm
1136 963 1261 1027 diebus
1280 962 1479 1041 dominicis,
1494 979 1581 1027 mer·

350 1068 445 1133 curii
460 1080 494 1131 et
509 1069 651 1131 veneris
666 1068 760 1149 apud
774 1066 869 1133 Sim
883 1066 1044 1134 Rochum
1058 1072 1250 1134 conciones
1266 1070 1498 1147 habebantur3
1518 1086 1583 1133 nec

354 1176 495 1238 interim
511 1175 762 1240 omittebantur
778 1176 994 1241 christianae
1008 1178 1192 1242 doctrinae
1206 1176 1388 1255 lectiones,
1400 1193 1491 1256 quae
1502 1189 1585 1257 post

352 1281 542 1363 prandium
561 1282 748 1347 dominicis
762 1300 805 1347 ac
819 1283 919 1347 lestis
941 1284 1065 1349 diebus
1085 1283 1226 1349 fiebant.
1243 1282 1281 1346 P.
1299 1292 1418 1347 autem
1432 1282 1589 1346 Gonzal-

355 1406 424 1453 vus
438 1388 517 1453 Vaz
532 1390 656 1454 diebus
670 1391 775 1453 lunae
790 1388 802 1421 ¹
818 1390 854 1453 in
868 1390 1006 1454 Palatio
1025 1391 1184 1472 Reginae
1207 1390 1486 1455 concionabatur
1505 1405 1586 1452 cum

354 1512 486 1577 magna
501 1496 657 1560 omnium
670 1496 925 1577 satisfactione,
943 1514 1050 1579 quam
1064 1477 1149 1562 cum'
1159 1497 1299 1577 Regina
1313 1513 1400 1575 prae
1419 1512 1458 1559 se
1476 1494 1589 1559 ferret

353 1603 562 1683 maximam,
577 1601 656 1667 Rex
670 1604 746 1685 ipse
760 1604 969 1669 concionem
983 1606 1078 1668 hanc
1092 1604 1216 1668 audire
1228 1603 1355 1666 voluit.

418 1708 505 1773 1569.
548 1708 623 1775 Nec
638 1710 780 1792 quidem
795 1711 834 1775 Ρ.
851 1710 1058 1775 Gonzaivus
1073 1709 1153 1775 Vaz
1166 1710 1351 1775 omittebat
1369 1710 1585 1773 christianae

349 1814 538 1881 doctrinae
548 1817 750 1897 conciones,
763 1812 853 1899 qua's
864 1818 1041 1882 nobilibus
1050 1817 1209 1897 Reginae
1223 1816 1389 1881 foeminis
1400 1817 1518 1881 iacere
1529 1834 1586 1880 so·

355 1922 439 1985 litus
454 1934 541 2001 erat,
558 1934 593 1987 et
607 1925 750 2005 quidem
765 1942 847 1989 cum
866 1924 983 1988 lructu
1002 1942 1075 1989 non
1095 1922 1322 2005 poenitendo.
1342 1922 1481 1987 Harum
1500 1941 1585 2003 una,

350 2030 499 2107 quaein
521 2031 717 2095 ministerio
739 2032 826 2095 satis
849 2032 1024 2095 honorato
1044 2028 1204 2109 Reginae
1225 2030 1456 2105 inserviebat,
1476 2047 1585 2111 quan·

355 2145 430 2199 tum
444 2135 654 2215 profecisset
668 2138 800 2219 insigni
814 2137 910 2202 lacto
931 2139 1020 2202 satis
1038 2138 1202 2202 ostendit.
1226 2138 1315 2201 Cum
1336 2139 1431 2201 enim
1447 2138 1587 2217 Regina

352 2242 401 2305 ad
414 2243 667 2307 monasterium
683 2243 863 2325 quoddam
877 2245 1096 2322 monialium,
1113 2245 1208 2325 quod
1221 2244 1330 2308 Matri
1343 2244 1412 2308 Dei
1425 2244 1582 2309 dicatum

350 2360 421 2428 est,
437 2366 475 2413 se
490 2350 709 2429 contulisset,
726 2368 818 2432 quae
833 2352 898 2416 sub
914 2353 1029 2433 primo
1045 2350 1178 2415 Ordine
1193 2350 1252 2416 S.‘¹
1272 2349 1303 2413 F
1304 2352 1459 2415 rancisci
1469 2328 1585 2415 auste-

353 2474 432 2521 ram
449 2456 638 2521 admodum
654 2458 749 2521 vitae
763 2458 939 2521 rationem
955 2458 1130 2521 ducebant
1141 2454 1165 2537 ¹,
1177 2458 1267 2521 haec
1281 2460 1396 2537 virgo,
1408 2456 1584 2538 Reginam

353 2564 537 2643 comitata,
555 2564 749 2644 postulavit
764 2576 801 2627 ut
817 2582 854 2629 se
870 2566 906 2629 in
920 2565 1177 2629 monasterium
1191 2563 1429 2644 admitterem
1442 2566 1586 2629 volebat

354 2669 450 2734 enim
463 2668 541 2734 Deo
557 2671 593 2734 in
608 2688 651 2734 ea
665 2670 837 2752 religione
852 2672 1038 2736 inservire:
1051 2669 1144 2752 quod
1156 2688 1238 2735 cum
1248 2669 1385 2752 Regina
1396 2671 1585 2736 intellexis-

350 2787 424 2856 set,
451 2793 530 2840 eam
550 2778 731 2858 alloquuta
751 2789 820 2858 est,
842 2779 1016 2859 dixitque,
1041 2780 1072 2843 si
1096 2779 1187 2844 sorte
1208 2796 1250 2843 ea
1269 2789 1472 2843 moveretur
1491 2780 1585 2860 quod

356 2883 490 2965 aliquid
504 2885 688 2948 molestiae
703 2886 910 2965 accepisset,
927 2903 966 2948 se
977 2887 1184 2965 promittere
1198 2885 1292 2948 intra
1313 2885 1491 2965 quoddam
1510 2903 1584 2949 cer-

355 3002 430 3054 tum
446 3007 584 3072 tempus
599 3009 678 3055 eam
694 2992 727 3055 in
744 2993 882 3056 decenti
897 2991 1123 3055 matrimonio
1138 2993 1404 3054 collocaturam.
1420 2991 1518 3056 Misit
1538 2993 1586 3056 ad

352 3094 460 3179 [eam]
476 3099 664 3177 quemdam
679 3099 885 3178 religiosum
901 3097 1124 3162 sacerdotem
1135 3095 1293 3178 ejusdem
1305 3097 1450 3162 Ordinis
1460 3109 1498 3162 ut
1509 3096 1585 3178 ejus

349 3207 556 3285 exploraret
571 3205 801 3286 propositum.
818 3203 888 3270 Sed
903 3206 963 3268 illa
978 3223 999 3267 a
1015 3205 1134 3268 multis
1145 3205 1269 3268 diebus
1280 3205 1348 3268 hoc
1360 3205 1585 3286 propositum

351 3328 393 3374 se
410 3313 616 3392 concepisse
631 3312 823 3394 respondit,
840 3322 875 3376 et
889 3323 1012 3374 votum
1032 3311 1140 3376 etiam
1161 3311 1337 3375 castitatis
1352 3312 1524 3391 emisisse,
1541 3329 1584 3374 ac

355 3420 507 3501 proinde
522 3437 566 3482 ne
582 3421 772 3498 laboraret,
788 3435 854 3482 nec
870 3419 1043 3482 sollicitus
1063 3429 1158 3482 esset
1178 3419 1223 3482 de
1244 3416 1445 3498 hujusmodi
1467 3422 1585 3500 explo-

353 3527 504 3604 ratione,
520 3544 587 3590 nec
600 3526 694 3590 enim
708 3544 747 3589 se
762 3529 833 3590 ulla
849 3527 1011 3590 molestia
1026 3535 1160 3589 motam
1174 3526 1294 3591 fuisse.
1311 3525 1357 3588 Et
1371 3527 1587 3591 monialibus

397 3803 403 3830 ¹
433 3802 484 3856 Slc;
495 3804 622 3858 cuiquam
634 3803 775 3847 cederent?

393 3874 406 3909 ⁸
431 3875 513 3920 Paulo
524 3878 602 3920 aliter
609 3877 750 3930 scripserat
761 3875 878 3929 [gnatius
888 3876 919 3918 ds
932 3875 1055 3918 Azevedo
1065 3875 1101 3926 tii:
1112 3874 1159 3918 “El
1169 3873 1281 3918 Vlsrnes
1291 3887 1325 3919 va
1334 3878 1357 3919 el
1368 3875 1397 3919 P.
1406 3875 1519 3922 Gouzalo
1527 3875 1585 3920 Vsa

349 3951 370 3990 a
383 3947 512 3992 Palscioa
525 3949 603 3991 baeer
613 3958 664 3992 una
675 3947 774 4001 pistica
785 3947 815 3990 de
827 3957 902 3991 cosas
913 3947 1080 4001 espiriruales
1090 3953 1153 3999 etc„
1165 3945 1260 3989 Curias
1276 3947 1309 3989 de
1325 3947 1380 3990 San
1392 3948 1510 4000 Ignacio,
1520 3955 1539 3992 r.
1548 3957 1585 4002 vt,

354 4029 412 4073 pag.
421 4019 470 4062 obt.
480 4021 603 4064 Attamen
615 4020 699 4062 nullus
712 4025 751 4062 cst
767 4029 840 4062 error
855 4028 901 4062 aut
917 4019 1054 4073 oppositio.
1071 4017 1137 4062 Nam
1148 4017 1277 4062 Polancus
1292 4019 1407 4073 loquitur
1422 4020 1453 4063 de
1468 4027 1586 4075 tempore

350 4089 583 4144 Quadragesinaas,
598 4097 770 4145 quopropter
785 4090 934 4146 ingruentia
949 4099 1010 4133 tunc
1024 4089 1173 4145 spiritualia
1188 4090 1333 4134 ministeria
1349 4090 1479 4136 Palatium
1495 4091 1586 4135 adibat

354 4161 502 4206 Gouraivus
512 4163 552 4207 dle
568 4165 652 4207 lunae:
663 4163 785 4206 Aaevedo
799 4171 895 4217 autem,
907 4163 949 4204 vel
959 4162 1002 4215 qui
1019 4162 1154 4216 epistolam
1169 4162 1242 4205 iiiam
1255 4162 1397 4218 scripserat
1407 4173 1474 4217 iqurs
1485 4165 1520 4208 sit
1532 4174 1582 4208 non

351 4241 426 4278 certo
441 4240 561 4290 constat),
577 4235 690 4290 loquitur
705 4235 736 4278 de
749 4235 789 4286 iis,
804 4245 871 4289 quae
886 4235 996 4278 decursu
1010 4233 1070 4277 anni
1085 4231 1141 4277 lieri
1156 4234 1282 4277 solebant.
1298 4233 1363 4278 Vide
1381 4235 1501 4279 Litterae
1515 4235 1587 4289 Qua-

352 4307 523 4358 drimesires,
533 4313 553 4351 t.
562 4319 598 4361 ιιι,
611 4319 670 4361 pag.
680 4307 728 4360 uto,
736 4307 778 4352 ubl
789 4307 894 4361 iegitur:
904 4306 951 4350 “Ei
961 4305 989 4349 P.
1000 4305 1116 4349 Gonuio
1128 4303 1183 4349 Vaz
1198 4313 1257 4349 esta
1271 4316 1410 4360 quarssms
1419 4307 1493 4360 (1535)
1502 4318 1518 4350 a
1528 4317 1587 4361 pre·

349 4378 446 4422 dicado
456 4390 508 4424 vna
517 4381 624 4436 predica
634 4391 666 4423 sn
676 4380 700 4424 ci
711 4379 811 4434 palacio
821 4379 863 4432 (no
874 4378 994 4421 enticndo
1005 4379 1030 4422 ia
1042 4377 1169 4427 doctrina,
1180 4388 1229 4430 que
1239 4388 1267 4420 se
1277 4378 1354 4420 laazla
1365 4389 1381 4420 a
1390 4381 1430 4422 iss
1439 4379 1530 4422 damas
1538 4389 1587 4433 por

350 4452 378 4494 el
389 4453 466 4502 anno)
475 4453 530 4496 sino
539 4453 646 4506 publice
657 4463 672 4496 a
684 4451 732 4495 Sus
743 4451 851 4494 Alteras
861 4463 879 4506 y
889 4461 937 4494 con
946 4451 1040 4494 mucha
1049 4449 1227 4493 satisfaccion:
1237 4449 1323 4502 gioria
1335 4449 1450 4494 Domino
1460 4483 1472 4502 „

394 4521 405 4554 ³
433 4521 522 4566 Sermo
533 4531 573 4567 est
583 4525 614 4567 ds
629 4525 787 4568 monasterio
802 4523 871 4566 dicio
881 4522 984 4566 “Mudre
1000 4521 1031 4564 de
1045 4521 1123 4564 Deos.
1138 4519 1272 4564 Conventa
1289 4521 1320 4563 de
1335 4521 1472 4575 religiosas
1487 4522 1518 4565 de
1533 4521 1587 4567 San

352 4593 540 4642 Franclsco.de
548 4596 626 4638 huma
634 4596 732 4649 grande
743 4594 873 4647 Reiorma,
884 4594 996 4637 iundado
1006 4604 1038 4636 no
1048 4603 1116 4636 anuo
1127 4593 1157 4634 ds
1168 4591 1227 4645 1508,
1236 4594 1296 4645 peia
1309 4592 1412 4636 Rainiaa
1428 4593 1459 4636 D.
1474 4591 1586 4647 Leonur,

353 4665 455 4708 muilier
465 4665 570 4721 delRey
581 4666 611 4709 D.
628 4665 692 4718 Joad
710 4677 724 4710 o
742 4665 773 4715 ii,
789 4677 803 4708 s
820 4667 939 4719 povoado
955 4667 1013 4718 logo
1028 4674 1060 4708 no
1074 4673 1142 4707 anuo
1158 4665 1300 4717 seguinte.,
1316 4663 1441 4708 Gaurano
1457 4675 1490 4708 ns
1507 4665 1588 4718 Lura,

350 4735 523 4792 Gangrapirr'a
534 4737 681 4788 Historica,
691 4745 707 4779 t.
717 4747 745 4792 ιι,
757 4747 816 4790 pag.
830 4737 874 4780 157.
897 4771 899 4783 .
