3717 5400
382 467 420 526 48
843 465 972 528 Canon.
992 467 1071 528 Soc.
1091 467 1161 542 Jas.

383 629 479 676 mum
493 621 653 676 nostram
668 622 964 692 perscrutaretur.
991 613 1217 680 Gubernator
1242 624 1372 694 autem,
1400 618 1460 699 qui
1477 618 1614 682 amicus

382 728 460 783 erat
482 718 842 808 alioqui'Societatis,
869 720 1003 783 relictis
1028 720 1198 785 militibus
1220 732 1323 785 extra
1348 733 1504 803 portam,
1532 741 1612 789 cum

381 828 459 908 ipso
474 825 586 891 fiscali
606 823 815 918 (Palantae'er
829 825 1033 904 dicebatur)‘
1043 828 1187 892 domum
1206 829 1400 909 ingressus,
1421 840 1457 892 et
1471 829 1613 895 Patrem

381 933 560 1014 Ignatium
574 931 708 1012 adiens,
726 943 864 997 secreto
878 931 1060 998 Pontificis
1071 933 1266 1014 jussionem
1280 936 1314 1000 ei
1327 936 1482 1017 explicat
1498 935 1518 1000 ¹.

443 1040 493 1103 96.
537 1040 697 1120 ignatius
711 1048 840 1116 autem,
856 1050 895 1103 ut
909 1040 967 1103 ille
987 1057 1128 1121 semper
1151 1051 1229 1106 erat
1253 1043 1473 1122 compositus
1492 1044 1612 1109 animo

299 1136 309 1158 ⁶
380 1166 424 1212 ac
439 1149 551 1226 vultu,
568 1145 807 1212 Secretarium
820 1144 1008 1210 Societatis
1022 1142 1034 1174 ¹
1048 1157 1167 1226 vocat,
1183 1160 1218 1212 et
1238 1165 1360 1213 coram
1380 1150 1458 1230 ipso
1478 1148 1611 1214 Guber-

380 1263 507 1319 natore
522 1255 555 1319 ei
570 1254 756 1335 praecipit,
772 1264 810 1316 ut
828 1253 987 1318 fiscalem
1011 1271 1091 1318 curn
1117 1255 1196 1318 aliis
1221 1256 1434 1336 quibusdam
1458 1255 1612 1321 officiali·

379 1363 446 1425 bus
458 1378 521 1442 per
533 1369 647 1424 totam
658 1360 801 1424 domum
811 1359 1014 1440 deduceret;
1028 1361 1122 1441 quod
1133 1361 1191 1425 ille
1203 1363 1323 1426 statim
1334 1362 1429 1427 iecit:
1442 1372 1478 1426 et
1488 1381 1610 1444 quam-

380 1469 437 1531 vis
452 1485 497 1530 ex
512 1468 590 1548 ipsa
605 1467 858 1547 compositione
880 1468 1044 1530 vultuum
1057 1475 1092 1530 et
1107 1468 1306 1532 animorum
1322 1469 1427 1534 facile
1446 1470 1484 1533 hi
1502 1469 1611 1534 homi·

380 1591 456 1654 nea,
484 1575 618 1655 alioqui
642 1574 817 1652 industrii,
842 1574 1068 1654 perciperent
1088 1591 1222 1639 vanum
1246 1575 1355 1641 fuisse
1379 1577 1543 1640 timorem
1567 1593 1610 1641 ac

378 1680 630 1763 suspicionem,
647 1680 917 1761 diligentissime
931 1691 1063 1760 tamen,
1079 1682 1187 1746 etiam
1201 1681 1321 1746 infima
1338 1685 1416 1746 loca
1437 1692 1472 1746 et
1491 1700 1610 1764 supre-

379 1807 438 1852 ma
452 1789 579 1852 domus
595 1796 677 1852 sunt
692 1789 852 1866 scrutati;
869 1796 904 1851 et
920 1805 965 1850 ne
989 1788 1148 1868 gladium
1173 1789 1314 1869 quidem
1338 1806 1459 1868 unum,
1479 1790 1609 1854 nedum

378 1897 502 1960 hastas
517 1904 551 1959 et
562 1905 740 1958 tormenta
762 1895 886 1957 bellica
908 1895 1135 1973 (archt'busos
1160 1899 1303 1972 vocant)
1329 1896 1553 1976 invenerunt,
1574 1907 1609 1960 et

378 2019 459 2066 cum
474 2018 605 2082 magna
629 1999 875 2066 aedificatione
897 2011 971 2065 tum
985 2002 1223 2082 simplicitatis
1237 2014 1271 2066 et
1286 2002 1517 2082 obedientiae,
1534 2012 1609 2068 tum

376 2109 484 2172 etiam
499 2109 733 2190 paupertatis,
754 2117 990 2172 recesserunt.
1018 2102 1022 2108 ’

436 2215 487 2280 97.
531 2216 780 2281 Existimatum
804 2225 858 2280 est
880 2225 1001 2280 autem
1024 2224 1140 2280 ortum
1170 2215 1336 2279 hahuisse
1366 2217 1605 2296 suspicionem

376 2323 470 2388 hanc
486 2324 591 2404 quod,
610 2341 690 2388 cum
706 2324 851 2404 quidam
863 2324 995 2404 hospes
1020 2323 1226 2402 saecularis,
1252 2323 1398 2401 scilicet,
1416 2322 1461 2386 D.
1482 2323 1608 2387 Petrus

376 2430 577 2512 decorate,
594 2447 657 2510 per
673 2429 806 2511 aliquot
824 2430 901 2493 dies
924 2429 961 2493 in
986 2439 1153 2508 separata
1177 2429 1331 2510 quadam
1352 2430 1478 2494 domus
1505 2441 1606 2510 parte

377 2535 496 2617 [esset]
509 2535 531 2615 ³,
547 2555 638 2617 quae
649 2555 691 2600 eo
703 2548 862 2617 tempore
872 2535 1031 2599 nondum
1042 2553 1063 2599 a
1073 2536 1207 2599 nostris
1218 2535 1445 2601 habitabatur
1456 2536 1608 2615 (Turris

377 2645 467 2709 haec
483 2655 560 2710 erat
575 2645 709 2709 Roscia
724 2642 760 2726 ⁴),
776 2644 918 2724 accidit,
934 2652 973 2708 ut
988 2643 1045 2708 vir
1066 2643 1210 2725 quidam
1228 2642 1265 2708 in
1289 2642 1447 2709 furorem
1467 2661 1604 2726 versus,

374 2752 587 2833 quibusdam
601 2753 808 2831 vulneratis
826 2768 871 2816 ex
884 2752 1004 2832 populi
1018 2749 1236 2832 insequentis
1255 2750 1419 2815 manibus
1436 2752 1605 2832 evadens,

374 2860 521 2923 domum
532 2870 691 2923 nostram
700 2876 764 2939 per
775 2859 947 2923 ecclesiae
959 2866 1098 2938 portam
1110 2860 1293 2937 ingressus
1304 2868 1454 2938 esset,et
1464 2860 1500 2921 in
1512 2864 1606 2924 tecto

375 2966 570 3047 superioris
585 2966 711 3031 domus
725 2983 803 3030 sese
829 2966 1066 3030 absconderit.
1094 2963 1181 3030 Cum
1207 2974 1326 3029 autem
1351 2982 1483 3047 magna
1498 2967 1606 3031 homi-

374 3090 459 3137 num
474 3072 661 3137 multitudo
676 3072 848 3137 furentem
863 3072 1044 3136 hominem
1057 3072 1165 3136 istum
1183 3081 1381 3153 quaereret,
1404 3084 1439 3136 et
1455 3074 1605 3137 vulneri·

374 3182 439 3243 bus
454 3197 536 3244 eum
547 3180 752 3244 confectura
768 3189 829 3244 aut
842 3180 1067 3259 discerptura
1082 3180 1274 3258 videretur,
1291 3180 1472 3260 prohibuit
1492 3181 1606 3245 chari·

374 3297 430 3349 tas
441 3305 486 3350 ne
501 3287 592 3351 ostia
607 3288 659 3350 eis
678 3286 911 3368 aperirentur;
928 3285 991 3349 sed
1010 3284 1157 3349 admissi
1178 3296 1259 3350 sunt
1279 3288 1513 3366 magistratus
1530 3288 1606 3369 qui·

369 3392 456 3455 dam
471 3410 554 3456 curn
568 3394 703 3474 paucis,
721 3394 781 3474 qui
795 3392 976 3456 hominem
991 3402 1213 3473 quaererent,
1227 3403 1273 3472 et,
1290 3394 1321 3456 si
1334 3394 1567 3473 invenissent,
1584 3413 1605 3459 a

374 3499 493 3580 populi
508 3500 670 3564 manibus
685 3499 867 3563 defensum
884 3500 1109 3563 deducerent.
1125 3499 1172 3562 Hi
1187 3516 1273 3579 ergo
1292 3500 1336 3564 ad
1353 3511 1490 3580 partem
1509 3502 1605 3565 illam

373 3608 501 3670 domus
525 3607 785 3687 pervenientes,
813 3624 919 3688 quam
944 3606 1075 3687 hospes
1100 3608 1253 3685 tenebat,
1274 3608 1406 3671 ineius
1431 3608 1603 3689 cubiculo,

375 3714 549 3795 quosdam
574 3730 679 3778 arcus
704 3713 885 3777 turcichos
909 3710 921 3743 ⁸
946 3725 980 3777 et
1005 3713 1114 3793 forte,
1140 3730 1204 3795 pro
1230 3731 1329 3778 more
1352 3714 1603 3793 saecularium,

416 3986 425 4021 ¹
452 3986 475 4031 N
477 3999 509 4032 on
520 3991 611 4041 solum,
621 3994 724 4032 secreto
732 3986 861 4042 ignatium
871 3988 970 4041 adiens,
980 3988 1130 4042 clusianae
1139 3989 1289 4032 consulebat
1299 3988 1473 4045 Gubernator,
1479 3992 1525 4037 aed
1535 3995 1604 4037 nole·

373 4064 418 4103 bat
430 4059 532 4103 domum
542 4060 640 4115 lmplcl,
650 4060 705 4103 eolo
716 4058 809 4113 lgnatll
821 4060 969 4105 testimonio
979 4066 1124 4105 contentus.
1140 4059 1213 4112 “Dllo
1223 4062 1239 4103 d
1250 4060 1362 4105 Nueetro
1380 4062 1466 4106 Padre
1482 4066 1498 4107 i
1514 4065 1540 4109 lo
1554 4076 1603 4118 que

373 4130 452 4174 hebla
461 4130 555 4174 venldo
564 4130 708 4185 pldtendole
719 4132 742 4173 le
753 4130 832 4185 leeee
841 4131 867 4175 ia
878 4130 978 4174 verdad
987 4130 1019 4174 de
1029 4132 1053 4174 lo
1064 4142 1113 4185 que
1123 4130 1210 4182 habia,
1221 4142 1319 4186 por-que
1330 4134 1355 4176 el
1365 4143 1396 4177 no
1409 4136 1500 4188 querle
1511 4147 1559 4190 que
1575 4146 1604 4179 ae

372 4201 539 4245 escndrlllase
549 4202 712 4247 lacaaaelno
723 4205 822 4245 ereera
837 4203 863 4247 la
874 4202 965 4256 simple
982 4202 1092 4256 palabra
1111 4202 1142 4245 de
1158 4198 1195 4245 Su
1212 4201 1394 4257 Paternldad.„
1410 4204 1603 4259 Rrvanmratl,

373 4272 481 4315 Gloriae
487 4285 505 4327 y
517 4273 636 4330 triunfos
645 4274 679 4317 de
688 4274 716 4318 la
728 4274 872 4329 compunta
884 4274 1060 4327 consegutdos
1070 4285 1103 4317 en
1113 4283 1162 4315 sus
1169 4276 1384 4328 persecuctoaes,
1391 4288 1443 4321 ms.

416 4344 428 4376 ¹
457 4344 542 4399 ipsum
553 4345 652 4390 scilieet
664 4346 810 4391 Polancnm.

412 4416 425 4449 ⁸
452 4414 504 4460 Sub
515 4415 591 4460 finem
601 4418 711 4462 aeetatle
721 4418 781 4462 anal
793 4418 845 4461 lobi
854 4416 950 4461 Romae
961 4416 1047 4460 iuerat
1064 4416 1158 4461 Petrus
1175 4417 1207 4461 de
1223 4417 1328 4462 Zarate
1345 4418 1413 4463 Vide
1428 4431 1516 4475 supra,
1533 4428 1552 4467 t.
1568 4434 1604 4477 iv,

374 4498 434 4542 pag.
448 4486 588 4541 tat,n.269.

414 4560 425 4592 ⁴
452 4558 520 4603 Vide
530 4570 619 4614 supra,
629 4570 689 4615 pag.
699 4559 735 4613 21,
745 4570 771 4604 n.
780 4560 817 4605 st.

413 4628 425 4661 ⁸
452 4629 528 4674 Haud
538 4629 613 4674 facile
624 4638 663 4674 est
673 4631 811 4675 decernere
822 4631 882 4686 quid
892 4631 934 4676 his
945 4632 1032 4676 verbis
1042 4633 1153 4688 lntelllgl
1163 4636 1229 4679 vellt
1240 4635 1378 4689 Polaticus,
1387 4646 1420 4680 an
1432 4645 1510 4681 arens
1521 4638 1603 4691 urit·

374 4700 408 4744 tls
418 4702 567 4746 emittendis
577 4702 736 4757 (bellasius),
744 4713 777 4747 an
787 4714 850 4747 vero
861 4714 936 4747 enses
946 4704 1125 4758 (cimitarraa)
1134 4707 1178 4761 qui
1188 4717 1265 4752 arcus
1276 4707 1386 4751 formam
1395 4707 1521 4752 referunt.
