3717 5400
377 454 433 514 256
837 451 966 514 Canon.
987 453 1063 512 Soc.
1083 453 1153 526 Jss.

436 602 508 664 719.
555 599 646 680 Quia
663 619 748 664 vero
764 618 834 663 non
850 601 1037 663 constabat
1057 599 1299 663 Romanorum
1320 599 1410 680 Regi
1434 601 1615 680 quetuodo

379 719 498 771 essent
514 708 632 771 alendi
646 709 715 771 duo
730 707 907 784 monachi,
923 707 984 786 qui
999 707 1035 769 ia
1050 708 1266 770 monasterio
1278 705 1472 786 Oybinensi
1484 709 1613 788 reliqui

381 825 494 892 erant,
512 824 545 878 et
561 831 651 894 quae
666 815 757 877 ratio
773 813 882 876 divini
899 815 1015 876 cultus
1029 813 1078 876 ibi
1092 823 1185 876 esset
1200 813 1363 892 tenenda,
1378 814 1490 876 donec
1502 814 1605 878 insor-

380 931 539 984 maretur
554 921 725 997 exactius
743 937 811 984 non
832 921 947 999 potuit
962 921 1070 984 libere
1091 931 1284 999 proventus
1306 918 1382 998 eius
1401 923 1609 990 monasterii

380 1027 538 1106 Collegio
554 1039 676 1090 nostro
692 1028 890 1107 assignare,
906 1027 970 1090 sed
985 1027 1123 1091 interim
1140 1028 1222 1090 dum
1241 1028 1330 1091 haec
1345 1029 1603 1106 elucescebant,

378 1151 556 1214 expensae
582 1135 714 1198 nostris
740 1153 784 1198 ex
809 1134 895 1198 fisco
924 1135 1024 1213 regio
1053 1137 1245 1199 sumendae
1271 1145 1388 1214 erant;
1415 1146 1450 1198 et
1474 1153 1546 1198 non
1570 1136 1605 1202 id

377 1240 475 1304 Patri
491 1241 634 1304 Canisio
649 1241 827 1322 displicuit
844 1245 865 1300 ¹.

434 1346 505 1410 720.
553 1347 655 1428 Quod
680 1349 725 1410 ad
749 1347 915 1410 Diaetam
940 1348 1189 1427 Augustanam
1208 1348 1345 1426 attinet,
1369 1358 1489 1412 monet
1513 1356 1611 1430 quod

377 1456 539 1519 omnibus
555 1455 739 1544 catholicis
756 1455 943 1518 videbatur
957 1457 1067 1518 multo
1081 1455 1276 1519 consultius
1290 1455 1399 1518 fuisse
1419 1473 1499 1522 eam
1519 1474 1606 1520 nun·

328 1581 347 1628 s
375 1579 485 1642 quarn
508 1562 712 1624 inchoatam
739 1579 827 1639 esse,
856 1571 891 1624 et
916 1561 991 1641 ejus
1010 1562 1115 1625 finem
1141 1562 1187 1624 ad
1206 1578 1377 1642 magnum
1402 1561 1483 1626 fidei
1502 1572 1537 1625 et
1554 1561 1610 1641 ju·⁴

373 1669 591 1732 risdictionis
620 1670 887 1732 ecclesiasticae
914 1667 1187 1750 [detrimentum]
1212 1670 1289 1733 fore
1315 1670 1495 1747 timebant,
1525 1689 1605 1736 cum

374 1769 491 1831 nullus
506 1778 610 1844 esset,
630 1769 688 1847 qui
705 1786 742 1829 se
755 1778 949 1847 opponeret
964 1776 1002 1832 ut
1017 1786 1154 1831 murum
1172 1786 1235 1848 pro
1251 1768 1355 1831 domo
1371 1769 1478 1832 lsrael
1494 1767 1516 1831 ¹.

433 1875 505 1938 721.
551 1873 682 1953 Quinta
698 1875 753 1937 die
767 1875 918 1954 Augusti
931 1875 1109 1940 Viennam
1121 1876 1299 1955 profectus
1311 1887 1365 1938 est
1376 1875 1413 1938 P.
1429 1875 1608 1955 CanisiuS,

377 1992 411 2045 et
427 1999 550 2045 omnes
574 1982 665 2045 bene
680 1999 787 2062 agere
808 1995 841 2044 et
867 2001 948 2046 cum
972 1983 1090 2046 fructu
1109 1984 1237 2047 ibidem
1262 1985 1400 2046 versari
1421 1985 1608 2062 intellexit,

375 2090 540 2170 quamvis
556 2106 636 2152 curn
651 2090 932 2152 contradictione
954 2106 1087 2166 eorum,
1112 2090 1171 2169 qui
1187 2089 1222 2152 in
1237 2089 1304 2152 fide
1320 2091 1475 2169 suspecti
1489 2102 1608 2158 erants

434 2195 505 2258 722.
548 2194 633 2261 Inde
650 2197 801 2274 l’ragam
818 2212 1029 2276 progressus
1043 2206 1108 2272 est,
1125 2195 1299 2275 adjunctis
1314 2196 1382 2259 illis
1393 2197 1530 2260 duobus
1543 2214 1603 2259 no·

371 2302 482 2379 vitiis,
499 2302 544 2365 de
559 2302 685 2381 quibus
701 2303 863 2381 superius
879 2302 974 2364 facta
989 2312 1043 2364 est
1058 2304 1188 2365 mentio
1201 2302 1223 2379 ⁵,
1237 2305 1296 2382 qui
1310 2303 1427 2367 idonei
1438 2302 1610 2366 videban-

372 2418 431 2472 tur
459 2409 567 2472 futuri
599 2409 643 2471 ad
673 2407 904 2488 Pragcnsium
932 2408 1134 2471 scholarum
1163 2410 1349 2488 auxilium,
1379 2409 1484 2490 periti
1511 2411 1606 2475 enim

372 2527 477 2580 erant
500 2515 708 2579 bohemicae
735 2516 894 2594 linguae3
915 2525 950 2577 et
971 2516 1065 2594 apud
1083 2517 1271 2595 quemdam
1292 2518 1444 2580 amicum
1466 2515 1605 2580 habita-

371 2624 468 2699 bant,
487 2624 599 2685 donec
617 2621 813 2701 Collegium
829 2620 887 2684 gu
908 2621 1099 2685 Clementis
1114 2623 1379 2686 instaurabatur
1394 2621 1415 2685 ⁴.
1431 2623 1606 2703 Quamvis

413 2828 421 2858 ¹
453 2827 540 2873 “Nune
550 2834 634 2872 restat
645 2828 730 2871 dicere
741 2828 772 2871 de
783 2828 927 2882 sumptibus
939 2826 1056 2884 Collegij,
1073 2830 1113 2873 cui
1129 2840 1252 2872 concessa
1267 2831 1334 2873 bona
1348 2828 1453 2885 cenobii
1472 2830 1605 2873 celestino·

371 2910 437 2951 ruru,
451 2910 515 2953 quae
526 2900 659 2943 annuatim
671 2900 704 2943 ad
714 2899 769 2943 3000
779 2898 799 2943 F
801 2900 904 2943 lorenos
913 2907 1075 2949 excrescunt,
1086 2908 1113 2945 et
1123 2902 1248 2945 uidentur
1258 2901 1359 2945 abunde
1369 2900 1443 2944 nobis
1452 2901 1602 2947 suffectura.

371 2968 502 3014 Laboraui
514 2970 581 3024 apud
591 2980 665 3013 suant
677 2969 735 3023 Mat,
746 2976 775 3013 vt
786 2970 912 3023 praedicti
927 2969 1027 3013 reditus
1042 2969 1156 3025 Collegio
1166 2979 1255 3015 nostro
1271 2972 1467 3025 applicarentur
1481 2970 1561 3015 libere
1575 2980 1602 3017 et

372 3042 482 3095 integre,
493 3041 547 3084 sine
559 3041 626 3083 omni
638 3040 805 3093 obligatione.
817 3048 843 3083 et
854 3040 1012 3093 exceptione.
1024 3048 1050 3083 et
1065 3042 1140 3085 simul
1150 3053 1208 3085 curn
1219 3042 1411 3094 dispensatione
1426 3050 1504 3095 atque
1515 3054 1605 3087 immu-

370 3114 453 3157 nitate
464 3112 612 3165 approbata
623 3112 692 3155 sedis
703 3112 878 3165 Apostolicae.
890 3111 940 3155 Hic
950 3114 1027 3165 paulo
1038 3112 1207 3157 difficiliorem
1218 3124 1291 3157 suam
1300 3112 1351 3157 Ma:
1366 3121 1490 3167 expertus
1502 3126 1566 3166 suut,
1576 3124 1603 3159 et

370 3184 474 3227 dubiam
484 3183 515 3225 de
528 3182 603 3228 modo
614 3183 777 3226 sustentandi
789 3185 945 3235 superstites
959 3184 1023 3228 duos
1032 3184 1149 3236 Fratres,
1160 3192 1230 3228 etan
1239 3191 1284 3228 aut
1295 3186 1421 3238 quomodo
1431 3186 1519 3238 aliqua
1534 3188 1600 3230 ratio

369 3254 450 3298 diuini
461 3256 545 3298 cultus
556 3255 617 3297 inibi
629 3255 801 3298 conseruandi
813 3266 843 3297 ex
856 3263 932 3309 parte
942 3256 1034 3298 haberi
1044 3256 1144 3300 debeat,
1155 3255 1218 3299 Cum
1230 3259 1318 3311 itaque
1329 3258 1437 3300 necdum
1447 3259 1505 3301 loca
1516 3256 1607 3303 Mona,

369 3326 444 3379 sterij
457 3325 629 3377 inuiserimus,
644 3337 690 3369 nec
703 3326 733 3369 de
745 3326 883 3369 ditionibus
895 3327 976 3369 eidem
989 3328 1112 3371 subiectis
1121 3328 1276 3371 sufficienter
1286 3329 1408 3372 instructi
1420 3330 1526 3383 [simus],
1536 3332 1603 3374 arhi-
1661 3344 1666 3351 ·

369 3404 457 3441 tratas
472 3408 528 3440 sum
546 3398 632 3451 potius
648 3399 731 3442 lunari
753 3404 873 3452 oportere
891 3398 923 3441 ad
942 3407 1043 3452 tempus
1057 3400 1218 3443 liberalitate
1228 3412 1290 3443 suae
1301 3400 1350 3444 lia:
1362 3413 1427 3455 quae
1438 3402 1470 3444 ad
1481 3402 1604 3446 omniane

369 3470 453 3518 offert,
465 3479 541 3522 quam
559 3478 658 3512 temere
675 3470 791 3513 inuolare
809 3470 833 3512 ln
845 3470 895 3513 ista
906 3471 982 3521 bona,
994 3478 1133 3524 antequam
1144 3470 1241 3514 Romae
1255 3472 1414 3525 dispensatio
1429 3473 1605 3528 expediatur„

369 3540 490 3584 Canisfus
500 3539 602 3593 Ignatio
612 3540 626 3581 0
638 3542 748 3594 Augusti
764 3541 822 3585 1555.
835 3540 1046 3588 Buaussssacaa.
1055 3543 1073 3585 l.
1083 3553 1114 3590 c..
1124 3554 1185 3596 pag.
1195 3544 1242 3585 fabi.

410 3614 421 3643 ¹
448 3611 518 3655 “Non
528 3613 610 3656 habeo
621 3614 691 3656 allud
703 3614 734 3655 de
746 3614 927 3667 praesentibus
936 3614 1217 3668 comitijsscrihendum
1225 3627 1302 3669 quant
1310 3617 1376 3670 quod
1385 3618 1441 3669 plus
1449 3618 1507 3661 inde
1515 3618 1600 3663 damni

369 3695 446 3739 qutun
456 3684 578 3728 utilitatis
586 3687 623 3729 rei
633 3684 785 3728 Catholicae
794 3685 828 3727 sit
839 3685 1009 3733 metuendum.
1019 3694 1102 3729 etnon
1109 3696 1147 3729 est
1158 3686 1201 3739 qui
1211 3699 1238 3729 se
1245 3695 1357 3740 opponat
1366 3699 1465 3731 murum
1475 3700 1519 3740 pro
1527 3689 1603 3733 domo

369 3756 459 3801 lsrael.
469 3757 538 3800 Deus
548 3757 621 3800 nobis
632 3756 753 3799 inuictum
765 3757 843 3799 animi
854 3757 933 3799 robur
943 3758 1080 3809 largiatur,
1087 3758 1119 3801 ad
1128 3760 1340 3811 persequutiones
1349 3759 1482 3803 Ecclesiae
1490 3772 1553 3803 suae
1560 3762 1602 3805 im·

369 3829 495 3871 mineates
510 3838 593 3882 aequo
610 3828 697 3871 animo
714 3828 904 3881 perferendas„
920 3828 1040 3872 canisius
1055 3828 1188 3882 ignatias
1198 3831 1310 3883 augusti
1321 3832 1381 3874 1555.
1392 3832 1604 3891 Batussseaoau,

368 3903 387 3944 l.
401 3912 432 3949 c.,
444 3911 503 3953 pag.
514 3900 554 3943 553
565 3906 591 3942 et
601 3899 648 3941 att.
1212 3898 1218 3909 “

409 3973 419 4001 '·
451 3971 503 4023 Pag
524 3971 571 4017 227,
585 3970 659 4013 ndbd
670 3978 695 4013 ct
708 3981 767 4023 pag.
778 3970 825 4021 [aa.
836 3983 860 4013 n.
870 3970 922 4015 tao.
977 3988 982 3997 ·

407 4045 419 4075 ⁴
447 4042 527 4094 Juvat
538 4042 580 4085 hic
592 4042 740 4084 exscribere
760 4052 824 4095 quae
842 4043 873 4085 de
889 4042 987 4087 Canlsll
1003 4044 1085 4097 prima
1100 4044 1203 4098 Pragae
1219 4047 1428 4099 commoratione,
1443 4048 1502 4091 dunt
1517 4046 1599 4093 Colle·

367 4112 437 4165 glum
447 4114 472 4155 S.
481 4113 620 4156 Clementis
630 4114 841 4160 continuabatur.
854 4114 931 4157 affert
939 4114 1153 4167 Baaussaaaues,
1162 4118 1178 4159 l.
1187 4128 1218 4169 c.,
1229 4126 1287 4169 pag.
1296 4116 1345 4170 ibi,
1354 4129 1462 4161 monum.
1471 4118 1518 4163 112:
1528 4120 1608 4163 “lass

368 4184 585 4227 latta-Cantetur
595 4184 801 4237 Crucigerortrm
812 4187 991 4238 pragensium
1002 4186 1117 4240 hospitio
1127 4188 1221 4230 utitur.

409 4254 511 4309 Pragae
526 4256 633 4310 antiqua
650 4263 676 4299 et
693 4262 816 4299 constans
833 4264 873 4300 est
892 4258 1017 4300 memoria
1033 4256 1171 4313 canisium,
1182 4272 1240 4305 curu
1254 4263 1356 4317 collegii
1371 4262 1506 4316 pragensis
1520 4263 1604 4316 prima

368 4327 443 4369 initia
454 4334 569 4380 poneret,
588 4326 800 4381 ,Crucigerorum
819 4337 876 4370 cum
893 4330 974 4372 rubea
989 4330 1080 4372 stella*
1092 4330 1203 4385 hospitio
1218 4345 1291 4377 usum
1307 4346 1362 4377 esse
1377 4334 1403 4377 in
1413 4334 1607 4379 valetudinaria

368 4409 448 4452 prope
464 4399 598 4451 antiquum
609 4406 635 4441 et
646 4400 776 4442 celebrem
788 4398 926 4443 Moldavae
943 4408 1050 4453 pontem
1066 4402 1125 4456 sito,
1136 4405 1202 4457 quod
1216 4406 1285 4449 illius
1301 4406 1397 4450 ordinis
1413 4406 1488 4449 hodie
1503 4416 1605 4461 quoque

367 4470 443 4513 aedes
454 4478 493 4512 est
506 4470 667 4522 principalis.

408 4540 530 4595 Joannes
541 4540 694 4597 Beckovslry
704 4542 848 4597 (16580720,
859 4544 973 4589 eiusdem
984 4546 1082 4589 ordinis
1090 4544 1214 4601 Cruciger
1222 4551 1365 4603 pragensis.
1375 4552 1400 4593 in
1408 4550 1548 4603 ,Chronico
1555 4550 1603 4594 Bo·

368 4610 484 4656 herniae*
495 4614 626 4657 bohemiae
639 4616 737 4668 scripto
747 4616 838 4660 refert:
852 4614 970 4660 Caulslus
980 4628 1047 4662 anno
1058 4618 1111 4661 1555
1121 4618 1233 4673 Pragam
1243 4621 1315 4663 venit
1326 4631 1351 4664 et
1362 4624 1401 4675 ,ln
1412 4622 1604 4667 valetudinario

368 4681 570 4737 Crucigeroruru
586 4694 643 4727 curu
662 4687 742 4729 rubea
754 4688 830 4731 stella
847 4687 978 4732 habitarit
991 4696 1068 4744 atque
1081 4691 1159 4734 etiam
1170 4690 1268 4735 victum
1278 4694 1388 4747 accepit,
1399 4693 1473 4747 idque
1483 4694 1606 4749 inparve
