3717 5400
809 491 874 550 Au.
896 492 966 549 1555
1449 494 1503 552 19t

267 638 354 701 bant
367 647 406 700 ut
417 639 476 700 vel
486 637 531 700 ad
544 655 653 700 unum
667 653 868 700 sermonem
882 637 1081 701 habendum
1095 655 1136 700 eo
1148 638 1347 702 mitteretur
1362 637 1399 700 P.
1416 637 1498 702 Hie-

267 761 440 826 ronymus
455 743 617 824 Ottellus;
633 761 677 807 ac
692 761 791 824 spem
805 745 984 808 faciebant
995 743 1115 826 qu0[d]
1132 747 1263 808 multae
1274 761 1382 825 paces
1397 757 1508 811 erant.

266 861 564 933 consequuturae;
579 861 614 914 et
628 869 720 914 unus
734 868 869 926 eorum,
886 852 946 931 qui
960 851 1043 914 inde
1058 861 1242 928 venerant,
1264 851 1498 932 pollicebatur

268 977 307 1022 se
321 960 461 1040 publice
478 937 619 1023 veniam
633 958 778 1022 inimico
790 975 856 1021 suo
869 959 1048 1036 daturum,
1062 975 1143 1022 cum
1154 977 1223 1038 quo
1235 975 1369 1038 graves
1385 959 1499 1022 inimi·

269 1068 372 1130 citias
386 1067 446 1130 diu
461 1075 633 1144 gesserat.
650 1064 786 1128 Verum
800 1083 881 1129 cum
896 1065 1099 1145 huJusmodi
1113 1066 1254 1128 aliunde
1269 1066 1508 1130 mittebanturv

269 1173 470 1237 Messanam
492 1172 797 1253 Quadragesimae
819 1182 993 1252 tempore,
1017 1173 1110 1234 hanc
1130 1172 1368 1235 conditionem
1394 1171 1499 1236 adde·

268 1282 355 1344 bant
367 1280 526 1361 parochi,
542 1290 582 1343 ut
606 1278 752 1358 scilicet,
765 1279 888 1342 liceret
899 1279 969 1341 illis
980 1278 1141 1342 confiteri
1153 1296 1234 1342 cum
1250 1280 1368 1359 aliquo
1380 1295 1500 1342 sacer·

268 1386 351 1450 dote
366 1388 479 1451 nostri
495 1387 644 1465 Collegii
659 1399 694 1448 et
708 1404 780 1450 non
795 1403 877 1449 cum
892 1387 982 1449 aliis.

327 1495 399 1557 551.
442 1493 511 1558 Sed
526 1494 619 1558 hanc
635 1494 870 1574 frequentiam
884 1493 1059 1556 imminuit
1081 1511 1152 1556 non
1174 1510 1299 1573 parum
1313 1493 1499 1574 Inquisito-

268 1604 319 1665 ris
327 1602 492 1680 edictum,
503 1603 561 1682 qui
574 1618 655 1664 cum
663 1601 865 1664 denuntiari
873 1598 1037 1679 jussisset
1050 1601 1499 1664 inexcommunicationem

268 1726 332 1772 eos
358 1710 535 1783 incidere,
560 1708 619 1788 qui
645 1726 718 1771 non
742 1710 943 1771 revelarent
971 1723 1144 1787 personas
1165 1708 1263 1784 illaS,
1296 1723 1385 1788 quas
1412 1708 1500 1770 scie·

269 1817 355 1880 bant
370 1817 503 1897 aliquid
518 1817 651 1880 dixisse
665 1817 724 1878 vel
739 1815 866 1879 iecisse
881 1825 1007 1878 contra
1022 1813 1138 1890 fidem,
1155 1817 1284 1878 multos
1299 1832 1404 1879 casus
1420 1831 1499 1893 par-

270 1924 437 1987 ticulares
462 1923 691 2000 nominando,
718 1921 870 2002 injunxit
895 1923 1003 1984 etiam
1027 1922 1159 1984 nostris
1180 1931 1217 1983 ut
1233 1931 1423 2002 antequam
1439 1923 1501 1984 ali·

270 2031 371 2111 cujus
402 2031 615 2109 poenitentis
639 2028 899 2092 confessionem
914 2028 1092 2106 audirent,
1109 2038 1271 2108 peterent
1287 2028 1331 2092 ab
1349 2028 1401 2090 eis
1416 2045 1507 2092 nunu

269 2139 488 2201 revelassent
500 2154 574 2213 eos
587 2153 677 2216 quos
688 2136 854 2200 incidisse
869 2137 905 2198 in
920 2135 1120 2215 hujusmodi
1133 2152 1239 2199 casus
1250 2135 1392 2214 scirent3
1406 2134 1501 2214 quod

271 2247 303 2308 si
316 2244 572 2324 responderent
586 2261 624 2306 se
638 2261 711 2307 non
730 2242 868 2315 secisse,
886 2261 1009 2306 eorum
1025 2241 1285 2306 consessionem
1299 2259 1371 2306 non
1384 2242 1501 2306 audiri

272 2353 464 2432 praecepit;
473 2352 689 2432 nequeenim
700 2351 843 2414 volebat
854 2361 892 2414 ut
902 2351 1014 2414 nostri
1022 2351 1066 2412 ab
1079 2367 1119 2413 ea
1132 2335 1500 2414 excommunicatione

271 2476 484 2540 quemquam
498 2459 684 2522 absolvere
702 2467 859 2538 possent.
883 2458 973 2522 Cum
992 2468 1110 2520 autern
1129 2466 1359 2538 spargeretur
1379 2474 1500 2521 rumor

269 2585 334 2647 per
348 2567 483 2643 urbem,
501 2565 596 2646 quod
610 2566 722 2628 nostri
735 2565 914 2628 mitterent
929 2565 1150 2644 poenitentes
1166 2574 1203 2628 ut
1222 2567 1423 2628 revelarent
1441 2564 1498 2627 ln·

272 2674 433 2756 quisituri
448 2682 597 2754 peccata
612 2673 763 2737 aliorum
780 2671 788 2704 ¹
806 2682 931 2736 contra
951 2671 1056 2737 fidem
1077 2673 1244 2751 admissa,
1265 2673 1347 2736 licet
1369 2672 1501 2752 alioqui

272 2782 441 2862 propensi
452 2790 571 2844 essent
584 2781 744 2844 homines
755 2791 793 2844 ut
804 2781 937 2844 nostris
949 2780 1210 2860 confiterentur,
1222 2780 1267 2843 ad
1276 2788 1419 2843 nostros
1429 2797 1500 2843 non

273 2888 502 2965 accedebant,
524 2888 736 2968 praesertim
756 2888 917 2951 homines
932 2888 1134 2967 nobiliores,
1154 2888 1238 2968 quia
1258 2888 1429 2951 timebant
1454 2904 1500 2949 ne

272 2996 318 3059 ad
332 2995 563 3075 Inquisitores
573 2995 808 3057 mitterentur.
822 2994 994 3073 Quamvis
1009 3005 1127 3057 autern
1142 3003 1371 3074 praeceptum
1384 2993 1501 3072 lnqui-

272 3102 392 3165 sitoris
405 3111 500 3164 esset
514 3102 682 3179 generale
701 3110 737 3163 et
756 3100 802 3164 ad
823 3118 948 3164 omnes
967 3100 1205 3165 confessarios
1227 3118 1266 3163 se
1282 3100 1500 3179 extenderet,

270 3210 451 3272 ferebatur
466 3208 694 3271 nihilominus
706 3207 798 3287 quod
810 3207 923 3270 nostri
934 3224 1024 3287 pene
1036 3208 1101 3271 soli
1114 3209 1198 3271 illud
1210 3209 1453 3285 observarent;
1467 3218 1502 3270 et

271 3317 422 3397 ipsemet
446 3315 635 3395 Inquisitor
659 3315 750 3377 dixit
774 3331 910 3394 paucos
935 3314 981 3377 ad
1006 3315 1199 3395 quidquam
1222 3314 1510 3378 denuntiandum.

272 3423 479 3499 accessisse,
496 3432 636 3501 praeter
652 3440 725 3498 eoa,
742 3422 802 3502 qui
826 3421 872 3484 ad
887 3424 1058 3501 templum
1081 3432 1242 3486 nostrum
1268 3422 1502 3485 consessionis

271 3529 391 3609 gratia
404 3527 605 3591 veniebant.
621 3527 743 3607 ltaque
768 3526 804 3590 id
819 3527 855 3590 in
877 3545 988 3591 causa
1003 3528 1079 3607 luit,
1108 3538 1145 3593 ut
1170 3529 1248 3609 ipsa
1268 3528 1501 3591 Hebdomada

271 3634 415 3712 Sancta,
432 3636 553 3714 inqua
568 3636 694 3697 messis
709 3636 799 3697 solet
813 3652 892 3697 esse
906 3636 1060 3709 uberior,
1077 3634 1266 3715 pauciores
1281 3652 1388 3715 quam
1402 3635 1498 3698 soliti

273 3752 402 3819 essent,
419 3742 465 3805 ad
480 3752 642 3805 nostrum
656 3743 828 3820 templum
847 3742 1083 3805 confessionis
1096 3742 1214 3820 gratia
1228 3741 1451 3805 accederent.

331 3849 404 3911 552.
447 3848 618 3911 Meretrix
633 3848 819 3928 quaedam,
837 3865 928 3927 quae
946 3847 982 3909 18
997 3864 1110 3911 annos
1125 3849 1253 3911 aetatis
1272 3866 1343 3911 non
1357 3848 1504 3911 excede·

271 3956 344 4033 bat,
361 3965 396 4019 et
409 3972 502 4036 quae
516 3956 748 4035 plurimorum
766 3965 998 4034 peccatorum
1016 3972 1125 4017 causa
1140 3972 1218 4017 esse
1236 3964 1388 4035 poterat,
1409 3963 1502 4035 post-

273 4080 379 4142 quam
400 4062 702 4142 praedicationem
726 4060 765 4123 P.
791 4060 1003 4141 Hieronymi
1018 4060 1138 4125 Ottelli
1162 4061 1368 4140 audivisset,
1392 4064 1429 4125 in
1445 4062 1503 4125 do·

272 4187 370 4233 mum
378 4168 599 4249 probationis
610 4184 866 4230 conversarum
877 4166 889 4197 ¹
902 4186 941 4230 se
955 4168 1098 4247 recepit,
1110 4177 1144 4230 et
1156 4169 1345 4248 occupavit
1358 4170 1504 4231 alterius

271 4278 401 4354 locum,
428 4292 519 4355 quae
544 4273 590 4336 ad
615 4274 870 4337 monasterium
895 4274 1101 4337 monialium
1125 4291 1163 4337 se
1183 4276 1395 4339 contulerat.
1420 4276 1502 4339 Alia

272 4384 381 4446 etiam
396 4382 501 4460 virgo
514 4381 550 4442 in
565 4381 818 4443 monasterium
833 4397 967 4443 novum
979 4380 1037 4443 SM
1053 4380 1235 4443 Michaelis
1248 4379 1258 4411 ³
1270 4381 1425 4445 admissa
1438 4392 1515 4461 est„

317 4588 323 4607 ¹
351 4587 397 4631 Ms.
407 4588 521 4641 peccata
530 4596 600 4638 quae
610 4586 736 4628 aliorum.

314 4660 327 4691 ¹
354 4658 419 4701 Vide
430 4668 521 4711 supra,
531 4665 549 4699 t.
561 4666 599 4709 111,
609 4668 670 4711 pag.
680 4656 728 4707 221,
738 4667 763 4699 u.
772 4656 821 4699 tas.

303 4728 327 4792 ,ὅ
354 4730 421 4773 Vide
431 4740 518 4783 supra,
530 4736 548 4770 t.
559 4739 597 4782 nr,
607 4740 667 4783 pag.
678 4728 725 4783 227,
736 4739 761 4770 n.
770 4728 821 4769 499.
