3717 5400
798 461 864 520 Art.
888 461 959 520 1555
1441 467 1492 524 ltt

255 616 324 684 rat,
337 607 420 688 quia
435 605 596 687 ejusdem
607 624 717 688 opera
732 606 888 670 Mutinae
902 609 1007 672 valde
1033 611 1237 674 necessaria
1255 621 1351 690 erat,
1367 612 1485 692 potius

256 715 302 778 ad
326 712 366 777 P.
393 713 614 795 Stephanum
635 713 841 778 Baroellum
865 715 1076 778 mittendum
1092 716 1301 797 inclinabat;
1323 719 1491 798 quamvis

255 820 339 885 Dux
353 822 441 902 ipse,
457 821 514 884 cui
528 838 587 884 res
601 820 700 883 cordi
715 829 803 899 erat,
819 820 936 900 ipsum
951 820 989 884 P.
1008 821 1234 886 Pelletarium
1247 824 1292 887 ad
1306 823 1494 905 hocnego-

256 930 344 992 tium
359 928 527 1006 misisset,
539 927 570 990 si
580 926 755 990 Ducissae
768 927 955 1005 consessio,
969 929 1006 991 in
1016 929 1187 993 natalitiis
1198 929 1296 994 festis
1307 940 1486 1012 secutura,

256 1053 328 1100 non
343 1035 560 1116 impedisset.

314 1142 387 1206 399.
431 1141 603 1222 Magnum
618 1160 705 1206 sane
720 1142 881 1206 savorem
896 1142 981 1206 Dux
1006 1143 1110 1206 rebus
1135 1154 1278 1207 nostrae
1297 1143 1489 1209 Societatis

255 1250 493 1331 impendebat.
520 1249 636 1329 Quum
662 1259 781 1313 autem
806 1249 851 1313 de
875 1250 1070 1313 Parisiensi
1085 1250 1228 1314 decreto
1242 1252 1491 1333 intellexisset,

255 1375 346 1438 quae
361 1356 400 1420 P.
423 1356 634 1420 Pelletarius
658 1357 691 1420 ei
716 1358 903 1435 retulerat,
930 1357 1066 1420 litteras
1091 1356 1136 1420 ad
1162 1375 1265 1421 suum
1285 1358 1485 1438 Legatum¹

255 1465 349 1546 apud
363 1464 498 1544 Regem
524 1463 857 1527 christianissimum
871 1461 906 1539 ¹,
935 1465 1048 1527 eidem
1075 1464 1118 1527 de
1144 1465 1253 1529 verbo
1279 1465 1487 1530 adverbum

252 1572 423 1652 legendas
435 1571 589 1650 scripsit.
606 1570 664 1636 Sic
681 1571 774 1634 enim
794 1572 921 1634 solitus
945 1581 1024 1633 erat
1049 1570 1106 1634 ille
1126 1571 1283 1659 Legatus
1304 1570 1414 1636 Ducis
1433 1574 1490 1637 sui

253 1679 389 1742 litteras
404 1676 495 1757 Regi
510 1679 708 1742 ostendere.
725 1677 880 1758 lnjunxit
902 1688 1022 1742 autem
1041 1676 1242 1742 Secretario
1257 1676 1269 1708 ³
1283 1677 1378 1757 Dux,
1395 1689 1432 1742 ut
1443 1680 1490 1743 ab

252 1784 330 1866 ipso
345 1785 383 1849 P.
400 1783 588 1848 Pelletario
603 1784 817 1864 intelligeret
831 1802 922 1864 quae
939 1785 1129 1848 scribenda
1144 1794 1257 1848 erant.
1275 1784 1418 1849 Eisdem
1431 1787 1489 1849 lit-

253 1894 340 1956 teris
353 1893 447 1955 inter
467 1891 539 1955 alia
563 1891 810 1954 continebatur
836 1892 932 1972 quod
957 1910 977 1954 a
1001 1892 1121 1954 multis
1141 1892 1243 1956 annis
1267 1889 1483 1956 Societatem

253 2007 485 2079 cognoverat,
509 2009 544 2062 et
564 1998 681 2080 aliquo
696 2017 742 2062 ex
755 1999 843 2080 ipsis
864 1999 1083 2062 confessario
1099 2016 1184 2062 usus
1198 1998 1390 2080 aliquando
1412 1999 1487 2063 fue·

252 2118 321 2186 rat,
336 2115 371 2170 et
384 2124 479 2170 nunc
495 2107 599 2170 uxori
618 2122 704 2168 suae
728 2115 764 2168 et
784 2102 855 2168 filio
880 2105 1060 2185 Episcopo
1085 2123 1130 2169 ex
1155 2106 1280 2169 eadem
1305 2103 1488 2170 Societate

252 2213 510 2278 confessarium
526 2212 683 2290 dederat;
699 2212 794 2292 quod
812 2213 882 2276 tria
899 2213 1053 2292 collegia
1074 2213 1111 2276 iu
1130 2221 1195 2276 suo
1216 2213 1372 2276 dominio
1390 2213 1481 2292 erigi

253 2331 454 2400 curaverat;
472 2321 565 2402 quod
580 2321 642 2383 alii
655 2320 835 2400 principes
849 2319 972 2383 Italiae
992 2321 1027 2382 in
1047 2321 1123 2383 suls
1143 2320 1348 2384 civitatibus
1362 2319 1478 2386 Socie-

254 2437 364 2491 tatem
376 2427 565 2506 habebant,
582 2437 615 2490 et
631 2444 711 2490 eam
725 2428 849 2505 magni
862 2427 1052 2504 faciebant;
1066 2427 1332 2507 necquicquam
1344 2427 1413 2492 nisi
1424 2428 1485 2490 bo-

256 2553 341 2599 num
355 2535 399 2598 de
414 2533 591 2598 Societate
606 2534 767 2613 intelligi,
784 2544 819 2597 et
834 2534 906 2596 alia
919 2532 1134 2614 hujusmodi.

309 2639 381 2706 400.
425 2641 599 2706 Dominus
623 2641 731 2705 etiam
751 2639 932 2721 Aloysius,
957 2639 1069 2705 D'ucis
1088 2640 1190 2720 filiuS,
1205 2640 1297 2705 Duci
1318 2639 1478 2707 Guisano

249 2749 287 2813 in
313 2750 475 2813 eamdem
495 2749 709 2813 sententiam
730 2748 883 2828 scripsit.
909 2747 1058 2814 Curavit
1092 2749 1200 2813 etiam
1224 2748 1318 2813 idem
1343 2748 1380 2811 P.
1408 2746 1481 2812 Pel·

248 2858 397 2921 letarius
410 2866 449 2919 ut
464 2858 604 2919 litterae
618 2864 780 2936 patentes
795 2874 817 2917 a
830 2854 980 2919 Vicario
994 2852 1006 2885 ⁴
1020 2864 1056 2918 et
1074 2855 1118 2918 ab
1144 2856 1353 2936 inquisitore
1368 2852 1381 2886 ⁸
1396 2856 1482 2920 scri-

248 2964 417 3027 berentur
430 2973 465 3027 et
480 2964 525 3027 ab
539 2963 617 3043 ipsa
631 2963 740 3025 etiam
754 2962 988 3025 universitate
1004 2961 1227 3027 Ferrariensi
1241 2960 1265 3041 ⁰;
1280 2963 1343 3026 sed
1357 2972 1394 3025 et
1403 2962 1481 3043 ipsa

248 3069 402 3135 Ducissa
417 3069 605 3134 Ferrariae
620 3070 763 3149 scripsit
779 3069 827 3133 ad
844 3068 1071 3133 Cardinalem
1093 3068 1370 3149 Ferrariensem,
1394 3079 1432 3133 ut
1446 3078 1480 3134 et

249 3174 296 3241 D.
311 3177 536 3257 Augustinus
547 3176 590 3240 de
601 3176 709 3253 Mosti
720 3174 730 3205 ¹
741 3177 852 3239 verbo
864 3176 972 3239 etiam
984 3175 1296 3240 commendaturus
1308 3186 1386 3241 erat
1398 3175 1481 3241 Car·

248 3284 359 3349 dinali
375 3282 597 3347 Ferrariensi
612 3284 794 3362 negotium
808 3291 970 3347 nostrum
989 3283 1101 3362 ipsius
1121 3284 1273 3347 nomine.
1294 3284 1417 3364 Itaque
1437 3300 1485 3347 ex

250 3390 453 3471 hujusmodi
468 3391 607 3467 litteriS,
625 3391 817 3453 occasione
832 3390 966 3454 decreti
980 3388 1191 3454 Parisiensis
1204 3391 1357 3471 scriptia,
1377 3390 1482 3454 facile

249 3499 397 3577 intelligi
412 3506 553 3579 poterat
567 3496 651 3577 quid
668 3497 713 3559 de
728 3497 862 3560 nostris
875 3496 905 3559 F
907 3496 1065 3560 errariae
1085 3497 1208 3577 optimi
1228 3498 1357 3578 quique
1372 3498 1484 3561 maxi·

248 3622 329 3669 mae
344 3605 569 3670 auctoritatis
581 3602 746 3667 homines
760 3604 946 3668 sentirent.

307 3711 378 3775 401.
422 3710 553 3776 Schola
568 3720 687 3775 tamen
702 3711 820 3792 potius
835 3728 983 3773 numero
998 3712 1294 3775 scholasticorum
1310 3712 1468 3775 decrevit
1521 3738 1525 3748 ¹

248 3836 357 3900 quam
372 3828 479 3883 aucta
492 3819 551 3899 sit;
566 3818 731 3882 fortassis
746 3819 783 3881 in
798 3834 908 3881 causa
924 3818 992 3881 fuit
1007 3818 1212 3897 corrigendi
1226 3818 1430 3898 difficultas,
1446 3829 1482 3883 et

288 4134 297 4168 ¹
326 4134 420 4186 Jullum
431 4132 575 4177 Alvarottl.
586 4131 653 4176 Vide
664 4132 795 4186 Fontine,
806 4132 914 4175 Renata
924 4132 955 4175 ut
965 4132 1093 4185 Francia,
1104 4134 1244 4179 Dnchessa
1254 4136 1279 4180 dl
1291 4134 1415 4185 Ferrare.
1426 4142 1443 4179 t.
1453 4147 1481 4189 n,

249 4206 370 4262 pamm.

287 4277 299 4311 ¹
326 4276 510 4322 Henrlcumil.

285 4349 298 4383 ⁸
325 4350 472 4399 Aurustlno
481 4348 573 4401 Musto,
585 4350 628 4392 vel
638 4349 751 4393 Moscho.
763 4348 826 4392 Vide
836 4360 925 4403 supra,
937 4360 996 4403 pag.
1007 4351 1042 4401 to,
1054 4359 1142 4395 annot.
1152 4352 1173 4396 6.

285 4420 299 4454 ⁴
325 4420 408 4478 Hujus
418 4420 593 4465 testimonium
603 4422 767 4465 deslderatur
778 4422 803 4464 iu
814 4421 881 4463 Acta
893 4420 1065 4473 Sanctorum,
1075 4422 1090 4465 l.
1101 4434 1124 4466 c.

286 4493 298 4526 ⁸
324 4492 351 4537 Is
360 4499 419 4536 erat
427 4492 601 4549 Hieronymus
610 4492 724 4546 Paptnus
733 4492 884 4546 Laudeusls,
895 4492 925 4536 0.
937 4492 963 4536 S.
974 4492 1004 4536 D.
1016 4493 1083 4537 Vide
1093 4504 1180 4550 supra.
1191 4504 1208 4541 t.
1221 4506 1255 4548 tv,
1269 4506 1328 4551 pag.
1338 4494 1372 4547 7⁹.
1390 4498 1471 4539 annot

247 4564 269 4619 8,
281 4571 307 4608 et
318 4566 383 4608 Actu
395 4564 592 4614 sanctorum,1.
605 4575 637 4615 c..
647 4576 672 4607 n.
681 4564 730 4608 492.

287 4634 300 4667 ⁸
326 4636 409 4691 Hans
418 4636 594 4679 testimonium
605 4636 664 4679 vide
674 4637 700 4679 in
710 4636 776 4681 Acta
789 4637 959 4686 Sanctorum,
969 4637 985 4679 l.
995 4647 1026 4685 c..
1039 4648 1061 4681 n.
1073 4639 1113 4681 t‘lss
1124 4640 1163 4682 206

289 4706 300 4737 ²
327 4706 394 4751 l'ldc
403 4718 491 4761 supra,
505 4718 530 4749 n.
541 4707 716 4760 pmecedenti.
