3717 5400
830 500 894 559 An.
917 500 988 560 iseo
1462 500 1533 567 -527

296 662 359 709 ous
378 645 485 709 etiarn
505 645 692 709 dominicis
710 656 745 709 et
765 646 906 710 veneris
925 647 1217 727 prosequebatur.
1241 645 1401 726 Quatuor
1417 664 1522 727 prae-

294 761 391 816 terea
403 770 448 815 ex
459 752 628 817 fratribus
639 753 676 816 in
687 763 840 834 quatuor
851 754 1012 817 ecclesiis
1022 751 1098 833 ejus
1109 754 1206 817 urbis
1217 752 1379 817 eamdem
1393 754 1522 820 doctri·

293 876 377 923 narn
392 861 631 941 explicabant.

336 966 424 1032 1438.
469 967 622 1047 Quidam
637 968 892 1048 ludimagister,
913 968 974 1048 qui
993 966 1088 1032 dorni
1107 978 1252 1032 nostrae
1273 968 1523 1046 confitebatur,

293 1075 437 1139 domurn
461 1092 571 1156 prope
586 1076 774 1155 collegium
784 1086 947 1139 nostrum
962 1076 1161 1140 conducere
1176 1076 1299 1155 voluit,
1317 1086 1355 1141 ut
1369 1076 1522 1141 vicinior

293 1182 450 1261 effectus,
468 1182 707 1247 assuefaceret
721 1200 805 1247 suos
815 1183 1008 1264 discipulos
1019 1183 1065 1246 ad
1075 1193 1278 1247 nostrorum
1290 1201 1408 1247 mores
1419 1184 1522 1248 disci·

293 1292 454 1370 pulorum
482 1290 689 1367 imitandos;
720 1300 754 1353 et
779 1290 943 1370 quamvis
967 1300 1110 1371 propter
1130 1291 1381 1371 occupationes
1406 1292 1521 1355 nostri

292 1414 353 1460 eos
370 1398 436 1461 ¹ad
451 1396 692 1461 confessiones
707 1415 778 1460 non
793 1396 1037 1476 admittebant,
1054 1398 1100 1461 ad
1120 1398 1190 1460 alia
1209 1407 1328 1461 tamen
1345 1407 1520 1462 monaste·

291 1505 345 1567 ria
370 1504 473 1569 statis
493 1504 617 1568 diebus
635 1504 868 1567 confessionis
887 1503 1005 1582 gratia
1030 1503 1268 1582 dimittebant,
1295 1504 1520 1585 quemadmo-

290 1611 374 1675 dum
388 1612 537 1675 studiosi
552 1612 693 1691 coiIegii
712 1612 824 1675 nostri
848 1610 967 1674 facere
990 1610 1086 1675 soliti
1106 1619 1224 1689 ¹erant;
1248 1612 1412 1691 quamvis
1433 1623 1520 1676 natu

288 1720 503 1800 grandiores
531 1720 630 1783 initio
658 1720 766 1783 etiam
791 1719 827 1781 in
851 1719 984 1782 nostris
1008 1718 1141 1783 scholis
1166 1728 1427 1800 repugnarent,
1457 1720 1520 1783 sed

289 1837 413 1907 postea
429 1826 465 1890 id
480 1828 546 1889 sibi
562 1826 769 1907 persuaderi
785 1827 948 1891 sinebant
964 1826 985 1890 ¹.

332 1933 420 1998 1439.
464 1934 549 1997 Cum
577 1950 670 1997 anno
692 1935 884 2014 praeterito
905 1936 942 1998 in
954 1934 1128 2015 Hispania
1152 1935 1219 1999 fuit
1245 1934 1282 1997 Ρ.
1306 1934 1454 2013 Natalis,
1476 1934 1521 1999 de

289 2042 437 2106 consilio
453 2043 602 2106 aliorum
614 2041 764 2105 fratrum
775 2042 1008 2106 constituerat
1021 2060 1067 2106 ne
1082 2043 1162 2123 quis
1172 2043 1374 2123 neophytus
1384 2040 1396 2073 ³
1408 2042 1444 2105 in
1455 2041 1520 2107 So·

288 2150 453 2213 cietatem
468 2148 654 2213 Cordubae
669 2148 925 2228 admitteretur;
942 2148 1004 2212 sed
1020 2150 1050 2212 si
1062 2149 1141 2231 quis
1153 2158 1248 2213 esset
1262 2150 1355 2214 inter
1370 2168 1432 2213 eos
1446 2149 1518 2212 ido·

287 2272 386 2337 neuS,
409 2265 447 2319 ut
472 2255 518 2318 ad
544 2255 685 2319 Patrem
709 2255 945 2320 Franciscum
968 2255 1137 2335 Borgiam
1163 2256 1361 2320 mitteretur
1380 2254 1403 2319 ⁴.
1423 2256 1468 2319 Et
1482 2256 1519 2319 in

288 2380 397 2427 causa
408 2363 445 2427 id
457 2362 521 2425 fuit
533 2372 570 2426 ut
583 2362 690 2443 aliqui
700 2362 1006 2442 egregiaeindolis
1014 2362 1166 2443 juvenes
1176 2380 1248 2427 non
1258 2364 1388 2428 fuerint
1397 2363 1519 2427 statim

287 2470 445 2549 admissi,
459 2471 551 2534 inter
562 2488 651 2551 quos
661 2488 752 2534 unus
763 2488 808 2534 ex
819 2471 1022 2552 praecipuis
1033 2472 1347 2535 concionatoribus
1359 2488 1401 2534 ac
1412 2471 1518 2535 lecto·

288 2576 384 2641 ribus
400 2575 475 2657 ejus
489 2578 586 2641 urbis
601 2590 678 2640 erat
693 2574 715 2639 ⁵.
737 2576 816 2641 Hoc
842 2577 1026 2641 decretum
1050 2577 1193 2641 domino
1217 2577 1346 2660 Joanni
1371 2578 1416 2641 de
1435 2576 1520 2641 Cor·

288 2684 383 2750 duba
396 2684 576 2749 fundatori
591 2682 734 2748 minime
749 2682 926 2765 placebat,
944 2683 1111 2764 quamvis
1125 2685 1161 2749 in
1173 2685 1328 2765 gratiam
1342 2684 1518 2750 Marchio·

284 2792 405 2856 nissae
420 2793 464 2856 de
478 2792 605 2870 Priego
621 2789 633 2822 ⁰
647 2791 908 2871 factumfuerit,
925 2809 1017 2874 quae
1035 2793 1116 2857 ideo
1130 2795 1298 2857 censebat
1318 2794 1522 2873 neophytos

285 2917 357 2963 non
369 2915 447 2962 esse
459 2899 706 2978 admittendos,
718 2916 763 2961 ne
778 2899 945 2962 nobilitas
959 2899 1199 2964 Cordubensis
1210 2917 1232 2962 a
1246 2901 1378 2964 nostris
1390 2900 1519 2964 abhor-

286 3015 392 3083 reret;
413 3015 580 3069 ettamen
599 3006 817 3086 experientia
842 3007 919 3086 ipsa
945 3007 1094 3070 docebat
1119 3007 1214 3088 quod
1233 3025 1303 3071 non
1329 3016 1518 3089 propterea

284 3113 421 3178 nobiles
435 3114 550 3192 magis
576 3113 829 3188 afficiebantur,
852 3123 891 3177 ut
912 3131 976 3195 per
1001 3111 1191 3178 Societatis
1216 3114 1379 3178 homines
1393 3113 1462 3195 ipsi
1480 3115 1518 3178 in

284 3220 406 3284 divino
416 3221 585 3300 obsequio
595 3219 816 3300 juvarentur,
830 3231 865 3283 et
876 3221 983 3300 pauci
993 3237 1039 3284 ex
1051 3221 1107 3284 his
1115 3221 1291 3285 nobilibus
1301 3221 1520 3302 primoribus

285 3327 418 3392 nostris
442 3327 603 3392 confiteri
624 3327 912 3407 perseverabant;
941 3328 1041 3390 etita
1066 3328 1249 3391 consultus
1271 3326 1308 3390 P.
1330 3327 1517 3408 ignatius'

283 3433 523 3498 excludendos
543 3432 742 3515 hujusmodi
762 3433 924 3498 homines
949 3450 1022 3498 non
1046 3436 1196 3499 censuit:
1214 3435 1378 3515 quamvis
1399 3433 1518 3499 aedifi·

238 3581 247 3600 .
282 3541 438 3606 cationis
466 3543 641 3605 rationem
669 3559 747 3605 esse
775 3540 991 3619 habendam,
1027 3542 1145 3622 quoad
1174 3540 1250 3623 ejus
1276 3541 1352 3606 fieri
1380 3551 1516 3623 posset,

285 3649 524 3728 existimabat3
541 3658 575 3712 et
591 3649 698 3729 aliqui
712 3667 758 3712 ex
776 3649 844 3712 hoc
862 3664 996 3728 genere
1016 3649 1209 3741 hominum,
1231 3649 1426 3730 praeclaris
1445 3647 1513 3714 Dei

284 3754 386 3820 donis
400 3754 562 3836 praediti,
579 3754 721 3820 fuerunt
741 3754 900 3819 admissi.

327 3961 335 3994 ¹
366 3960 471 4005 Scilicet
482 3962 549 4006 iliius
560 3961 733 4014 ludimagistri
743 3961 891 4016 discipulos.

322 4031 334 4066 ¹
361 4031 416 4077 iioc
427 4039 473 4076 est:
484 4035 603 4087 quamvis
612 4041 674 4077 natu
686 4032 839 4086 grandiores
848 4031 931 4086 initio,
942 4035 1023 4079 etiam
1032 4033 1059 4078 Ιιι
1073 4034 1171 4078 nostris
1185 4033 1289 4086 scholia,
1305 4031 1445 4078 Societatis
1461 4046 1519 4078 con·

282 4104 422 4155 suetudinl.
431 4111 461 4148 ut
471 4105 605 4149 scholares
615 4105 724 4158 singulis
734 4105 865 4150 mensibus
876 4106 909 4150 ad
919 4106 1108 4152 confessionem
1118 4106 1253 4156 accedant.
1262 4105 1425 4151 conformare
1437 4117 1468 4150 ee
1477 4117 1520 4151 re·

240 4197 245 4208 ·
281 4183 438 4232 pugnarenn
447 4177 492 4220 aed
502 4183 593 4232 postea
603 4177 630 4221 id
639 4177 688 4220 sibl
699 4177 857 4231 persuadere
867 4177 999 4221 sinebant.

320 4245 333 4278 ³
358 4247 385 4292 Is
394 4247 502 4296 scilicet.
514 4249 556 4302 qui
566 4255 627 4293 tnnc
639 4250 762 4303 temporis
771 4249 797 4293 ln
808 4247 935 4303 Hispania
944 4249 1076 4292 cristiano
1087 4259 1174 4292 naevo
1190 4249 1383 4302 appellabatur,
1399 4251 1460 4306 quia
1470 4256 1517 4294 aut

278 4329 371 4364 recena
378 4319 411 4363 ad
419 4319 577 4364 catholicam
587 4319 663 4364 iidem
670 4326 815 4364 conversus
825 4319 880 4375 ipae
890 4325 958 4375 erat,
965 4325 1013 4364 ent
1020 4319 1148 4375 originem
1157 4331 1173 4364 a
1184 4320 1293 4372 iudaeis,
1300 4323 1443 4376 saracenis,
1454 4329 1519 4372 etc..

281 4391 414 4435 trahebat.

320 4463 333 4495 ⁸
359 4461 426 4507 Vide
437 4473 524 4516 supra.
535 4469 555 4506 t.
565 4473 601 4516 ιιι,
612 4473 672 4517 patr.
682 4461 729 4508 163.
739 4467 809 4506 anot.
821 4463 831 4506 i
845 4463 878 4507 ad
889 4473 913 4506 ιι.
923 4462 972 4514 988,
983 4471 1010 4507 et
1020 4473 1081 4517 pag.
1092 4463 1141 4516 177,
1153 4475 1179 4508 n.
1191 4462 1252 4508 1011.

318 4533 330 4568 ⁸
356 4534 405 4578 iiic
417 4545 473 4578 esse
485 4534 588 4578 videtur
598 4533 627 4577 P.
639 4531 794 4578 Franciscus
805 4533 947 4584 Carneade
958 4545 1008 4590 qno
1019 4545 1108 4588 snpra.
1118 4545 1180 4588 pag.
1193 4533 1243 4588 521,
1254 4547 1279 4578 ιι.
1291 4535 1351 4579 itai.

321 4605 333 4636 fl
359 4605 504 4650 Catharina
515 4603 665 4649 Fernnndez
676 4606 706 4648 de
714 4603 843 4658 Corduba,
851 4606 883 4649 de
890 4617 943 4660 qua
950 4607 1056 4661 saepius
1065 4606 1090 4649 in
1098 4606 1147 4649 hoc
1157 4605 1296 4657 caranico,
1303 4610 1445 4661 prasertim
1452 4616 1471 4654 t.
1480 4621 1516 4655 ιιι.

321 4677 332 4708 ¹
360 4676 472 4722 Mentem
481 4677 513 4721 de
524 4678 610 4722 haere
619 4689 692 4721 suam
703 4679 807 4732 apernit
817 4689 895 4732 saepe
905 4677 1023 4732 ignatius
1034 4678 1058 4721 in
1070 4675 1168 4722 litteris
1176 4678 1230 4732 Jam
1246 4679 1271 4723 in
1286 4691 1364 4736 opere
1376 4680 1473 4726 Curias
1482 4683 1522 4726 de

283 4747 339 4792 San
347 4749 456 4800 ignatio
466 4749 542 4792 editis
554 4758 580 4792 et
592 4749 616 4793 in
627 4749 686 4792 aliis
696 4748 721 4792 in
732 4749 806 4793 Nova
816 4749 882 4794 serie
894 4751 1008 4795 edendis.
