3717 5400
400 464 454 525 146
861 469 989 531 Canon.
1010 471 1086 532 Soc.
1108 479 1177 546 jes.

401 613 522 676 vinum
535 613 735 678 hominibus
750 616 840 696 dari3
856 627 891 679 et
906 628 1048 697 praeter
1063 635 1234 696 mensam,
1250 637 1357 700 quam
1368 617 1479 700 Regis
1490 619 1632 684 famulis

401 721 638 801 proponebat,
666 723 772 786 aliam
793 724 1008 804 pauperibus
1026 726 1226 806 proposuit,
1254 726 1425 806 adquam
1444 727 1633 790 convenie-

402 827 488 892 bant
509 836 680 908 quotquot
701 847 744 894 ea
765 847 893 911 capere
913 842 1063 912 poterat,
1084 844 1119 896 et
1144 833 1292 913 ipsemet
1318 833 1519 913 praefectus
1540 835 1632 899 iuter

403 935 500 1012 ipsos
528 936 645 999 cibum
673 937 848 1017 capiebat.
879 937 1014 1002 Deinde
1042 937 1227 1018 conjunxit
1253 955 1413 1004 mensam
1437 957 1632 1020 pauperum

404 1059 483 1106 cum
499 1059 621 1106 mensa
636 1045 817 1124 nobilium,
831 1055 865 1108 et
876 1047 925 1110 ita
938 1037 1068 1110 multos
1079 1062 1254 1126 pauperes
1269 1046 1367 1124 aluit;
1385 1056 1419 1109 et
1430 1047 1632 1112 fatebantur

404 1149 564 1212 homines
586 1149 679 1231 quod
700 1153 800 1216 muiti
819 1152 913 1216 fame
933 1154 1130 1234 periissent,
1151 1154 1182 1216 si
1203 1154 1316 1216 nostri
1336 1155 1372 1216 in
1392 1171 1436 1217 ea
1454 1155 1541 1218 navi
1560 1173 1632 1218 non

405 1256 597 1318 venissent.

469 1363 557 1426 1771.
600 1363 678 1428 Non
694 1379 933 1445 pervenerunt
947 1367 993 1430 ad
1009 1378 1149 1447 portum
1165 1366 1419 1446 Mozambiche;
1436 1369 1499 1432 sed
1512 1385 1635 1432 errore

406 1471 557 1550 quodam
573 1474 743 1550 naucleri,
761 1475 818 1554 qui
836 1475 917 1538 alibi
934 1491 1040 1555 quam
1054 1484 1132 1538 erat
1146 1493 1185 1538 se
1199 1493 1278 1538 esse
1293 1475 1453 1555 putabat,
1469 1477 1506 1538 in
1517 1487 1636 1554 syrtes

406 1579 494 1642 alias
511 1580 764 1660 propemodum
780 1580 991 1659 inciderunt,
1008 1599 1030 1644 a
1044 1581 1172 1661 quibus
1187 1582 1294 1645 etiam
1306 1581 1405 1646 Deus
1419 1599 1481 1645 eos
1492 1581 1635 1661 eripuit;

407 1696 441 1748 et
456 1685 540 1750 dum
555 1705 592 1750 se
612 1688 783 1768 putabant
799 1705 908 1768 prope
924 1687 1039 1752 Goam
1053 1706 1143 1764 esse,
1160 1688 1490 1752 animadverterunt
1503 1705 1541 1752 se
1556 1705 1637 1750 esse

406 1810 518 1872 prope·
538 1793 671 1857 exitum
690 1795 799 1858 maris
814 1794 924 1858 Rubri
940 1805 974 1858 et
992 1813 1102 1875 prope
1115 1795 1290 1859 Arabiam
1310 1795 1465 1858 Felicem
1483 1812 1578 1872 esse;
1600 1809 1638 1858 et

407 1899 465 1961 hic
480 1918 580 1963 error
596 1901 724 1965 accidit
747 1901 853 1964 etiam
873 1903 952 1965 aliis
974 1904 1144 1978 navibus,
1165 1914 1309 1982 propter
1332 1904 1506 1966 maximos
1527 1919 1635 1982 aqua·

407 2023 488 2070 rum
505 2007 685 2086 decursus
702 2009 761 2088 qui
777 2010 845 2072 hoc
860 2027 954 2072 anno
973 2010 1192 2072 acciderunt.

470 2113 557 2176 1772.
601 2115 752 2180 Demum
767 2117 816 2178 9.ει
831 2117 887 2180 die
902 2115 1119 2197 Septembris
1138 2116 1253 2180 Goam
1273 2126 1530 2197 pervenerunt,
1553 2133 1638 2179 cum

408 2219 513 2304 biduo
529 2238 590 2284 eos
605 2239 717 2286 naves
728 2222 787 2286 S.ti
805 2221 955 2302 Philippi
971 2233 1005 2285 et
1020 2222 1284 2303 Assumptionis
1300 2232 1582 2303 praecesserant,
1599 2223 1638 2285 in

408 2327 535 2407 quibus
562 2327 600 2392 P.
631 2329 802 2392 Melchior
831 2332 989 2393 Carnero
1018 2341 1052 2392 et
1077 2328 1317 2410 Hieronymus
1345 2328 1489 2393 Cuenca
1517 2330 1638 2394 venie·

410 2434 495 2496 bant
512 2433 532 2498 ¹.

470 2540 556 2604 1773.
601 2541 648 2605 At
664 2543 733 2604 alia
750 2543 852 2606 navis
868 2541 1129 2622 conceptionis
1147 2544 1268 2623 inqua
1285 2543 1324 2606 P.
1348 2542 1526 2607 Gonzalez
1551 2561 1635 2606 eum

407 2645 445 2711 P.
473 2645 644 2714 Paschale
669 2659 703 2713 et
721 2647 830 2713 fratre
849 2649 987 2732 joanne
1006 2649 1125 2727 Lopez
1147 2650 1355 2729 veniebant,
1376 2668 1448 2714 non
1470 2652 1636 2713 eumdem

407 2771 611 2818 successum
628 2756 749 2821 habuit
764 2756 787 2837 ¹;
803 2774 887 2819 nam
907 2757 1109 2837 quingentis
1123 2756 1197 2819 fere
1213 2757 1323 2820 leucis
1337 2756 1382 2819 ab
1405 2756 1520 2819 insula
1534 2756 1637 2820 Goae

407 2862 511 2925 navis
534 2863 569 2926 in
595 2874 712 2943 syrtes
737 2863 910 2944 quasdam
940 2864 1086 2943 impegit
1108 2882 1150 2926 ac
1177 2863 1405 2943 naufragium
1425 2863 1508 2926 fecit
1524 2862 1547 2943 ³3
1573 2863 1639 2925 sed

408 2988 530 3035 omnes
546 2980 709 3034 vectores
724 2982 915 3036 evaserunt
938 2972 973 3034 in
995 2972 1186 3051 quamdam
1201 2972 1370 3048 insulam,
1386 2989 1478 3051 quae
1493 2980 1636 3048 praeter

408 3094 555 3141 arenam
577 3089 611 3141 et
633 3078 768 3158 lapides
794 3079 880 3142 nihil
906 3079 952 3141 ad
975 3095 1077 3141 usum
1103 3078 1286 3141 hominum
1306 3078 1470 3155 habebat,
1495 3087 1639 3157 praeter

407 3184 540 3249 fontem
562 3186 750 3264 quemdam
770 3204 883 3266 aquae
909 3170 1033 3260 duleis
1059 3202 1150 3266 quae
1165 3195 1333 3264 cooperta
1355 3184 1462 3247 etiam
1476 3196 1553 3247 erat
1576 3202 1639 3247 ex·

408 3302 520 3373 parte,
533 3293 596 3355 sed
609 3293 748 3356 detecta
759 3292 835 3356 suit.
850 3293 1003 3356 Ducenti
1016 3293 1089 3355 fere
1102 3293 1262 3355 homines
1273 3292 1309 3354 in
1322 3292 1418 3353 illam
1431 3299 1638 3370 evaserunt;

408 3400 468 3479 qui
483 3409 599 3462 autem
621 3411 787 3479 praeerat
808 3400 893 3463 navi
908 3398 937 3478 ⁴,
954 3402 989 3462 in
1010 3401 1087 3480 ipsa
1110 3400 1245 3478 scapha
1260 3400 1365 3461 navis
1385 3415 1466 3461 cum
1487 3395 1641 3477 quadra-

407 3508 508 3586 ginta
522 3506 596 3569 sere
613 3507 812 3570 hominibus
828 3505 945 3570 Goam
960 3523 1023 3586 per
1040 3518 1181 3569 vastum
1196 3506 1282 3569 iilud
1296 3507 1447 3585 pelagus
1460 3504 1639 3585 pervenit.

408 3614 551 3677 Interim
574 3612 723 3676 Pro-rex
745 3614 879 3694 aliquot
904 3614 1056 3676 biremes
1080 3613 1222 3691 (sustas
1246 3615 1392 3687 vocant)
1413 3628 1495 3674 cum
1515 3610 1643 3674 eodem

409 3720 499 3784 duce
520 3722 654 3784 remisit
675 3730 809 3783 etcum
829 3720 1042 3801 peritissimo
1060 3721 1214 3800 quodam
1234 3721 1414 3797 nauclero,
1438 3727 1477 3781 ut
1494 3726 1643 3781 nostros

410 3840 445 3890 et
459 3830 548 3891 alios
565 3828 670 3890 etiam
688 3828 848 3889 homines
863 3827 943 3889 inde
960 3826 1161 3890 abduceret.

452 4068 460 4099 ¹
490 4068 556 4113 Vide
569 4080 656 4123 supra,
667 4080 728 4123 pag.
737 4070 787 4122 610,
799 4080 822 4111 n.
836 4068 898 4111 1752.

450 4140 462 4171 ἱ
489 4140 708 4184 Msdrabueruni.

450 4212 462 4245 ὃ
490 4210 525 4255 XI
536 4212 592 4255 Kal.
606 4210 772 4265 Septembris.
784 4211 1047 4255 Gatasmira-Porro
1057 4212 1088 4254 de
1102 4212 1150 4254 hoc
1162 4212 1306 4254 miserrimo
1322 4210 1458 4263 naufragio
1468 4208 1587 4253 scribunt
1597 4208 1648 4253 Tn-

410 4296 481 4335 ninz.
500 4285 629 4329 Chronica
646 4284 682 4327 da
701 4284 864 4339 Companhia
882 4284 915 4327 de
927 4284 1004 4339 lesu,
1021 4284 1093 4327 Part.
1108 4284 1129 4337 2,
1144 4284 1203 4327 lirr.
1219 4284 1241 4337 6,
1257 4294 1315 4337 cap.
1334 4284 1366 4336 ¹¹3
1385 4282 1517 4331 Atcizan.
1534 4280 1648 4325 Chrono-

412 4356 473 4399 ln'st.
485 4356 518 4399 de
528 4356 554 4398 ia
567 4356 644 4399 Prov.
655 4356 688 4399 de
702 4355 806 4407 Toledo,
815 4354 879 4399 Dec.
891 4357 923 4408 11,
935 4356 992 4399 Ado
1004 4368 1028 4408 r,
1039 4368 1096 4409 cup.
1107 4366 1133 4406 u,
1145 4355 1156 4406 ξ
1167 4366 1194 4397 rv
1204 4367 1221 4411 y
1232 4366 1257 4397 v.
1268 4354 1344 4405 (Vide
1356 4354 1491 4397 curiosae
1501 4353 1557 4396 San
1566 4352 1650 4405 rgna-

412 4430 461 4479 cr'o,
471 4434 488 4472 t.
499 4442 524 4479 v,
534 4438 594 4482 pag.
604 4427 716 4471 toa-Er
726 4428 753 4471 iu
768 4427 857 4470 eodem
872 4438 949 4481 opere
965 4434 989 4469 et
1006 4435 1074 4470 tomo
1083 4438 1142 4481 pag.
1157 4426 1205 4478 472,
1222 4438 1245 4469 n.
1262 4426 1294 4477 15,
1310 4425 1496 4479 fragmentum
1513 4425 1649 4480 epistolae

413 4500 440 4544 P.
450 4499 592 4543 Mrcuarus
601 4500 708 4554 Barur).
720 4497 758 4542 Cf.
770 4498 1004 4548 Oueaaorr1.Hist.
1017 4498 1043 4543 S.
1051 4498 1087 4554 J..
1100 4497 1128 4540 P.
1140 4500 1160 4550 1,
1168 4499 1211 4541 lib.
1221 4510 1266 4553 xv,
1276 4509 1318 4541 nn.
1330 4497 1429 4541 lat-127.
1463 4526 1468 4536 .

453 4574 466 4606 ⁴
493 4572 560 4615 “Era
571 4572 692 4625 Capuam
704 4570 845 4615 Francisco
856 4570 965 4621 Nobre.„
980 4571 1089 4624 Tamna,
1100 4582 1141 4625 op.
1152 4570 1260 4614 cin-Et
1270 4570 1398 4615 “Maestro
1408 4571 1439 4614 de
1454 4572 1480 4615 la
1490 4581 1559 4614 nave
1573 4573 1650 4623 (nnu-

413 4644 510 4695 clerus)
523 4642 589 4696 Juan
600 4643 670 4691 Luis.
681 4644 789 4687 hombre
804 4643 895 4686 nacido
905 4654 971 4697 para
981 4643 1029 4686 dar
1039 4645 1065 4687 al
1076 4647 1167 4686 traves
1176 4656 1194 4699 y
1204 4644 1298 4697 perder
1312 4654 1430 4699 navem
1445 4654 1494 4687 eon
1503 4644 1571 4687 elias
1582 4643 1651 4687 alos

412 4716 571 4769 primatos„
582 4717 713 4764 Ancizart.
725 4716 829 4768 opert..
843 4716 905 4757 ibid.
