<?xml version="1.0" encoding="UTF-8"?>
<!DOCTYPE html PUBLIC "-//W3C//DTD XHTML 1.0 Transitional//EN"
    "http://www.w3.org/TR/xhtml1/DTD/xhtml1-transitional.dtd">
<html xmlns="http://www.w3.org/1999/xhtml" xml:lang="en" lang="en">
 <head>
  <title>
</title>
<meta http-equiv="Content-Type" content="text/html;charset=utf-8" />
  <meta name='ocr-system' content='tesseract 3.04.00' />
  <meta name='ocr-capabilities' content='ocr_page ocr_carea ocr_par ocr_line ocrx_word'/>
</head>
<body>
  <div class='ocr_page' id='page_1' title='image "./vitaignatiiloio01polagoog_0165.png"; bbox 0 0 3717 5400; ppageno 0'>
   <div class='ocr_carea' id='block_1_1' title="bbox 833 462 1528 520">
    <p class='ocr_par' dir='ltr' id='par_1_1' title="bbox 833 462 1528 520">
     <span class='ocr_line' id='line_1_1' title="bbox 833 462 1528 520; baseline 0 0"><span class='ocrx_word' id='word_1_1' title='bbox 833 465 885 520; x_wconf 78' lang='lat' dir='ltr'>Aa</span> <span class='ocrx_word' id='word_1_2' title='bbox 918 462 988 519; x_wconf 82' lang='lat'>:555</span> <span class='ocrx_word' id='word_1_3' title='bbox 1474 463 1528 520; x_wconf 83' lang='lat'>159</span> 
     </span>
    </p>
   </div>
   <div class='ocr_carea' id='block_1_2' title="bbox 290 607 1531 4757">
    <p class='ocr_par' dir='ltr' id='par_1_2' title="bbox 290 607 1531 1972">
     <span class='ocr_line' id='line_1_2' title="bbox 349 607 1525 688; baseline -0.002 -16"><span class='ocrx_word' id='word_1_4' title='bbox 349 611 420 672; x_wconf 95' lang='grc'>454.</span> <span class='ocrx_word' id='word_1_5' title='bbox 463 609 518 674; x_wconf 85' lang='lat' dir='ltr'>Ex</span> <span class='ocrx_word' id='word_1_6' title='bbox 533 609 599 687; x_wconf 84' lang='grc'>1115,</span> <span class='ocrx_word' id='word_1_7' title='bbox 617 608 676 688; x_wconf 94' lang='lat' dir='ltr'>qui</span> <span class='ocrx_word' id='word_1_8' title='bbox 690 608 758 671; x_wconf 89' lang='lat' dir='ltr'>hoc</span> <span class='ocrx_word' id='word_1_9' title='bbox 780 625 873 670; x_wconf 91' lang='lat' dir='ltr'>anno</span> <span class='ocrx_word' id='word_1_10' title='bbox 889 607 1026 686; x_wconf 84' lang='lat' dir='ltr'>primae</span> <span class='ocrx_word' id='word_1_11' title='bbox 1048 607 1174 670; x_wconf 90' lang='lat' dir='ltr'>classis</span> <span class='ocrx_word' id='word_1_12' title='bbox 1197 608 1420 687; x_wconf 85' lang='lat' dir='ltr'>praeceptori</span> <span class='ocrx_word' id='word_1_13' title='bbox 1444 625 1525 688; x_wconf 88' lang='lat' dir='ltr'>ope·</span> 
     </span>
     <span class='ocr_line' id='line_1_3' title="bbox 291 715 1524 796; baseline -0.003 -14"><span class='ocrx_word' id='word_1_14' title='bbox 291 736 368 782; x_wconf 90' lang='lat' dir='ltr'>ram</span> <span class='ocrx_word' id='word_1_15' title='bbox 379 716 562 793; x_wconf 86' lang='lat' dir='ltr'>dederant,</span> <span class='ocrx_word' id='word_1_16' title='bbox 578 716 732 796; x_wconf 90' lang='lat' dir='ltr'>quinque</span> <span class='ocrx_word' id='word_1_17' title='bbox 745 716 804 777; x_wconf 90' lang='lat' dir='ltr'>vei</span> <span class='ocrx_word' id='word_1_18' title='bbox 826 732 891 778; x_wconf 87' lang='lat' dir='ltr'>sex</span> <span class='ocrx_word' id='word_1_19' title='bbox 909 715 1071 795; x_wconf 92' lang='lat' dir='ltr'>publicas</span> <span class='ocrx_word' id='word_1_20' title='bbox 1092 716 1262 778; x_wconf 89' lang='lat' dir='ltr'>lectiones</span> <span class='ocrx_word' id='word_1_21' title='bbox 1278 715 1524 778; x_wconf 89' lang='lat' dir='ltr'>universitatis</span> 
     </span>
     <span class='ocr_line' id='line_1_4' title="bbox 290 821 1526 912; baseline -0.003 -24"><span class='ocrx_word' id='word_1_22' title='bbox 290 825 415 889; x_wconf 87' lang='lat' dir='ltr'>audire</span> <span class='ocrx_word' id='word_1_23' title='bbox 441 832 644 912; x_wconf 87' lang='lat' dir='ltr'>coeperunt,</span> <span class='ocrx_word' id='word_1_24' title='bbox 673 822 789 886; x_wconf 90' lang='lat' dir='ltr'>etalii</span> <span class='ocrx_word' id='word_1_25' title='bbox 810 821 881 902; x_wconf 90' lang='lat' dir='ltr'>juri</span> <span class='ocrx_word' id='word_1_26' title='bbox 900 822 1013 898; x_wconf 90' lang='lat' dir='ltr'>civili,</span> <span class='ocrx_word' id='word_1_27' title='bbox 1042 822 1156 884; x_wconf 90' lang='lat' dir='ltr'>etalii</span> <span class='ocrx_word' id='word_1_28' title='bbox 1181 822 1425 902; x_wconf 83' lang='lat' dir='ltr'>philosophiae</span> <span class='ocrx_word' id='word_1_29' title='bbox 1448 840 1526 902; x_wconf 89' lang='lat' dir='ltr'>ope·</span> 
     </span>
     <span class='ocr_line' id='line_1_5' title="bbox 291 928 1528 1010; baseline -0.004 -14"><span class='ocrx_word' id='word_1_30' title='bbox 291 949 371 996; x_wconf 88' lang='lat' dir='ltr'>ram</span> <span class='ocrx_word' id='word_1_31' title='bbox 386 932 534 1008; x_wconf 82' lang='lat' dir='ltr'>dabant3</span> <span class='ocrx_word' id='word_1_32' title='bbox 551 929 615 992; x_wconf 89' lang='lat' dir='ltr'>sed</span> <span class='ocrx_word' id='word_1_33' title='bbox 629 930 688 1010; x_wconf 89' lang='lat' dir='ltr'>qui</span> <span class='ocrx_word' id='word_1_34' title='bbox 704 929 948 1009; x_wconf 82' lang='lat' dir='ltr'>philosophiae</span> <span class='ocrx_word' id='word_1_35' title='bbox 971 928 1172 1004; x_wconf 83' lang='lat' dir='ltr'>studebant,</span> <span class='ocrx_word' id='word_1_36' title='bbox 1201 929 1356 1008; x_wconf 87' lang='lat' dir='ltr'>quotidie</span> <span class='ocrx_word' id='word_1_37' title='bbox 1382 929 1427 992; x_wconf 90' lang='lat' dir='ltr'>ad</span> <span class='ocrx_word' id='word_1_38' title='bbox 1451 929 1528 993; x_wconf 89' lang='lat' dir='ltr'>Col-</span> 
     </span>
     <span class='ocr_line' id='line_1_6' title="bbox 293 1035 1528 1118; baseline -0.005 -15"><span class='ocrx_word' id='word_1_39' title='bbox 293 1040 435 1118; x_wconf 87' lang='lat' dir='ltr'>legium,</span> <span class='ocrx_word' id='word_1_40' title='bbox 453 1047 489 1100; x_wconf 94' lang='lat' dir='ltr'>ut</span> <span class='ocrx_word' id='word_1_41' title='bbox 511 1037 698 1100; x_wconf 91' lang='lat' dir='ltr'>lectionem</span> <span class='ocrx_word' id='word_1_42' title='bbox 719 1036 915 1098; x_wconf 87' lang='lat' dir='ltr'>rhetorices</span> <span class='ocrx_word' id='word_1_43' title='bbox 942 1035 1116 1112; x_wconf 82' lang='lat' dir='ltr'>audirent,</span> <span class='ocrx_word' id='word_1_44' title='bbox 1132 1037 1191 1098; x_wconf 90' lang='lat' dir='ltr'>vel</span> <span class='ocrx_word' id='word_1_45' title='bbox 1205 1035 1453 1099; x_wconf 84' lang='lat' dir='ltr'>humaniorum</span> <span class='ocrx_word' id='word_1_46' title='bbox 1472 1037 1528 1098; x_wconf 90' lang='lat' dir='ltr'>lit-</span> 
     </span>
     <span class='ocr_line' id='line_1_7' title="bbox 294 1141 1526 1222; baseline -0.002 -14"><span class='ocrx_word' id='word_1_47' title='bbox 294 1156 465 1222; x_wconf 89' lang='lat' dir='ltr'>terarum,</span> <span class='ocrx_word' id='word_1_48' title='bbox 493 1144 693 1207; x_wconf 89' lang='lat' dir='ltr'>veniebant.</span> <span class='ocrx_word' id='word_1_49' title='bbox 720 1141 831 1206; x_wconf 92' lang='lat' dir='ltr'>Immo</span> <span class='ocrx_word' id='word_1_50' title='bbox 851 1159 933 1205; x_wconf 91' lang='lat' dir='ltr'>cum</span> <span class='ocrx_word' id='word_1_51' title='bbox 960 1159 1030 1204; x_wconf 92' lang='lat' dir='ltr'>non</span> <span class='ocrx_word' id='word_1_52' title='bbox 1055 1151 1269 1220; x_wconf 90' lang='lat' dir='ltr'>tenerentur,</span> <span class='ocrx_word' id='word_1_53' title='bbox 1300 1141 1526 1222; x_wconf 85' lang='lat' dir='ltr'>disputabant</span> 
     </span>
     <span class='ocr_line' id='line_1_8' title="bbox 294 1249 1528 1330; baseline -0.003 -14"><span class='ocrx_word' id='word_1_54' title='bbox 294 1254 397 1316; x_wconf 91' lang='lat' dir='ltr'>simul</span> <span class='ocrx_word' id='word_1_55' title='bbox 414 1270 495 1314; x_wconf 90' lang='lat' dir='ltr'>cum</span> <span class='ocrx_word' id='word_1_56' title='bbox 511 1251 589 1315; x_wconf 89' lang='lat' dir='ltr'>aliis</span> <span class='ocrx_word' id='word_1_57' title='bbox 610 1262 644 1313; x_wconf 90' lang='grc'>01</span> <span class='ocrx_word' id='word_1_58' title='bbox 664 1249 939 1329; x_wconf 84' lang='lat' dir='ltr'>compositiones</span> <span class='ocrx_word' id='word_1_59' title='bbox 961 1249 1192 1328; x_wconf 83' lang='lat' dir='ltr'>corrigendas</span> <span class='ocrx_word' id='word_1_60' title='bbox 1212 1250 1434 1330; x_wconf 83' lang='lat' dir='ltr'>praeceptori</span> <span class='ocrx_word' id='word_1_61' title='bbox 1454 1262 1528 1313; x_wconf 87' lang='lat' dir='ltr'>tra·</span> 
     </span>
     <span class='ocr_line' id='line_1_9' title="bbox 291 1356 1525 1436; baseline -0.003 -14"><span class='ocrx_word' id='word_1_62' title='bbox 291 1360 432 1422; x_wconf 89' lang='lat' dir='ltr'>debant.</span> <span class='ocrx_word' id='word_1_63' title='bbox 448 1356 700 1422; x_wconf 84' lang='lat' dir='ltr'>Afficiebantur</span> <span class='ocrx_word' id='word_1_64' title='bbox 722 1367 840 1418; x_wconf 93' lang='lat' dir='ltr'>autem</span> <span class='ocrx_word' id='word_1_65' title='bbox 862 1373 984 1418; x_wconf 91' lang='lat' dir='ltr'>omnes</span> <span class='ocrx_word' id='word_1_66' title='bbox 1007 1356 1253 1431; x_wconf 90' lang='lat' dir='ltr'>admiratione,</span> <span class='ocrx_word' id='word_1_67' title='bbox 1271 1373 1314 1418; x_wconf 91' lang='lat' dir='ltr'>ac</span> <span class='ocrx_word' id='word_1_68' title='bbox 1333 1357 1525 1436; x_wconf 88' lang='lat' dir='ltr'>praecipue</span> 
     </span>
     <span class='ocr_line' id='line_1_10' title="bbox 293 1462 1526 1544; baseline -0.003 -16"><span class='ocrx_word' id='word_1_69' title='bbox 293 1466 587 1529; x_wconf 90' lang='lat' dir='ltr'>scholasticorum</span> <span class='ocrx_word' id='word_1_70' title='bbox 613 1463 845 1544; x_wconf 90' lang='lat' dir='ltr'>quorumdam</span> <span class='ocrx_word' id='word_1_71' title='bbox 861 1477 1038 1542; x_wconf 69' lang='lat' dir='ltr'>parentes</span> <span class='ocrx_word' id='word_1_72' title='bbox 1064 1464 1123 1542; x_wconf 92' lang='lat' dir='ltr'>qui</span> <span class='ocrx_word' id='word_1_73' title='bbox 1146 1462 1246 1525; x_wconf 91' lang='lat' dir='ltr'>brevi</span> <span class='ocrx_word' id='word_1_74' title='bbox 1262 1463 1431 1541; x_wconf 90' lang='lat' dir='ltr'>temporis</span> <span class='ocrx_word' id='word_1_75' title='bbox 1447 1481 1526 1542; x_wconf 88' lang='lat' dir='ltr'>spa·</span> 
     </span>
     <span class='ocr_line' id='line_1_11' title="bbox 293 1570 1527 1649; baseline -0.001 -15"><span class='ocrx_word' id='word_1_76' title='bbox 293 1573 342 1636; x_wconf 93' lang='lat' dir='ltr'>tio</span> <span class='ocrx_word' id='word_1_77' title='bbox 357 1582 494 1635; x_wconf 93' lang='lat' dir='ltr'>tantum</span> <span class='ocrx_word' id='word_1_78' title='bbox 509 1571 600 1634; x_wconf 90' lang='lat' dir='ltr'>filios</span> <span class='ocrx_word' id='word_1_79' title='bbox 613 1571 650 1633; x_wconf 90' lang='lat' dir='ltr'>in</span> <span class='ocrx_word' id='word_1_80' title='bbox 661 1570 786 1634; x_wconf 90' lang='lat' dir='ltr'>litteris</span> <span class='ocrx_word' id='word_1_81' title='bbox 800 1570 992 1648; x_wconf 78' lang='lat' dir='ltr'>proiecisse</span> <span class='ocrx_word' id='word_1_82' title='bbox 1008 1570 1181 1646; x_wconf 87' lang='lat' dir='ltr'>viderent,</span> <span class='ocrx_word' id='word_1_83' title='bbox 1199 1579 1233 1631; x_wconf 91' lang='lat' dir='ltr'>et</span> <span class='ocrx_word' id='word_1_84' title='bbox 1254 1570 1301 1631; x_wconf 90' lang='lat' dir='ltr'>ita</span> <span class='ocrx_word' id='word_1_85' title='bbox 1319 1570 1426 1649; x_wconf 88' lang='lat' dir='ltr'>aliqui</span> <span class='ocrx_word' id='word_1_86' title='bbox 1446 1571 1527 1633; x_wconf 91' lang='lat' dir='ltr'>libe-</span> 
     </span>
     <span class='ocr_line' id='line_1_12' title="bbox 291 1675 1531 1759; baseline -0.002 -18"><span class='ocrx_word' id='word_1_87' title='bbox 291 1696 363 1758; x_wconf 86' lang='grc'>105,</span> <span class='ocrx_word' id='word_1_88' title='bbox 377 1679 437 1759; x_wconf 91' lang='lat' dir='ltr'>qui</span> <span class='ocrx_word' id='word_1_89' title='bbox 452 1679 590 1756; x_wconf 79' lang='lat' dir='ltr'>logicae</span> <span class='ocrx_word' id='word_1_90' title='bbox 606 1676 738 1739; x_wconf 90' lang='lat' dir='ltr'>dabant</span> <span class='ocrx_word' id='word_1_91' title='bbox 763 1693 921 1755; x_wconf 90' lang='lat' dir='ltr'>operam,</span> <span class='ocrx_word' id='word_1_92' title='bbox 950 1677 994 1738; x_wconf 91' lang='lat' dir='ltr'>ad</span> <span class='ocrx_word' id='word_1_93' title='bbox 1019 1676 1161 1738; x_wconf 89' lang='lat' dir='ltr'>scholas</span> <span class='ocrx_word' id='word_1_94' title='bbox 1178 1675 1336 1754; x_wconf 81' lang='lat' dir='ltr'>Collegit,</span> <span class='ocrx_word' id='word_1_95' title='bbox 1359 1687 1395 1737; x_wconf 91' lang='lat' dir='ltr'>ut</span> <span class='ocrx_word' id='word_1_96' title='bbox 1415 1677 1450 1739; x_wconf 93' lang='grc'>10</span> <span class='ocrx_word' id='word_1_97' title='bbox 1467 1677 1531 1739; x_wconf 91' lang='lat' dir='ltr'>hu·</span> 
     </span>
     <span class='ocr_line' id='line_1_13' title="bbox 294 1780 1527 1863; baseline -0.002 -15"><span class='ocrx_word' id='word_1_98' title='bbox 294 1786 512 1849; x_wconf 90' lang='lat' dir='ltr'>manioribus</span> <span class='ocrx_word' id='word_1_99' title='bbox 530 1784 656 1848; x_wconf 88' lang='lat' dir='ltr'>litteris</span> <span class='ocrx_word' id='word_1_100' title='bbox 682 1783 885 1846; x_wconf 88' lang='lat' dir='ltr'>solidiorem</span> <span class='ocrx_word' id='word_1_101' title='bbox 913 1783 1146 1846; x_wconf 88' lang='lat' dir='ltr'>eruditionem</span> <span class='ocrx_word' id='word_1_102' title='bbox 1176 1783 1400 1861; x_wconf 86' lang='lat' dir='ltr'>acciperent,</span> <span class='ocrx_word' id='word_1_103' title='bbox 1431 1780 1527 1863; x_wconf 88' lang='lat' dir='ltr'>[mit-</span> 
     </span>
     <span class='ocr_line' id='line_1_14' title="bbox 296 1890 440 1972; baseline 0 -16"><span class='ocrx_word' id='word_1_104' title='bbox 296 1890 440 1972; x_wconf 88' lang='lat' dir='ltr'>tebant].</span> 
     </span>
    </p>

    <p class='ocr_par' dir='ltr' id='par_1_3' title="bbox 294 1995 1528 2722">
     <span class='ocr_line' id='line_1_15' title="bbox 354 1995 1526 2076; baseline -0.003 -15"><span class='ocrx_word' id='word_1_105' title='bbox 354 1999 424 2062; x_wconf 85' lang='grc'>455.</span> <span class='ocrx_word' id='word_1_106' title='bbox 468 1998 725 2062; x_wconf 79' lang='lat' dir='ltr'>Excitabantur</span> <span class='ocrx_word' id='word_1_107' title='bbox 741 2006 858 2060; x_wconf 91' lang='lat' dir='ltr'>autem</span> <span class='ocrx_word' id='word_1_108' title='bbox 870 1996 1060 2076; x_wconf 90' lang='lat' dir='ltr'>plurimum</span> <span class='ocrx_word' id='word_1_109' title='bbox 1076 1995 1280 2058; x_wconf 86' lang='lat' dir='ltr'>scholastici</span> <span class='ocrx_word' id='word_1_110' title='bbox 1296 1995 1431 2058; x_wconf 91' lang='lat' dir='ltr'>crebris</span> <span class='ocrx_word' id='word_1_111' title='bbox 1448 2014 1526 2059; x_wconf 89' lang='lat' dir='ltr'>ora-</span> 
     </span>
     <span class='ocr_line' id='line_1_16' title="bbox 295 2102 1524 2185; baseline -0.002 -17"><span class='ocrx_word' id='word_1_112' title='bbox 295 2107 458 2180; x_wconf 92' lang='lat' dir='ltr'>tionibus,</span> <span class='ocrx_word' id='word_1_113' title='bbox 476 2123 566 2185; x_wconf 90' lang='lat' dir='ltr'>quas</span> <span class='ocrx_word' id='word_1_114' title='bbox 590 2105 740 2182; x_wconf 80' lang='lat' dir='ltr'>singulis</span> <span class='ocrx_word' id='word_1_115' title='bbox 765 2105 887 2167; x_wconf 90' lang='lat' dir='ltr'>diebus</span> <span class='ocrx_word' id='word_1_116' title='bbox 910 2102 1097 2166; x_wconf 90' lang='lat' dir='ltr'>dominicis</span> <span class='ocrx_word' id='word_1_117' title='bbox 1123 2104 1249 2181; x_wconf 90' lang='lat' dir='ltr'>aliquis</span> <span class='ocrx_word' id='word_1_118' title='bbox 1275 2121 1319 2166; x_wconf 83' lang='lat' dir='ltr'>ex</span> <span class='ocrx_word' id='word_1_119' title='bbox 1336 2104 1524 2166; x_wconf 90' lang='lat' dir='ltr'>rhetoricis</span> 
     </span>
     <span class='ocr_line' id='line_1_17' title="bbox 294 2209 1524 2292; baseline -0.003 -16"><span class='ocrx_word' id='word_1_120' title='bbox 294 2214 458 2291; x_wconf 90' lang='lat' dir='ltr'>habebat,</span> <span class='ocrx_word' id='word_1_121' title='bbox 475 2231 545 2292; x_wconf 89' lang='lat' dir='ltr'>qua</span> <span class='ocrx_word' id='word_1_122' title='bbox 560 2214 734 2289; x_wconf 88' lang='lat' dir='ltr'>absoluta,</span> <span class='ocrx_word' id='word_1_123' title='bbox 750 2211 905 2290; x_wconf 87' lang='lat' dir='ltr'>reliquos</span> <span class='ocrx_word' id='word_1_124' title='bbox 925 2210 970 2272; x_wconf 93' lang='lat' dir='ltr'>ad</span> <span class='ocrx_word' id='word_1_125' title='bbox 992 2209 1243 2290; x_wconf 86' lang='lat' dir='ltr'>disputandum</span> <span class='ocrx_word' id='word_1_126' title='bbox 1265 2211 1524 2289; x_wconf 85' lang='lat' dir='ltr'>provocabant.</span> 
     </span>
     <span class='ocr_line' id='line_1_18' title="bbox 294 2315 1527 2398; baseline -0.003 -14"><span class='ocrx_word' id='word_1_127' title='bbox 294 2320 371 2384; x_wconf 92' lang='lat' dir='ltr'>Has</span> <span class='ocrx_word' id='word_1_128' title='bbox 385 2331 504 2384; x_wconf 88' lang='lat' dir='ltr'>autem</span> <span class='ocrx_word' id='word_1_129' title='bbox 519 2320 775 2398; x_wconf 87' lang='lat' dir='ltr'>disputationes</span> <span class='ocrx_word' id='word_1_130' title='bbox 790 2318 961 2397; x_wconf 86' lang='lat' dir='ltr'>perutiles</span> <span class='ocrx_word' id='word_1_131' title='bbox 976 2333 1054 2378; x_wconf 91' lang='lat' dir='ltr'>esse</span> <span class='ocrx_word' id='word_1_132' title='bbox 1077 2315 1121 2377; x_wconf 90' lang='lat' dir='ltr'>ad</span> <span class='ocrx_word' id='word_1_133' title='bbox 1137 2316 1432 2380; x_wconf 90' lang='lat' dir='ltr'>scholasticorum</span> <span class='ocrx_word' id='word_1_134' title='bbox 1448 2335 1527 2397; x_wconf 89' lang='lat' dir='ltr'>pro-</span> 
     </span>
     <span class='ocr_line' id='line_1_19' title="bbox 295 2423 1528 2506; baseline -0.002 -16"><span class='ocrx_word' id='word_1_135' title='bbox 295 2428 426 2490; x_wconf 83' lang='lat' dir='ltr'>fectum</span> <span class='ocrx_word' id='word_1_136' title='bbox 440 2425 660 2506; x_wconf 83' lang='lat' dir='ltr'>experientia</span> <span class='ocrx_word' id='word_1_137' title='bbox 675 2425 806 2487; x_wconf 91' lang='lat' dir='ltr'>docuit.</span> <span class='ocrx_word' id='word_1_138' title='bbox 823 2423 863 2487; x_wconf 93' lang='lat' dir='ltr'>In</span> <span class='ocrx_word' id='word_1_139' title='bbox 878 2423 957 2486; x_wconf 90' lang='lat' dir='ltr'>aliis</span> <span class='ocrx_word' id='word_1_140' title='bbox 973 2425 1078 2486; x_wconf 90' lang='lat' dir='ltr'>etiam</span> <span class='ocrx_word' id='word_1_141' title='bbox 1095 2423 1269 2486; x_wconf 91' lang='lat' dir='ltr'>classibus</span> <span class='ocrx_word' id='word_1_142' title='bbox 1284 2440 1355 2486; x_wconf 91' lang='lat' dir='ltr'>non</span> <span class='ocrx_word' id='word_1_143' title='bbox 1376 2425 1528 2504; x_wconf 83' lang='lat' dir='ltr'>exiguus</span> 
     </span>
     <span class='ocr_line' id='line_1_20' title="bbox 295 2531 1527 2614; baseline -0.002 -17"><span class='ocrx_word' id='word_1_144' title='bbox 295 2534 474 2614; x_wconf 83' lang='lat' dir='ltr'>proiectus</span> <span class='ocrx_word' id='word_1_145' title='bbox 490 2532 713 2610; x_wconf 87' lang='lat' dir='ltr'>cernebatur,</span> <span class='ocrx_word' id='word_1_146' title='bbox 737 2532 840 2595; x_wconf 90' lang='lat' dir='ltr'>etita</span> <span class='ocrx_word' id='word_1_147' title='bbox 862 2547 907 2593; x_wconf 82' lang='lat' dir='ltr'>ex</span> <span class='ocrx_word' id='word_1_148' title='bbox 927 2531 1041 2594; x_wconf 90' lang='lat' dir='ltr'>classe</span> <span class='ocrx_word' id='word_1_149' title='bbox 1062 2531 1219 2594; x_wconf 89' lang='lat' dir='ltr'>secunda</span> <span class='ocrx_word' id='word_1_150' title='bbox 1243 2531 1351 2611; x_wconf 90' lang='lat' dir='ltr'>aliqui</span> <span class='ocrx_word' id='word_1_151' title='bbox 1373 2533 1527 2610; x_wconf 88' lang='lat' dir='ltr'>optimae</span> 
     </span>
     <span class='ocr_line' id='line_1_21' title="bbox 296 2639 1186 2722; baseline -0.002 -19"><span class='ocrx_word' id='word_1_152' title='bbox 296 2643 371 2722; x_wconf 92' lang='lat' dir='ltr'>spei</span> <span class='ocrx_word' id='word_1_153' title='bbox 386 2641 629 2705; x_wconf 88' lang='lat' dir='ltr'>adolescentes</span> <span class='ocrx_word' id='word_1_154' title='bbox 644 2639 689 2703; x_wconf 88' lang='lat' dir='ltr'>ad</span> <span class='ocrx_word' id='word_1_155' title='bbox 704 2639 854 2719; x_wconf 91' lang='lat' dir='ltr'>primam</span> <span class='ocrx_word' id='word_1_156' title='bbox 869 2639 1070 2702; x_wconf 87' lang='lat' dir='ltr'>transmissi</span> <span class='ocrx_word' id='word_1_157' title='bbox 1093 2647 1186 2701; x_wconf 91' lang='lat' dir='ltr'>sunt.</span> 
     </span>
    </p>

    <p class='ocr_par' dir='ltr' id='par_1_4' title="bbox 295 2745 1530 3564">
     <span class='ocr_line' id='line_1_22' title="bbox 356 2745 1530 2828; baseline -0.003 -15"><span class='ocrx_word' id='word_1_158' title='bbox 356 2748 427 2813; x_wconf 85' lang='grc'>456.</span> <span class='ocrx_word' id='word_1_159' title='bbox 470 2748 644 2827; x_wconf 88' lang='lat' dir='ltr'>Tempore</span> <span class='ocrx_word' id='word_1_160' title='bbox 650 2746 795 2827; x_wconf 90' lang='lat' dir='ltr'>jubilaei</span> <span class='ocrx_word' id='word_1_161' title='bbox 809 2746 1002 2825; x_wconf 90' lang='lat' dir='ltr'>utriusque,</span> <span class='ocrx_word' id='word_1_162' title='bbox 1018 2746 1165 2823; x_wconf 88' lang='lat' dir='ltr'>scilicet,</span> <span class='ocrx_word' id='word_1_163' title='bbox 1179 2763 1299 2809; x_wconf 90' lang='lat' dir='ltr'>mense</span> <span class='ocrx_word' id='word_1_164' title='bbox 1309 2745 1479 2828; x_wconf 90' lang='lat' dir='ltr'>Januario</span> <span class='ocrx_word' id='word_1_165' title='bbox 1495 2758 1530 2809; x_wconf 91' lang='lat' dir='ltr'>et</span> 
     </span>
     <span class='ocr_line' id='line_1_23' title="bbox 298 2852 1529 2937; baseline -0.002 -17"><span class='ocrx_word' id='word_1_166' title='bbox 298 2856 461 2935; x_wconf 90' lang='lat' dir='ltr'>Augusto</span> <span class='ocrx_word' id='word_1_167' title='bbox 477 2875 499 2918; x_wconf 90' lang='lat' dir='ltr'>a</span> <span class='ocrx_word' id='word_1_168' title='bbox 513 2856 608 2937; x_wconf 88' lang='lat' dir='ltr'>Juiio</span> <span class='ocrx_word' id='word_1_169' title='bbox 622 2854 670 2919; x_wconf 87' lang='grc' dir='ltr'>ΙΙΙ</span> <span class='ocrx_word' id='word_1_170' title='bbox 696 2863 729 2917; x_wconf 86' lang='grc'>01</span> <span class='ocrx_word' id='word_1_171' title='bbox 756 2854 865 2917; x_wconf 91' lang='lat' dir='ltr'>Paulo</span> <span class='ocrx_word' id='word_1_172' title='bbox 888 2852 939 2916; x_wconf 91' lang='lat' dir='ltr'>IV</span> <span class='ocrx_word' id='word_1_173' title='bbox 964 2854 1136 2931; x_wconf 88' lang='lat' dir='ltr'>concessi,</span> <span class='ocrx_word' id='word_1_174' title='bbox 1163 2866 1235 2916; x_wconf 88' lang='lat' dir='ltr'>tres</span> <span class='ocrx_word' id='word_1_175' title='bbox 1261 2852 1470 2917; x_wconf 78' lang='lat' dir='ltr'>confessarii</span> <span class='ocrx_word' id='word_1_176' title='bbox 1485 2872 1529 2917; x_wconf 85' lang='lat' dir='ltr'>ex</span> 
     </span>
     <span class='ocr_line' id='line_1_24' title="bbox 296 2961 1530 3042; baseline -0.004 -15"><span class='ocrx_word' id='word_1_177' title='bbox 296 2964 439 3041; x_wconf 70' lang='lat' dir='ltr'>nostris</span> <span class='ocrx_word' id='word_1_178' title='bbox 456 2963 515 3042; x_wconf 92' lang='lat' dir='ltr'>qui</span> <span class='ocrx_word' id='word_1_179' title='bbox 531 2962 670 3026; x_wconf 87' lang='lat' dir='ltr'>Patavii</span> <span class='ocrx_word' id='word_1_180' title='bbox 685 2961 965 3025; x_wconf 80' lang='lat' dir='ltr'>confessionibus</span> <span class='ocrx_word' id='word_1_181' title='bbox 980 2962 1170 3039; x_wconf 88' lang='lat' dir='ltr'>vacabant,</span> <span class='ocrx_word' id='word_1_182' title='bbox 1191 2962 1452 3041; x_wconf 91' lang='lat' dir='ltr'>poenitentibus</span> <span class='ocrx_word' id='word_1_183' title='bbox 1473 2978 1530 3023; x_wconf 92' lang='lat' dir='ltr'>sa-</span> 
     </span>
     <span class='ocr_line' id='line_1_25' title="bbox 298 3067 1529 3149; baseline -0.002 -15"><span class='ocrx_word' id='word_1_184' title='bbox 298 3071 556 3134; x_wconf 87' lang='grc'>115100010000</span> <span class='ocrx_word' id='word_1_185' title='bbox 583 3079 758 3149; x_wconf 87' lang='lat' dir='ltr'>poterant;</span> <span class='ocrx_word' id='word_1_186' title='bbox 784 3080 819 3131; x_wconf 92' lang='lat' dir='ltr'>et</span> <span class='ocrx_word' id='word_1_187' title='bbox 844 3080 991 3147; x_wconf 90' lang='lat' dir='ltr'>propter</span> <span class='ocrx_word' id='word_1_188' title='bbox 1018 3069 1149 3131; x_wconf 93' lang='lat' dir='ltr'>bonum</span> <span class='ocrx_word' id='word_1_189' title='bbox 1174 3067 1362 3131; x_wconf 89' lang='lat' dir='ltr'>Societatis</span> <span class='ocrx_word' id='word_1_190' title='bbox 1384 3068 1529 3131; x_wconf 89' lang='lat' dir='ltr'>odorem</span> 
     </span>
     <span class='ocr_line' id='line_1_26' title="bbox 296 3174 1528 3256; baseline -0.002 -15"><span class='ocrx_word' id='word_1_191' title='bbox 296 3188 439 3242; x_wconf 89' lang='lat' dir='ltr'>veteres</span> <span class='ocrx_word' id='word_1_192' title='bbox 460 3177 699 3241; x_wconf 86' lang='lat' dir='ltr'>confessarios</span> <span class='ocrx_word' id='word_1_193' title='bbox 729 3176 837 3256; x_wconf 90' lang='lat' dir='ltr'>aliqui</span> <span class='ocrx_word' id='word_1_194' title='bbox 862 3174 1108 3255; x_wconf 89' lang='lat' dir='ltr'>relinquebant</span> <span class='ocrx_word' id='word_1_195' title='bbox 1131 3187 1163 3238; x_wconf 88' lang='lat' dir='ltr'>et</span> <span class='ocrx_word' id='word_1_196' title='bbox 1184 3176 1230 3238; x_wconf 90' lang='lat' dir='ltr'>ad</span> <span class='ocrx_word' id='word_1_197' title='bbox 1249 3185 1391 3237; x_wconf 88' lang='lat' dir='ltr'>nostros</span> <span class='ocrx_word' id='word_1_198' title='bbox 1411 3176 1528 3238; x_wconf 89' lang='lat' dir='ltr'>venie·</span> 
     </span>
     <span class='ocr_line' id='line_1_27' title="bbox 296 3280 1527 3364; baseline -0.003 -15"><span class='ocrx_word' id='word_1_199' title='bbox 296 3287 392 3349; x_wconf 88' lang='lat' dir='ltr'>bant.</span> <span class='ocrx_word' id='word_1_200' title='bbox 419 3284 462 3348; x_wconf 89' lang='lat' dir='ltr'>Et</span> <span class='ocrx_word' id='word_1_201' title='bbox 484 3284 649 3364; x_wconf 88' lang='lat' dir='ltr'>quamvis</span> <span class='ocrx_word' id='word_1_202' title='bbox 672 3283 760 3345; x_wconf 87' lang='lat' dir='ltr'>satis</span> <span class='ocrx_word' id='word_1_203' title='bbox 785 3293 963 3346; x_wconf 89' lang='lat' dir='ltr'>remotum</span> <span class='ocrx_word' id='word_1_204' title='bbox 988 3283 1033 3345; x_wconf 91' lang='lat' dir='ltr'>sit</span> <span class='ocrx_word' id='word_1_205' title='bbox 1059 3280 1256 3360; x_wconf 83' lang='lat' dir='ltr'>Collegium</span> <span class='ocrx_word' id='word_1_206' title='bbox 1284 3302 1303 3344; x_wconf 94' lang='lat' dir='ltr'>a</span> <span class='ocrx_word' id='word_1_207' title='bbox 1329 3281 1527 3361; x_wconf 83' lang='lat' dir='ltr'>frequentia</span> 
     </span>
     <span class='ocr_line' id='line_1_28' title="bbox 295 3388 1526 3470; baseline -0.002 -15"><span class='ocrx_word' id='word_1_208' title='bbox 295 3393 405 3469; x_wconf 87' lang='lat' dir='ltr'>urbis,</span> <span class='ocrx_word' id='word_1_209' title='bbox 422 3391 665 3470; x_wconf 90' lang='lat' dir='ltr'>multoplures</span> <span class='ocrx_word' id='word_1_210' title='bbox 680 3407 787 3469; x_wconf 89' lang='lat' dir='ltr'>quam</span> <span class='ocrx_word' id='word_1_211' title='bbox 803 3390 897 3452; x_wconf 91' lang='lat' dir='ltr'>soliti</span> <span class='ocrx_word' id='word_1_212' title='bbox 909 3398 1022 3464; x_wconf 87' lang='lat' dir='ltr'>erant,</span> <span class='ocrx_word' id='word_1_213' title='bbox 1040 3389 1147 3451; x_wconf 89' lang='lat' dir='ltr'>etiam</span> <span class='ocrx_word' id='word_1_214' title='bbox 1158 3389 1203 3452; x_wconf 91' lang='lat' dir='ltr'>ad</span> <span class='ocrx_word' id='word_1_215' title='bbox 1216 3388 1327 3453; x_wconf 87' lang='lat' dir='ltr'>Sacra</span> <span class='ocrx_word' id='word_1_216' title='bbox 1340 3388 1526 3467; x_wconf 89' lang='lat' dir='ltr'>audienda,</span> 
     </span>
     <span class='ocr_line' id='line_1_29' title="bbox 296 3500 568 3564; baseline -0.007 -1"><span class='ocrx_word' id='word_1_217' title='bbox 296 3500 568 3564; x_wconf 90' lang='lat' dir='ltr'>conveniebant.</span> 
     </span>
    </p>

    <p class='ocr_par' dir='ltr' id='par_1_5' title="bbox 294 3602 1529 4420">
     <span class='ocr_line' id='line_1_30' title="bbox 357 3602 1528 3685; baseline 0.001 -17"><span class='ocrx_word' id='word_1_218' title='bbox 357 3606 428 3668; x_wconf 89' lang='grc'>457.</span> <span class='ocrx_word' id='word_1_219' title='bbox 472 3605 567 3669; x_wconf 88' lang='grc'>10101</span> <span class='ocrx_word' id='word_1_220' title='bbox 580 3605 638 3684; x_wconf 89' lang='lat' dir='ltr'>pia</span> <span class='ocrx_word' id='word_1_221' title='bbox 655 3620 763 3683; x_wconf 89' lang='lat' dir='ltr'>opera</span> <span class='ocrx_word' id='word_1_222' title='bbox 781 3621 852 3666; x_wconf 90' lang='lat' dir='ltr'>non</span> <span class='ocrx_word' id='word_1_223' title='bbox 872 3620 998 3682; x_wconf 88' lang='lat' dir='ltr'>pauca,</span> <span class='ocrx_word' id='word_1_224' title='bbox 1020 3620 1110 3683; x_wconf 91' lang='lat' dir='ltr'>quae</span> <span class='ocrx_word' id='word_1_225' title='bbox 1131 3620 1194 3682; x_wconf 88' lang='lat' dir='ltr'>per</span> <span class='ocrx_word' id='word_1_226' title='bbox 1216 3602 1402 3667; x_wconf 88' lang='lat' dir='ltr'>Rectorem</span> <span class='ocrx_word' id='word_1_227' title='bbox 1423 3604 1528 3685; x_wconf 87' lang='lat' dir='ltr'>hujus</span> 
     </span>
     <span class='ocr_line' id='line_1_31' title="bbox 297 3710 1527 3806; baseline -0.001 -30"><span class='ocrx_word' id='word_1_228' title='bbox 297 3714 445 3792; x_wconf 84' lang='lat' dir='ltr'>Collegii</span> <span class='ocrx_word' id='word_1_229' title='bbox 456 3712 630 3775; x_wconf 88' lang='lat' dir='ltr'>Dominus</span> <span class='ocrx_word' id='word_1_230' title='bbox 645 3710 809 3806; x_wconf 85' lang='lat' dir='ltr'>confecit,</span> <span class='ocrx_word' id='word_1_231' title='bbox 824 3710 910 3773; x_wconf 89' lang='lat' dir='ltr'>illud</span> <span class='ocrx_word' id='word_1_232' title='bbox 924 3711 1000 3788; x_wconf 87' lang='grc'>1011,</span> <span class='ocrx_word' id='word_1_233' title='bbox 1014 3710 1107 3790; x_wconf 91' lang='lat' dir='ltr'>quod</span> <span class='ocrx_word' id='word_1_234' title='bbox 1120 3727 1255 3790; x_wconf 90' lang='lat' dir='ltr'>pauper</span> <span class='ocrx_word' id='word_1_235' title='bbox 1267 3713 1442 3790; x_wconf 89' lang='lat' dir='ltr'>quaedam</span> <span class='ocrx_word' id='word_1_236' title='bbox 1456 3730 1527 3775; x_wconf 94' lang='lat' dir='ltr'>mu-</span> 
     </span>
     <span class='ocr_line' id='line_1_32' title="bbox 298 3817 1529 3899; baseline 0 -16"><span class='ocrx_word' id='word_1_237' title='bbox 298 3822 373 3896; x_wconf 86' lang='lat' dir='ltr'>lier,</span> <span class='ocrx_word' id='word_1_238' title='bbox 390 3820 497 3884; x_wconf 85' lang='lat' dir='ltr'>vidua</span> <span class='ocrx_word' id='word_1_239' title='bbox 513 3831 547 3882; x_wconf 94' lang='lat' dir='ltr'>et</span> <span class='ocrx_word' id='word_1_240' title='bbox 561 3817 642 3881; x_wconf 89' lang='lat' dir='ltr'>filiis</span> <span class='ocrx_word' id='word_1_241' title='bbox 661 3827 818 3890; x_wconf 90' lang='lat' dir='ltr'>onerata,</span> <span class='ocrx_word' id='word_1_242' title='bbox 835 3818 949 3881; x_wconf 90' lang='lat' dir='ltr'>ineas</span> <span class='ocrx_word' id='word_1_243' title='bbox 971 3818 1156 3895; x_wconf 86' lang='lat' dir='ltr'>angustias</span> <span class='ocrx_word' id='word_1_244' title='bbox 1171 3828 1317 3897; x_wconf 92' lang='lat' dir='ltr'>propter</span> <span class='ocrx_word' id='word_1_245' title='bbox 1332 3830 1529 3899; x_wconf 84' lang='lat' dir='ltr'>egestatem</span> 
     </span>
     <span class='ocr_line' id='line_1_33' title="bbox 296 3922 1527 4006; baseline -0.003 -13"><span class='ocrx_word' id='word_1_246' title='bbox 296 3930 444 3993; x_wconf 82' lang='lat' dir='ltr'>redacta</span> <span class='ocrx_word' id='word_1_247' title='bbox 464 3939 554 4002; x_wconf 88' lang='lat' dir='ltr'>erat,</span> <span class='ocrx_word' id='word_1_248' title='bbox 574 3936 613 3989; x_wconf 92' lang='lat' dir='ltr'>ut</span> <span class='ocrx_word' id='word_1_249' title='bbox 636 3926 812 4006; x_wconf 84' lang='lat' dir='ltr'>quaedam</span> <span class='ocrx_word' id='word_1_250' title='bbox 831 3924 906 4005; x_wconf 89' lang='lat' dir='ltr'>ejus</span> <span class='ocrx_word' id='word_1_251' title='bbox 925 3924 1008 4001; x_wconf 90' lang='lat' dir='ltr'>filia,</span> <span class='ocrx_word' id='word_1_252' title='bbox 1029 3922 1102 4004; x_wconf 88' lang='lat' dir='ltr'>jam</span> <span class='ocrx_word' id='word_1_253' title='bbox 1125 3925 1268 4001; x_wconf 79' lang='lat' dir='ltr'>nubiiiS,</span> <span class='ocrx_word' id='word_1_254' title='bbox 1292 3925 1406 4004; x_wconf 92' lang='lat' dir='ltr'>ipsam</span> <span class='ocrx_word' id='word_1_255' title='bbox 1423 3927 1527 3989; x_wconf 90' lang='lat' dir='ltr'>veliet</span> 
     </span>
     <span class='ocr_line' id='line_1_34' title="bbox 298 4029 1528 4113; baseline -0.002 -13"><span class='ocrx_word' id='word_1_256' title='bbox 298 4037 461 4101; x_wconf 87' lang='lat' dir='ltr'>deserere</span> <span class='ocrx_word' id='word_1_257' title='bbox 476 4044 511 4097; x_wconf 89' lang='lat' dir='ltr'>et</span> <span class='ocrx_word' id='word_1_258' title='bbox 525 4034 604 4097; x_wconf 89' lang='lat' dir='ltr'>viro</span> <span class='ocrx_word' id='word_1_259' title='bbox 620 4033 761 4096; x_wconf 88' lang='lat' dir='ltr'>cuidam</span> <span class='ocrx_word' id='word_1_260' title='bbox 776 4032 983 4109; x_wconf 90' lang='lat' dir='ltr'>adhaerere,</span> <span class='ocrx_word' id='word_1_261' title='bbox 1003 4029 1086 4113; x_wconf 85' lang='lat' dir='ltr'>[qui]</span> <span class='ocrx_word' id='word_1_262' title='bbox 1110 4050 1189 4095; x_wconf 86' lang='lat' dir='ltr'>eam</span> <span class='ocrx_word' id='word_1_263' title='bbox 1210 4050 1330 4096; x_wconf 91' lang='lat' dir='ltr'>secum</span> <span class='ocrx_word' id='word_1_264' title='bbox 1351 4034 1528 4097; x_wconf 89' lang='lat' dir='ltr'>adducere</span> 
     </span>
     <span class='ocr_line' id='line_1_35' title="bbox 297 4139 1525 4220; baseline -0.001 -16"><span class='ocrx_word' id='word_1_265' title='bbox 297 4143 440 4207; x_wconf 90' lang='lat' dir='ltr'>volebat</span> <span class='ocrx_word' id='word_1_266' title='bbox 465 4150 500 4204; x_wconf 91' lang='grc'>01</span> <span class='ocrx_word' id='word_1_267' title='bbox 525 4140 636 4219; x_wconf 91' lang='lat' dir='ltr'>largis</span> <span class='ocrx_word' id='word_1_268' title='bbox 661 4139 976 4219; x_wconf 90' lang='lat' dir='ltr'>pollicitationibus</span> <span class='ocrx_word' id='word_1_269' title='bbox 996 4140 1164 4202; x_wconf 88' lang='lat' dir='ltr'>seducere</span> <span class='ocrx_word' id='word_1_270' title='bbox 1184 4141 1337 4220; x_wconf 90' lang='lat' dir='ltr'>pueliam</span> <span class='ocrx_word' id='word_1_271' title='bbox 1353 4141 1525 4211; x_wconf 75' lang='lat' dir='ltr'>tentabat:</span> 
     </span>
     <span class='ocr_line' id='line_1_36' title="bbox 295 4245 1528 4327; baseline -0.003 -14"><span class='ocrx_word' id='word_1_272' title='bbox 295 4250 360 4313; x_wconf 89' lang='lat' dir='ltr'>sed</span> <span class='ocrx_word' id='word_1_273' title='bbox 373 4266 455 4312; x_wconf 91' lang='lat' dir='ltr'>cum</span> <span class='ocrx_word' id='word_1_274' title='bbox 466 4248 617 4312; x_wconf 86' lang='lat' dir='ltr'>adhunc</span> <span class='ocrx_word' id='word_1_275' title='bbox 630 4245 772 4309; x_wconf 89' lang='lat' dir='ltr'>Patrem</span> <span class='ocrx_word' id='word_1_276' title='bbox 787 4257 880 4309; x_wconf 90' lang='lat' dir='ltr'>esset</span> <span class='ocrx_word' id='word_1_277' title='bbox 895 4245 1053 4323; x_wconf 90' lang='lat' dir='ltr'>reducta,</span> <span class='ocrx_word' id='word_1_278' title='bbox 1071 4255 1265 4325; x_wconf 90' lang='lat' dir='ltr'>egestatem</span> <span class='ocrx_word' id='word_1_279' title='bbox 1280 4264 1393 4327; x_wconf 91' lang='lat' dir='ltr'>aequo</span> <span class='ocrx_word' id='word_1_280' title='bbox 1409 4246 1528 4310; x_wconf 89' lang='lat' dir='ltr'>animo</span> 
     </span>
     <span class='ocr_line' id='line_1_37' title="bbox 294 4352 1421 4420; baseline -0.003 0"><span class='ocrx_word' id='word_1_281' title='bbox 294 4357 389 4420; x_wconf 85' lang='lat' dir='ltr'>serre</span> <span class='ocrx_word' id='word_1_282' title='bbox 404 4366 440 4419; x_wconf 91' lang='lat' dir='ltr'>et</span> <span class='ocrx_word' id='word_1_283' title='bbox 454 4372 475 4417; x_wconf 88' lang='lat' dir='ltr'>a</span> <span class='ocrx_word' id='word_1_284' title='bbox 489 4352 558 4417; x_wconf 91' lang='lat' dir='ltr'>Dei</span> <span class='ocrx_word' id='word_1_285' title='bbox 573 4354 718 4416; x_wconf 88' lang='lat' dir='ltr'>servitio</span> <span class='ocrx_word' id='word_1_286' title='bbox 732 4364 767 4415; x_wconf 91' lang='lat' dir='ltr'>et</span> <span class='ocrx_word' id='word_1_287' title='bbox 781 4354 968 4415; x_wconf 88' lang='lat' dir='ltr'>honestate</span> <span class='ocrx_word' id='word_1_288' title='bbox 982 4370 1052 4415; x_wconf 89' lang='lat' dir='ltr'>non</span> <span class='ocrx_word' id='word_1_289' title='bbox 1067 4354 1235 4416; x_wconf 88' lang='lat' dir='ltr'>recedere</span> <span class='ocrx_word' id='word_1_290' title='bbox 1251 4354 1421 4418; x_wconf 84' lang='lat' dir='ltr'>decrevit.</span> 
     </span>
    </p>

    <p class='ocr_par' dir='ltr' id='par_1_6' title="bbox 297 4458 1528 4757">
     <span class='ocr_line' id='line_1_38' title="bbox 354 4458 1528 4539; baseline 0.002 -14"><span class='ocrx_word' id='word_1_291' title='bbox 354 4461 425 4525; x_wconf 87' lang='grc'>458.</span> <span class='ocrx_word' id='word_1_292' title='bbox 468 4460 631 4539; x_wconf 90' lang='lat' dir='ltr'>Rogatus</span> <span class='ocrx_word' id='word_1_293' title='bbox 652 4470 705 4523; x_wconf 88' lang='lat' dir='ltr'>est</span> <span class='ocrx_word' id='word_1_294' title='bbox 730 4458 822 4523; x_wconf 90' lang='lat' dir='ltr'>idem</span> <span class='ocrx_word' id='word_1_295' title='bbox 847 4468 886 4523; x_wconf 89' lang='lat' dir='ltr'>ut</span> <span class='ocrx_word' id='word_1_296' title='bbox 911 4460 948 4521; x_wconf 91' lang='grc'>10</span> <span class='ocrx_word' id='word_1_297' title='bbox 972 4460 1127 4539; x_wconf 90' lang='lat' dir='ltr'>quodam</span> <span class='ocrx_word' id='word_1_298' title='bbox 1150 4462 1367 4525; x_wconf 88' lang='lat' dir='ltr'>monasterio</span> <span class='ocrx_word' id='word_1_299' title='bbox 1395 4464 1528 4527; x_wconf 90' lang='lat' dir='ltr'>monia-</span> 
     </span>
     <span class='ocr_line' id='line_1_39' title="bbox 297 4566 1528 4650; baseline -0.002 -15"><span class='ocrx_word' id='word_1_300' title='bbox 297 4572 395 4650; x_wconf 91' lang='lat' dir='ltr'>lium,</span> <span class='ocrx_word' id='word_1_301' title='bbox 411 4566 581 4649; x_wconf 64' lang='grc' dir='ltr'>11110115.τι</span> <span class='ocrx_word' id='word_1_302' title='bbox 596 4567 768 4631; x_wconf 89' lang='lat' dir='ltr'>Matthiae</span> <span class='ocrx_word' id='word_1_303' title='bbox 784 4566 922 4643; x_wconf 90' lang='lat' dir='ltr'>dicitur,</span> <span class='ocrx_word' id='word_1_304' title='bbox 942 4567 1145 4630; x_wconf 90' lang='lat' dir='ltr'>concionari</span> <span class='ocrx_word' id='word_1_305' title='bbox 1166 4571 1283 4647; x_wconf 86' lang='lat' dir='ltr'>vellet,</span> <span class='ocrx_word' id='word_1_306' title='bbox 1300 4579 1334 4632; x_wconf 91' lang='lat' dir='ltr'>et</span> <span class='ocrx_word' id='word_1_307' title='bbox 1356 4568 1391 4631; x_wconf 88' lang='lat' dir='ltr'>id</span> <span class='ocrx_word' id='word_1_308' title='bbox 1411 4572 1528 4650; x_wconf 90' lang='lat' dir='ltr'>coepit</span> 
     </span>
     <span class='ocr_line' id='line_1_40' title="bbox 298 4674 1528 4757; baseline 0 -16"><span class='ocrx_word' id='word_1_309' title='bbox 298 4679 422 4741; x_wconf 90' lang='lat' dir='ltr'>diebus</span> <span class='ocrx_word' id='word_1_310' title='bbox 436 4676 537 4739; x_wconf 84' lang='lat' dir='ltr'>iestis</span> <span class='ocrx_word' id='word_1_311' title='bbox 550 4674 680 4752; x_wconf 86' lang='grc'>100010,</span> <span class='ocrx_word' id='word_1_312' title='bbox 703 4689 737 4737; x_wconf 84' lang='grc'>01</span> <span class='ocrx_word' id='word_1_313' title='bbox 752 4691 831 4737; x_wconf 90' lang='lat' dir='ltr'>cum</span> <span class='ocrx_word' id='word_1_314' title='bbox 854 4675 889 4736; x_wconf 90' lang='lat' dir='ltr'>id</span> <span class='ocrx_word' id='word_1_315' title='bbox 908 4675 1094 4755; x_wconf 89' lang='lat' dir='ltr'>coepisset,</span> <span class='ocrx_word' id='word_1_316' title='bbox 1112 4676 1218 4738; x_wconf 85' lang='lat' dir='ltr'>etiam</span> <span class='ocrx_word' id='word_1_317' title='bbox 1235 4688 1272 4739; x_wconf 93' lang='lat' dir='ltr'>ut</span> <span class='ocrx_word' id='word_1_318' title='bbox 1287 4678 1404 4757; x_wconf 91' lang='lat' dir='ltr'>aliquo</span> <span class='ocrx_word' id='word_1_319' title='bbox 1421 4678 1528 4741; x_wconf 87' lang='grc'>01110·</span> 
     </span>
    </p>
   </div>
   <div class='ocr_carea' id='block_1_3' title="bbox 0 0 1869 5400">
    <p class='ocr_par' dir='ltr' id='par_1_7' title="bbox 0 0 1869 5400">
     <span class='ocr_line' id='line_1_41' title="bbox 0 0 1869 5400; baseline 0 0"><span class='ocrx_word' id='word_1_320' title='bbox 0 0 1869 5400; x_wconf 95' lang='lat' dir='ltr'> </span> 
     </span>
    </p>
   </div>
  </div>
 </body>
</html>
