3717 5400
757 490 819 551 An.
842 492 921 551 lbbb.
1402 492 1461 551 509

225 650 307 698 cum
336 633 681 699 animadverteretur
710 634 804 717 quod
828 635 1016 700 Cordubae
1046 638 1161 701 nostri
1185 637 1457 718 profitebantur,

224 742 383 822 ipsorum
398 758 506 821 opera
522 759 560 805 se
574 760 679 821 posse
690 741 810 822 juvari
824 744 1016 824 sperabant
1029 744 1050 807 ¹.

268 846 356 913 1388.
400 848 511 913 Erant
526 848 656 913 ibidem
670 849 739 913 tria
753 850 903 930 collegia
919 851 1119 914 saecularia
1138 852 1310 930 instituta,
1330 851 1366 914 in
1382 852 1459 933 qui·

226 956 487 1037 busoctoginta
501 956 574 1019 fere
599 956 804 1036 collegiales
827 959 1065 1021 versabantur
1086 956 1110 1035 ’ς
1132 969 1166 1021 et
1187 959 1270 1038 quia
1284 960 1457 1023 sacellum

226 1064 365 1143 regium
379 1067 391 1099 ⁸
405 1064 534 1128 ibidem
555 1074 644 1143 erat,
667 1064 704 1127 iu
724 1080 806 1145 qun,
830 1073 910 1145 post
929 1081 1080 1143 regnum
1099 1064 1281 1128 Granatae
1300 1075 1455 1147 partum,

226 1170 419 1253 Hispaniae
443 1188 548 1251 reges
572 1172 832 1253 sepeliebantur
857 1169 880 1251 ⁴,
908 1173 1008 1235 multi
1038 1172 1227 1252 capellani,
1254 1181 1288 1235 et
1313 1171 1457 1253 quidem

225 1279 322 1343 vitae
334 1279 521 1343 honestate
535 1290 769 1360 praestantes,
786 1280 916 1343 ibidem
927 1290 1042 1359 erant;
1058 1289 1094 1341 et
1111 1280 1171 1343 alii
1190 1296 1261 1342 non
1283 1280 1388 1360 pauci
1401 1298 1458 1343 sa·

225 1387 388 1450 cerdotes
400 1387 505 1452 valde
519 1387 680 1466 studiosi;
696 1398 731 1450 et
746 1387 783 1451 hi
797 1387 969 1467 peculiari
984 1386 1114 1451 affectu
1129 1397 1290 1451 nostram
1301 1385 1458 1451 Societa-

225 1505 296 1558 tem
321 1494 527 1572 diligebant.
553 1492 648 1557 lnter
673 1494 866 1557 canonicos
896 1494 1004 1557 etiam
1030 1492 1256 1557 Cathedralis
1284 1494 1458 1557 ecclesiae

226 1601 370 1682 qnidam
388 1601 603 1665 Franciscus
621 1600 810 1665 Turrensis
829 1609 907 1665 erat
930 1598 953 1680 ⁸,
981 1598 1081 1680 cujus
1106 1618 1236 1682 parens
1262 1601 1459 1665 ditissimus

226 1705 301 1787 ejus
315 1708 413 1772 urbis
424 1707 633 1773 habebatur.
649 1707 728 1787 Hic,
742 1707 873 1771 nostris
882 1706 956 1788 jam
967 1707 1047 1770 inde
1059 1710 1104 1771 ab
1116 1708 1215 1771 initio
1228 1708 1283 1787 pie
1295 1707 1456 1787 aflectus,

227 1815 345 1895 coepit
371 1814 557 1878 duodecim
581 1832 710 1878 aureos
733 1832 871 1879 annuos
896 1824 931 1878 et
963 1814 1110 1879 totidem
1139 1816 1258 1878 modia
1289 1814 1457 1879 frumenti

228 1922 360 1985 nostris
380 1920 476 1985 dare.
505 1921 574 1984 Sed
597 1922 744 1985 ulterius
770 1920 1022 2001 progredienS,
1050 1922 1250 2003 spiritualia
1275 1921 1457 1985 Exercitia

226 2028 442 2108 suscipiendi
458 2044 588 2106 magno
604 2027 778 2092 desiderio
790 2029 988 2106 tenebatur,
1009 2037 1044 2091 et
1063 2047 1083 2091 a
1104 2046 1169 2091 suo
1188 2038 1290 2109 patre
1309 2030 1459 2093 faculta-

226 2144 295 2199 tem
313 2135 505 2215 postnlavit
520 2144 557 2197 ut
572 2135 619 2198 ad
632 2135 800 2215 oppidum
814 2132 873 2199 sn
895 2134 1018 2199 Lucae
1033 2152 1071 2197 se
1091 2134 1280 2212 conferret,
1306 2146 1341 2198 et
1357 2152 1456 2215 prae·

225 2240 322 2305 dicta
338 2242 516 2305 Exercitia
533 2260 553 2305 a
570 2224 673 2305 Patre
686 2242 824 2325 Joanne
838 2240 950 2305 Paulo
966 2237 979 2272 ⁸
995 2241 1061 2305 sibi
1076 2251 1162 2305 noto
1178 2243 1366 2322 acciperet.

268 2348 356 2413 1389.
400 2348 490 2412 Cum
505 2356 624 2412 autem
638 2359 750 2428 pater,
768 2348 823 2411 vir
838 2348 1006 2429 prudens,
1029 2349 1273 2428 suspicaretur
1292 2348 1387 2430 quod
1407 2352 1457 2413 ul·

224 2458 336 2521 terius
353 2472 608 2535 progressurus
623 2466 727 2531 esset,
744 2452 951 2519 facultatem
966 2454 1059 2518 hanc
1073 2455 1231 2533 negavit.
1251 2452 1323 2518 Sed
1337 2455 1394 2519 ille
1410 2456 1459 2519 vi-

266 2658 276 2694 ¹
304 2658 401 2705 “Cento
411 2666 469 2706 esta
479 2659 654 2705 Universidad
663 2660 740 2704 desde
749 2660 789 2705 los
798 2660 926 2716 primeros
937 2660 1049 2712 tiempos
1058 2670 1107 2704 con
1116 2670 1221 2704 eecasos
1231 2660 1321 2704 iondos
1328 2662 1460 2715 pareatib-

225 2733 300 2779 venlr
310 2735 327 2777 i
337 2745 380 2777 sus
388 2733 564 2784 necesidades‚
575 2733 692 2788 adquirir
703 2734 725 2776 el
741 2733 863 2777 material
874 2743 922 2787 que
935 2732 1085 2776 reclamaba
1095 2733 1121 2776 la
1131 2735 1284 2786 enseilanza,
1296 2746 1314 2788 y
1328 2733 1376 2777 dar
1388 2735 1405 2777 a
1419 2734 1462 2778 loa

225 2805 372 2860 proicsores
382 2806 408 2848 la
418 2815 586 2859 recompensa
593 2805 696 2855 debitia.
708 2804 774 2849 ialta
784 2815 832 2859 que
841 2805 927 2859 lamas
940 2805 1034 2858 llegoa
1044 2804 1202 2848 remediarse
1212 2805 1244 2848 de
1255 2816 1288 2847 un
1300 2804 1374 2848 modo
1381 2805 1459 2850 rath·

225 2875 345 2922 i'actorlo.
356 2876 419 2920 Este
428 2879 505 2920 racio
515 2887 543 2919 ee
553 2877 638 2930 snpiia
648 2887 680 2919 eu
690 2883 766 2931 parte
774 2875 908 2920 condendo
918 2877 944 2920 ei
955 2876 1110 2929 desempeno
1121 2875 1152 2918 de
1163 2877 1203 2919 las
1218 2877 1340 2920 catedras
1355 2876 1386 2920 de
1395 2875 1459 2922 Teo·

225 2949 296 3003 lotia
307 2951 322 2992 a
333 2949 372 2991 los
381 2949 522 3000 canonigos
533 2949 564 2991 de
575 2947 649 2992 oficio
663 2949 694 2992 de
710 2949 735 2992 la
751 2947 884 2992 Catedral.
895 2947 947 2992 Las
958 2949 988 2991 de
999 2947 1124 2992 Fllosoila
1131 2959 1159 2992 se
1170 2947 1335 2992 sostuvieron
1349 2959 1397 2992 con
1406 2959 1462 2992 una

225 3019 347 3064 dotacion
362 3031 410 3074 que
428 3021 466 3062 lea
482 3021 571 3063 sehalo
586 3022 612 3063 la
628 3019 709 3064 Relna
725 3018 800 3064 Doila
814 3018 906 3074 Juana,
923 3032 941 3076 y
957 3020 1049 3064 mucho
1065 3020 1160 3073 tlempo
1170 3020 1278 3074 despues
1292 3022 1317 3062 el
1332 3019 1460 3076 Doctory

226 3090 395 3136 Catedratico
406 3091 436 3134 D.
449 3091 515 3143 Juan
532 3091 630 3146 Crespo
645 3091 795 3146 Marmolelo
810 3091 871 3134 doto
886 3098 959 3135 otras
974 3091 1039 3135 ocho
1055 3091 1185 3142 catedras.
1200 3098 1274 3134 entre
1288 3092 1355 3134 elias
1365 3102 1417 3136 uua
1428 3092 1459 3136 tle

226 3162 342 3216 Cirugia.
353 3163 421 3212 Alao
432 3165 487 3206 mas
498 3163 665 3214 desahoaada
675 3164 757 3218 qucdo
768 3175 816 3206 con
827 3169 883 3206 esto
893 3164 919 3205 la
930 3164 1042 3214 oseneia,
1052 3173 1115 3218 pero
1123 3172 1207 3205 nuncu
1218 3169 1281 3205 tuvo
1292 3163 1330 3206 los
1339 3174 1463 3207 recursus

225 3245 273 3289 que
284 3241 356 3278 otras
367 3235 474 3278 muchas
485 3235 515 3278 de
527 3235 654 3288 Espana..
668 3234 717 3279 Gru
728 3245 760 3277 oa
774 3233 886 3286 zituare,
904 3233 945 3277 De
959 3234 987 3276 ia
1001 3235 1166 3277 instruction
1174 3233 1285 3286 publica
1296 3245 1329 3276 en
1339 3233 1465 3288 Espaiia,

225 3312 244 3350 t.
254 3317 283 3360 u,
293 3317 353 3360 pag.
362 3305 480 3350 aa-La
491 3305 601 3360 Funere,
612 3307 734 3350 Historia
745 3309 778 3350 lie
789 3307 831 3350 ias
846 3305 1059 3350 b'niversidades
1066 3317 1086 3360 y
1098 3305 1223 3358 coiegios,
1233 3305 1331 3357 etc.,de
1340 3303 1465 3360 Espaiia,

225 3385 245 3422 t.
257 3387 284 3430 u,
296 3389 353 3431 cap.
364 3389 438 3422 xxix.

266 3449 278 3480 ¹
305 3448 373 3492 Vide
384 3447 506 3492 Litterae
515 3449 744 3502 Quadrimesires,
755 3453 774 3492 t.
785 3458 822 3498 ru.
833 3458 897 3502 pag.
909 3447 958 3500 288,
969 3454 1058 3491 annot.
1068 3446 1092 3491 3.

266 3521 278 3554 ⁸
305 3520 345 3564 La
360 3521 464 3576 capillis
475 3521 544 3564 Real
554 3523 597 3564 vel
607 3521 640 3565 rie
650 3521 690 3564 los
701 3520 797 3575 Reyes,
807 3519 929 3574 adjacens
939 3519 1086 3564 cathedrali
1097 3521 1201 3574 templo.
1214 3519 1344 3564 Sacellum
1354 3520 1381 3565 in
1395 3519 1464 3564 inte·

225 3594 289 3638 riori
304 3600 378 3649 parte
394 3593 537 3638 circumdat
552 3605 668 3647 sequens.
681 3592 794 3646 gothicis
809 3592 1006 3636 characteribus
1022 3593 1152 3646 exculpta,
1169 3593 1311 3646 inscriptio:
1328 3591 1408 3636 “Esta
1420 3603 1463 3636 ca·

225 3667 289 3722 pilia
300 3667 441 3709 mandarun
452 3665 545 3709 fundar
556 3667 594 3708 ios
606 3676 666 3721 rnuy
677 3665 801 3708 catolicos
812 3663 869 3707 Don
880 3661 1017 3706 Fernando
1027 3675 1044 3718 y
1055 3663 1130 3707 Doila
1141 3664 1233 3714 isabel.
1249 3675 1296 3720 rey
1306 3675 1322 3719 y
1334 3674 1417 3720 reyna
1429 3665 1462 3706 de

225 3749 266 3797 las
276 3737 403 3791 Espaiias.
411 3737 441 3781 de
452 3737 572 3792 Napoles.
584 3737 614 3780 de
626 3736 723 3788 Sicilia,
734 3736 765 3779 de
775 3735 918 3787 Jerusalem
928 3735 1114 3788 conquistaron
1128 3741 1184 3778 este
1195 3747 1275 3789 reyno
1289 3747 1308 3791 y
1321 3737 1347 3778 lo
1361 3734 1462 3789 reduie·

225 3820 273 3853 ron
283 3810 299 3853 ί
310 3817 415 3852 nuestra
426 3810 458 3853 ie.
470 3809 592 3852 Ganaron
607 3809 647 3852 las
662 3809 724 3850 isias
740 3807 771 3850 de
787 3806 901 3850 Canaria
910 3818 928 3863 y
945 3808 985 3851 las
999 3805 1123 3863 ludinay
1139 3807 1178 3850 ias
1192 3807 1315 3850 cindades
1333 3807 1365 3850 de
1381 3806 1463 3860 0rau,

225 3880 315 3935 Tripol
326 3892 343 3936 y
355 3880 445 3934 Bugia.
456 3893 472 3936 y
483 3881 654 3935 destruyeron
665 3881 691 3924 la
702 3879 835 3934 herejla.y
845 3877 960 3922 echaron
974 3879 1012 3921 los
1022 3865 1108 3922 moros
1116 3890 1132 3932 y
1141 3879 1227 3933 ludios
1237 3879 1325 3920 destos
1335 3889 1431 3934 reynos
1444 3890 1463 3934 y

224 3953 388 3997 reformatori
403 3953 442 3996 las
458 3953 604 4006 religiones.
620 3951 684 3994 Fino
699 3952 725 3994 la
740 3949 831 4007 Reyna
846 3957 945 3995 martes
956 3952 1046 3994 ixavr
1057 3950 1088 3993 de
1102 3949 1253 3994 noviembre
1263 3949 1295 3992 de
1310 3960 1375 3992 uorr
1385 3951 1459 3993 aiios.

225 4023 291 4068 Find
300 4026 324 4068 el
336 4023 391 4080 Rey
401 4024 537 4068 mitrcoles
547 4027 563 4067 a
575 4035 639 4068 xxm
653 4034 731 4066 onero
747 4023 778 4067 de
793 4033 882 4066 anxur:
897 4023 1007 4066 acabose
1023 4029 1080 4066 esta
1095 4023 1160 4065 obra
1174 4024 1224 4065 ano
1234 4031 1350 4074 norvia„
1359 4019 1464 4074 Hunos,

225 4098 242 4141 1.
253 4109 285 4150 c..
297 4102 316 4142 t.
327 4097 348 4140 8.

265 4169 275 4201 ⁴
302 4167 331 4211 ln
343 4167 445 4218 litteris.
456 4177 470 4208 e
481 4167 571 4220 quibus
583 4165 647 4210 haec
658 4165 794 4220 desumpta
804 4173 872 4218 sunt,
884 4165 922 4208 ait
933 4165 963 4208 de
973 4165 1021 4209 boc
1034 4165 1131 4208 sacello
1140 4162 1213 4218 regio
1224 4163 1319 4206 Petras
1328 4161 1460 4207 Navarra:

223 4237 365 4284 “Sacellum
378 4237 494 4291 Regium.
506 4249 555 4292 quo
565 4237 706 4291 Hispaniae
718 4235 803 4290 Reges
816 4237 992 4288 conduntur..
1006 4235 1129 4279 Litterae
1144 4234 1375 4287 Quadrimestres,
1390 4240 1411 4278 t.
1422 4245 1463 4288 m,

222 4323 284 4365 pag.
294 4310 342 4354 288.
354 4311 487 4354 Pontianus
498 4316 585 4353 autem
595 4309 636 4352 hic
647 4310 693 4352 ait:
705 4309 743 4352 “in
754 4319 803 4363 quo
806 4337 847 4352 .....
858 4307 945 4362 Reges
954 4307 1096 4364 Hispaniae
1110 4307 1332 4360 sepeliebantur„;
1348 4313 1375 4349 et
1387 4312 1459 4350 recte

223 4383 325 4436 quidem
336 4382 402 4425 hanc
415 4381 515 4425 induxit
526 4381 703 4425 mutationem.
717 4379 852 4425 Granatae
867 4381 936 4424 enirn
951 4379 1046 4434 sepulti
1063 4385 1124 4422 suut
1139 4377 1319 4422 Ferdinandus
1334 4385 1361 4422 et
1374 4377 1461 4421 Elisa-

224 4455 296 4504 beth.
306 4464 443 4507 eorumque
455 4452 595 4496 immediati
607 4463 772 4496 successores
782 4451 918 4507 Philippus
931 4459 958 4496 et
969 4451 1078 4504 Joanna,
1094 4449 1181 4494 Caroli
1194 4449 1216 4492 V
1229 4458 1359 4504 parentes;
1372 4459 1463 4492 verum

224 4524 266 4568 hic
277 4525 370 4580 quique
382 4532 439 4579 post
449 4535 508 4568 eum
518 4524 659 4579 Hispaniae
671 4535 752 4579 regno
762 4524 838 4579 potiti
849 4531 918 4576 sunt,
930 4535 980 4566 non
990 4523 1125 4566 Granatae
1135 4522 1180 4565 sed
1190 4522 1215 4564 ln
1224 4520 1401 4564 Escurlaleasi
1409 4529 1462 4562 mo·

226 4599 341 4640 austerio
349 4597 436 4651 lacent
448 4597 473 4640 in
484 4598 588 4648 sacello,
600 4598 666 4651 quod
678 4597 703 4640 in
713 4597 780 4640 hunc
789 4595 864 4640 linem
875 4597 960 4640 erexit
971 4595 1105 4649 Philippus
1115 4593 1148 4646 Il,
1160 4593 1279 4638 CaroliV
1289 4591 1366 4636 iilius.

266 4667 279 4701 ὅ
305 4667 371 4712 Vide
383 4669 505 4712 Litterae
513 4669 744 4722 Quadrima-tres,
754 4677 774 4713 t.
784 4679 822 4723 nr,
834 4669 991 4724 praesertim
1005 4678 1066 4722 pag.
1076 4667 1117 4709 ‘289
1126 4673 1153 4710 et
1162 4666 1211 4710 501.

268 4737 280 4772 ⁸
306 4739 418 4792 Joannes
429 4739 532 4794 Paulus,
544 4743 604 4784 olim
614 4740 726 4793 Jnannes
738 4742 852 4785 Alvarez
864 4739 959 4784 dictus.
