3717 5400
798 515 861 574 ΑΝ.
889 516 959 574 1555
1441 514 1497 573 413

255 658 353 739 Quia
368 677 456 723 vero
471 659 508 725 P.
525 661 703 725 Antonius
717 662 761 725 de
775 660 940 724 Corduba
956 670 990 723 et
1007 659 1043 723 P.
1061 660 1247 724 Gutierrez
1270 661 1363 723 male
1385 660 1496 723 habe·

262 766 364 846 bant,
391 767 455 830 sub
478 767 585 831 finem
607 767 703 850 Junii
731 786 752 831 a
780 766 817 830 P.
848 767 1041 831 Francisco
1072 766 1204 846 Borgia
1232 764 1496 830 Xiarandillam

263 874 314 937 ire
336 873 425 954 jussi
444 884 537 952 sunt,
559 876 653 955 quod
674 874 843 956 oppidum
863 886 940 938 erat
963 874 1112 939 Comitis
1134 875 1177 937 de
1204 871 1365 953 Oropesa
1392 871 1412 952 ¹,
1437 871 1497 936 ubi

261 982 622 1062 praeterquamquod
637 982 828 1045 valetudini
843 1000 929 1045 suae
943 983 1208 1060 consuluerunt,
1226 982 1347 1062 aliqua
1363 981 1409 1043 ad
1425 978 1496 1044 Dei

263 1089 415 1167 gloriam
430 1089 558 1153 ibidem
573 1108 637 1169 per
651 1108 713 1153 eos
727 1100 809 1154 acta
824 1099 917 1153 sunt.

327 1196 414 1259 llas,
444 1194 560 1279 ‘Quod
586 1195 630 1259 ad
657 1197 897 1261 confessiones
927 1196 1068 1272 attinet,
1099 1198 1209 1259 multo
1237 1197 1357 1277 plures
1389 1204 1491 1258 erant

257 1321 372 1383 quam
397 1312 435 1367 ut
461 1304 512 1366 eis
535 1303 742 1368 satisfacere
768 1304 879 1368 nostri
904 1302 1109 1367 sacerdotes
1131 1312 1300 1383 possent;
1327 1304 1495 1381 quamvis

255 1412 357 1474 enim
372 1410 563 1491 aliquando
578 1410 665 1473 satis
681 1412 780 1474 multi
796 1420 924 1489 essent,
942 1411 1023 1490 quia
1040 1427 1165 1473 recens
1178 1409 1325 1472 admissi
1337 1408 1493 1485 fuerant,

262 1536 332 1581 non
347 1518 582 1581 conveniebat
597 1518 633 1580 in
648 1518 700 1579 eis
715 1519 895 1597 occupari,
912 1530 947 1579 et
963 1517 1041 1580 ideo
1057 1515 1154 1579 Patri
1170 1515 1329 1579 Antonio
1347 1516 1390 1578 de
1411 1515 1495 1580 Cor-

254 1625 354 1688 ·doba
376 1626 494 1688 visum
512 1635 567 1688 est
585 1635 625 1687 ut
647 1625 832 1687 mulierum
854 1623 1137 1687 confessionibus
1156 1623 1270 1686 nostri
1292 1640 1363 1685 non
1391 1640 1495 1685 vaca-

262 1742 355 1811 rent;
384 1750 465 1794 cum
489 1734 583 1795 enim
608 1741 681 1795 tam
707 1732 806 1794 multi
831 1730 1036 1794 scholastici
1061 1729 1107 1793 ad
1132 1729 1199 1792 hoc
1224 1737 1496 1793 sacramentum

254 1838 485 1917 accederent,
511 1838 631 1902 utilius
656 1838 750 1919 apud
775 1856 836 1901 eos
861 1838 1031 1902 collocari
1052 1847 1255 1900 nostrorum
1281 1835 1494 1899 industriam

262 1945 355 2008 idem
379 1943 484 2008 Pater
505 1946 632 2008 merito
658 1946 825 2008 censebat
846 1945 867 2003 ¹.
883 1944 962 2008 Non
980 1955 1100 2007 tamen
1122 1944 1278 2006 omnium
1309 1942 1494 2005 mulierum

255 2051 504 2116 confessiones
524 2052 672 2132 relinqui
695 2063 902 2132 potuerunt,
922 2053 1054 2114 multae
1076 2050 1170 2114 enim
1193 2068 1238 2113 ex
1259 2050 1495 2113 nobilioribus

263 2158 459 2222 audiendae
474 2161 678 2222 necessario
694 2170 805 2237 erant,
823 2176 913 2239 quae
928 2159 1035 2221 etiam
1050 2160 1086 2221 in
1101 2157 1263 2219 oratione
1281 2174 1351 2219 non
1367 2173 1495 2235 parurn

263 2265 492 2343 proficiebant
507 2276 540 2328 et
556 2267 591 2329 in
606 2267 840 2346 eleemosynis
854 2276 956 2328 erant
975 2266 1152 2343 liberaleS,
1169 2274 1204 2327 et
1221 2263 1372 2343 Collegii
1387 2263 1494 2327 etiam

262 2372 374 2436 nostri
394 2373 666 2435 necessitatibus
686 2372 942 2436 subveniebant
961 2370 991 2451 ⁸;
1008 2371 1070 2435 sed
1086 2371 1214 2433 messis
1229 2371 1372 2434 uberior
1393 2371 1496 2433 seho-

262 2479 478 2558 lasticorum,
495 2490 532 2542 ut
548 2479 712 2557 diximus,
728 2488 815 2553 erat,
832 2479 1043 2559 praesertim
1059 2477 1102 2540 de
1114 2478 1180 2551 his,
1194 2477 1253 2558 qui
1266 2486 1495 2540 sacramenta

261 2583 543 2666 frequentabant.
560 2586 605 2649 Et
620 2586 727 2667 aliqui
742 2605 786 2649 ex
798 2586 935 2649 civibus
948 2586 1003 2665 pie
1016 2586 1324 2664 conquerebantur
1339 2602 1377 2647 se
1393 2584 1494 2647 scho-

263 2692 396 2756 lasticis
412 2694 627 2774 posthaberi.

323 2798 412 2863 1106.
455 2801 494 2864 In
515 2799 796 2880 Quadragesima
821 2811 941 2864 tamen
966 2817 1047 2862 cum
1065 2797 1240 2879 jubilaeus
1272 2818 1292 2862 a
1323 2798 1416 2881 Julio
1445 2798 1491 2863 III

258 2923 453 2970 concessus
473 2909 718 2989 promulgatus
747 2917 840 2970 esset
865 2905 1115 2984 Salmanticae,
1140 2923 1269 2986 magna
1291 2907 1355 2970 fuit
1379 2905 1494 2987 cujus·

262 3013 317 3075 vis
332 3014 544 3076 conditionis
558 3014 739 3077 hominum
754 3013 957 3093 multitud03
974 3023 1008 3076 et
1023 3012 1267 3076 confessiones
1285 3015 1423 3092 aliquae
1437 3014 1494 3076 de·

260 3137 350 3199 cem,
367 3121 505 3200 viginti,
523 3130 558 3184 et
571 3119 718 3200 triginta
732 3137 908 3183 annorum
923 3120 1064 3183 auditae
1079 3119 1234 3197 fuerunt,
1251 3121 1286 3182 in
1302 3121 1429 3200 quibus
1443 3122 1495 3186 vi·

255 3225 345 3289 dere
358 3238 436 3290 erat
451 3229 658 3290 immensam
673 3227 740 3290 Dei
755 3227 960 3290 bonitatem.
977 3225 1058 3290 Fuit
1077 3227 1170 3290 inter
1190 3243 1252 3289 eos
1266 3227 1408 3307 aliquia,
1434 3228 1495 3307 qui

255 3332 401 3396 dicebat
415 3353 454 3396 se
469 3334 714 3397 confessurum
729 3351 800 3396 non
815 3350 892 3397 esse
907 3335 938 3396 si
958 3333 1069 3396 nostri
1091 3349 1172 3396 eum
1193 3351 1265 3396 non
1289 3334 1493 3397 audiebant.

263 3439 342 3504 Fuit
357 3450 391 3504 et
406 3458 507 3517 unuS,
523 3441 583 3521 qui
597 3441 774 3521 quoddam
788 3451 974 3520 peccatum
991 3439 1209 3503 confessario
1226 3441 1263 3502 in
1280 3439 1424 3520 scriptis
1438 3439 1495 3503 de·

255 3545 323 3625 dit,
345 3548 392 3611 ad
413 3547 507 3627 quod
528 3565 590 3611 ore
610 3565 676 3611 suo
695 3546 882 3610 dicendum
902 3547 1080 3626 imperare
1099 3546 1164 3608 sibi
1187 3564 1258 3608 non
1281 3556 1438 3627 poterat,
1461 3555 1496 3609 et

255 3672 342 3718 cum
356 3654 445 3718 vidit
459 3654 534 3718 sine
549 3653 796 3718 admirationis
812 3654 916 3716 ullius
929 3653 1035 3733 signo
1059 3651 1317 3716 confessarium
1342 3653 1428 3717 illud
1449 3654 1494 3716 le-

258 3897 367 3941 tandose
376 3909 423 3940 con
433 3898 473 3940 las
483 3897 560 3940 flores
570 3896 601 3939 de
611 3907 654 3939 sua
664 3897 764 3948 deseos,
773 3907 822 3951 que
833 3898 978 3949 prometlan
986 3894 1131 3940 aazonados
1143 3895 1234 3949 frutos;
1246 3905 1293 3938 era
1303 3905 1364 3952 muy
1374 3895 1490 3939 bumilde

259 3970 407 4024 yriguroso
418 3967 523 4021 consito
532 3980 550 4024 y
560 3968 632 4012 tenta
642 3968 692 4011 don
703 3969 734 4011 de
745 3968 881 4022 lacrimas.

299 4039 363 4084 Otro
374 4040 443 4083 fruto
453 4039 484 4082 de
494 4046 550 4083 este
559 4041 609 4082 ano
618 4039 660 4082 ine
677 4037 733 4082 Don
746 4039 806 4090 Jose
823 4038 960 4083 Gntlerrez
976 4039 1007 4082 de
1022 4039 1118 4095 Ayala,
1135 4039 1240 4083 natural
1252 4039 1284 4082 de
1300 4037 1410 4094 Madrld,
1427 4049 1494 4094 enyo

259 4111 370 4155 eutrotia
380 4112 422 4155 lue
432 4111 464 4154 de
473 4121 541 4166 gran
550 4110 708 4162 edificnclou,
718 4123 748 4154 su
758 4111 829 4162 vida,
839 4121 912 4154 como
922 4111 1014 4161 vlmos,
1024 4111 1162 4165 gloriosa„

302 4187 311 4215 ¹
339 4182 620 4227 Ferdlnandlrllvarez
626 4184 656 4226 de
667 4181 772 4226 Tuledo.
782 4182 848 4226 Vlde
860 4193 947 4236 snpra,
960 4191 979 4226 t.
991 4193 1026 4234 ιν,
1039 4194 1099 4236 pag.
1108 4183 1157 4234 5⁹4,
1169 4194 1194 4226 n.
1206 4181 1267 4226 1263.

299 4256 311 4288 ἱ
352 4255 393 4298 lla
403 4256 459 4298 aldo
469 4266 530 4311 muy
541 4254 608 4304 blen,
619 4266 650 4298 no
660 4265 687 4298 se
698 4253 825 4308 pudlendo
835 4253 974 4298 satisfacer
982 4257 1000 4297 a
1009 4255 1092 4306 todos,
1104 4266 1152 4309 que
1161 4266 1189 4297 se
1199 4253 1376 4308 desocnpasen
1389 4256 1428 4299 los
1437 4266 1495 4300 con·

257 4326 370 4370 fossores
381 4325 411 4369 de
422 4327 461 4369 las
472 4326 584 4381 mulares
593 4335 659 4378 para
667 4325 776 4369 atender
786 4327 802 4368 rt
813 4326 850 4368 los
858 4325 1010 4378 molares„
1021 4325 1157 4374 Polancus,
1167 4335 1200 4368 ex
1210 4336 1286 4376 com„
1294 4325 1367 4370 Patri
1378 4327 1494 4370 Antonio

259 4397 290 4439 de
298 4395 426 4448 cordoba,
438 4395 546 4450 Collegll
559 4394 1014 4448 SalmanttcenslsSuperintendentl,
1026 4395 1075 4439 ta·
1084 4395 1154 4449 Junll
1169 4397 1228 4441 1555.

299 4466 311 4497 ³
338 4469 426 4512 Exhls
436 4467 490 4512 “lue
501 4467 527 4510 la
538 4477 593 4510 mas
603 4467 727 4510 senaladu
739 4466 812 4510 Dona
822 4465 942 4510 Barbara
953 4466 984 4509 de
1000 4465 1124 4520 Herrera,
1143 4467 1241 4512 Sanora
1252 4479 1313 4524 mny
1330 4470 1404 4512 noble
1415 4482 1433 4526 y
1445 4481 1497 4513 em·

259 4541 414 4592 parentada,
425 4540 450 4583 la
461 4539 519 4583 cual
530 4550 576 4582 nos
586 4540 663 4582 cobro
674 4549 747 4582 amor
757 4551 774 4594 y
785 4537 877 4582 adclon
887 4538 919 4581 de
929 4537 1077 4583 verdadera
1088 4539 1188 4592 madre,
1199 4551 1273 4596 yuos
1282 4541 1374 4584 acudlo
1385 4551 1433 4585 con
1444 4541 1495 4584 fre·

253 4619 365 4655 cnentes
375 4613 507 4658 limosnas.
517 4621 547 4654 en
558 4622 605 4665 que
617 4615 757 4664 persevero
767 4612 873 4654 muchos
882 4613 954 4663 enom
966 4622 983 4667 y
994 4609 1057 4655 Dlos
1072 4611 1098 4654 la
1111 4613 1195 4654 colmo
1214 4611 1245 4654 de
1256 4611 1344 4657 blenes
1358 4613 1497 4667 espiritna-

255 4683 304 4730 les.
313 4683 499 4727 frecuentando
510 4684 548 4726 los
558 4690 737 4726 sacramentos
747 4695 764 4740 y
774 4683 893 4738 negando
904 4689 961 4726 esta
971 4682 1097 4726 devoelon
1108 4686 1124 4726 a
1136 4694 1180 4727 sus
1192 4683 1259 4738 hljos
1269 4696 1286 4740 y
1298 4685 1381 4728 niotos
1391 4685 1454 4728 toda
1468 4696 1498 4728 su

258 4754 345 4806 vida„
358 4753 504 4802 varon-ra,
517 4755 647 4810 ibid..gt.
