3717 5400
846 490 910 547 Aa.
934 486 1004 547 troo
1485 486 1541 547 499

301 638 539 718 navigatione
558 636 787 717 naufragium
806 633 932 699 suisset
953 634 1168 704 iaciendum.
1193 635 1223 697 si
1247 632 1417 714 peculiari
1439 632 1506 697 Dei
1533 633 1540 663 ¹

310 744 535 826 providentia
549 744 681 807 nostris
696 761 767 806 non
782 742 943 807 suisseta
963 740 1040 807 Deo
1061 742 1293 820 subventum
1314 757 1399 805 nam
1418 749 1541 805 vento·

306 869 390 915 rum
404 852 460 914 vis
475 851 658 931 navigium
673 850 813 926 evertit,
829 850 880 912 ita
894 857 932 911 ut
944 846 1019 927 jam
1033 848 1126 913 illius
1142 851 1260 911 velum
1276 865 1368 928 aqua
1384 848 1541 911 involve·

311 969 421 1037 retur;
437 968 473 1021 et
487 976 528 1021 eo
544 974 602 1021 res
616 957 721 1021 rediit
741 966 779 1022 ut
799 964 940 1033 nautae,
957 972 1056 1036 spem
1071 972 1211 1019 omnem
1230 954 1446 1035 abjicientes,
1467 968 1542 1019 tan-

313 1074 388 1129 tum
403 1065 447 1129 de
462 1063 623 1129 deflenda
637 1082 703 1128 sua
718 1074 831 1128 morte
848 1072 1012 1142 agerent,
1039 1080 1105 1125 nec
1129 1062 1323 1126 remedium
1348 1063 1458 1127 ullum
1483 1064 1543 1127 ad-

311 1172 485 1237 hiberent.
503 1172 573 1235 Sed
589 1171 712 1249 nostri,
728 1170 805 1234 Deo
821 1168 1024 1250 adjuvante,
1040 1172 1160 1233 velum
1171 1188 1216 1233 ex
1228 1186 1321 1251 aqua
1333 1171 1542 1251 eduxerunt,

315 1290 351 1343 et
365 1280 456 1343 duos
470 1295 589 1343 remos
604 1279 693 1341 alter
707 1295 751 1340 ex
766 1276 900 1340 nostris
910 1276 1101 1357 accipiens
1115 1286 1305 1340 nautarum
1316 1294 1358 1341 ac
1370 1277 1545 1357 remigum

309 1385 469 1451 officium
493 1384 751 1466 exequebatur;
774 1399 858 1446 nam
879 1400 925 1447 ex
947 1384 1015 1447 illis
1038 1383 1137 1460 alter,
1162 1400 1244 1447 cum
1266 1392 1383 1447 terrae
1406 1384 1546 1449 vicinus

309 1501 422 1567 -esset,
440 1494 604 1573 cymbam
619 1490 785 1568 deseruit;
802 1507 905 1571 quae,
921 1491 1004 1554 licet
1019 1498 1139 1554 erecta
1158 1490 1286 1569 suerat,
1310 1508 1402 1572 aqua
1426 1501 1547 1554 tamen

320 1602 425 1680 plena
440 1612 519 1663 erat
533 1599 554 1662 ⁸.
572 1597 668 1661 Dum
683 1598 802 1678 itaque
816 1598 929 1661 nostri
943 1598 1074 1677 partim
1090 1598 1322 1676 orationibus,
1339 1598 1469 1678 partim
1488 1616 1546 1661 ex-

313 1706 448 1787 plendo
473 1696 662 1769 nautarum
687 1704 852 1785 officium,
877 1704 915 1767 id
938 1714 1134 1785 praestant,
1161 1704 1257 1786 quod
1283 1715 1441 1785 possunt,
1470 1706 1549 1785 ipsa

312 1824 514 1894 ‘tempestas
529 1813 566 1875 vi
581 1823 769 1876 ventorum
784 1811 949 1891 cymbam
964 1811 1000 1875 in
1010 1820 1144 1875 terram
1155 1810 1315 1892 projecit.
1330 1810 1419 1877 Cum
1430 1822 1549 1876 autem

318 1938 417 1986 mors
433 1921 594 1985 omnibus
609 1930 682 1983 tam
702 1919 821 1982 vicina
840 1918 1062 1996 imminebat,
1084 1920 1151 1982 hoc
1170 1936 1387 2001 magnopere
1408 1930 1550 1985 nostros

320 2046 445 2093 omnes
456 2028 719 2106 consolabatur,
732 2025 826 2108 quod
838 2044 885 2089 ex
895 2025 1095 2089 obedientia
1106 2043 1185 2089 eam
1196 2026 1464 2105 navigationem
1475 2044 1551 2091 sus·

317 2142 507 2215 ceperant;
530 2135 704 2216 quodque,
721 2134 813 2197 sicut
827 2150 938 2212 mare,
955 2150 1044 2213 quos
1057 2133 1162 2196 vivos
1176 2133 1315 2213 recipit,
1332 2134 1448 2199 reddit
1462 2152 1553 2199 mor·

315 2252 414 2322 tuoS,
431 2244 483 2307 sic
498 2243 605 2305 etiam
620 2242 835 2313 obedientia,
857 2257 946 2322 quos
965 2250 1125 2305 mortuos
1145 2241 1287 2321 recipit,
1310 2241 1425 2305 reddit
1446 2242 1553 2307 vivos

317 2349 482 2415 Christo.
499 2349 651 2429 Quidam
666 2366 712 2412 ex
725 2350 867 2423 nostris,
884 2352 1062 2413 rosarium
1082 2349 1118 2412 in
1138 2366 1245 2412 manu
1260 2358 1384 2412 tenens
1403 2366 1445 2414 ac
1467 2349 1553 2413 Bea-

317 2458 497 2521 tissimam
513 2455 701 2536 Virginem
713 2455 898 2533 invocans,
912 2454 1053 2519 dicebat
1068 2455 1162 2535 quod
1173 2471 1240 2519 nec
1255 2473 1348 2537 aqua
1360 2474 1425 2520 nec
1437 2458 1555 2537 pisces

321 2565 410 2628 illud
426 2563 470 2627 de
484 2564 596 2643 ipsius
611 2580 718 2626 manu
733 2564 888 2643 erepturi
902 2572 1016 2626 erant.

390 2669 478 2735 1360.
521 2669 611 2734 Cum
635 2678 755 2734 autern
778 2670 970 2734 interram
995 2669 1235 2748 desiluissent,
1262 2686 1335 2734 non
1358 2670 1474 2734 minus
1499 2688 1556 2752 pe-

327 2779 478 2843 ticulum
493 2778 687 2854 subierunt;
706 2777 829 2858 pluvia
843 2777 936 2842 enim
952 2786 1127 2841 torrentes
1142 2793 1292 2857 magnos
1303 2777 1481 2858 effecerat,
1494 2795 1557 2858 per

328 2903 514 2968 quoscum
528 2901 660 2965 magno
681 2885 838 2965 periculo
852 2895 929 2948 erat
951 2884 1217 2962 transeundum,
1235 2902 1316 2949 cum
1331 2885 1474 2948 omnino
1500 2903 1558 2948 ex·

329 3003 386 3056 tra
400 2992 498 3056 viam
510 3003 639 3068 essent;
652 2999 686 3054 et
698 2992 728 3054 si
739 3009 813 3055 nox
823 3009 885 3054 eos
897 3001 1058 3055 errantes
1071 2991 1370 3072 deprehendisset,
1384 2991 1559 3072 quaejam
1628 3069 1631 3076 Ι

332 3099 555 3178 imminebat,
573 3115 654 3162 cum
669 3099 765 3162 nulla
784 3099 910 3162 domus
929 3111 1133 3180 appareret,
1158 3099 1299 3162 necubi
1320 3099 1488 3179 injuriam
1501 3100 1579 3163 iri·

324 3207 430 3288 goris
454 3224 497 3269 ac
516 3207 717 3287 pluviarum
735 3206 851 3271 vitare
870 3216 1031 3287 possent,
1050 3207 1256 3270 humanitus
1270 3224 1313 3270 ea
1333 3215 1436 3270 nocte
1456 3205 1560 3270 facile

332 3315 531 3395 periissent.
548 3311 617 3377 Sed
631 3313 764 3392 placuit
779 3311 856 3376 Deo
868 3322 906 3376 ut
917 3313 1062 3377 domum
1074 3311 1263 3394 quamdam
1276 3323 1357 3378 ante
1372 3313 1561 3377 tenebras³

333 3422 508 3499 viderent,
523 3419 583 3483 ubi
598 3429 632 3483 et
647 3437 690 3484 eo
705 3421 772 3484 iter
786 3420 992 3501 dirigentes
1008 3430 1149 3484 noctem
1168 3420 1264 3484 illam
1283 3421 1349 3484 sub
1369 3429 1462 3484 tecto
1484 3438 1562 3485 exe·

332 3536 474 3608 gerunt.

397 3634 486 3698 1361.
528 3633 613 3698 Inde
639 3634 686 3698 ad
710 3637 877 3715 populum
905 3635 1093 3715 quemdam
1117 3653 1188 3699 non
1214 3637 1336 3716 procul
1361 3635 1563 3717 distantem,

331 3743 598 3822 eleemosynam
613 3741 860 3820 mendicando,
875 3751 1124 3822 pervenerunt;
1139 3751 1173 3806 et
1188 3743 1411 3823 quianullum
1429 3743 1476 3807 ibi
1488 3753 1566 3807 erat

338 3850 528 3929 hospitale,
545 3847 591 3910 ad
606 3848 785 3928 quoddam
799 3847 1036 3912 diversorium
1055 3866 1163 3930 aegre
1184 3863 1266 3914 sunt
1285 3850 1385 3915 initio
1407 3851 1565 3929 admissi,

337 3956 400 4020 sed
414 3967 605 4037 postquam
626 3955 785 4036 hospites
802 3956 959 4020 salubria
978 3957 1153 4036 colloquia
1173 3974 1294 4020 eorum
1315 3971 1398 4022 sunt
1418 3957 1566 4038 experti,

337 4063 444 4127 biduo
461 4075 603 4128 nostros
617 4064 849 4136 retinuerunt,
866 4077 900 4126 ct
916 4080 1086 4144 magnam
1101 4065 1310 4129 charitatem
1333 4066 1384 4128 eis
1404 4064 1569 4128 exhibue-

333 4181 431 4233 runt.
448 4169 522 4233 Nec
537 4173 651 4233 solum
667 4171 742 4234 sine
756 4172 871 4252 pretio
886 4172 1090 4234 necessaria
1109 4172 1486 4252 subministraverunt,
1507 4171 1571 4236 scd

338 4278 481 4340 veniam
497 4278 602 4339 ctiam
618 4278 797 4358 petebant,
814 4279 845 4341 si
860 4278 945 4359 quid
961 4279 1076 4341 minus
1091 4279 1181 4342 bene
1197 4279 1307 4342 abeis
1323 4287 1441 4343 actum
1464 4289 1569 4354 essct,

333 4395 373 4447 et
388 4385 617 4464 rogabantur
632 4383 793 4448 Societas
808 4385 999 4465 hospitium
1011 4402 1114 4448 suum
1126 4387 1231 4448 vellet
1243 4403 1322 4450 esse
1336 4386 1572 4450 diversorium

382 4595 391 4622 ¹
420 4588 472 4640 δῖος
483 4600 574 4632 verum
582 4597 628 4634 aur
639 4591 704 4633 haec
714 4602 767 4634 vox
777 4590 824 4634 Del
835 4599 880 4634 aur
891 4593 969 4646 paulo
980 4591 1047 4634 inira
1059 4603 1136 4635 voces
1147 4603 1163 4634 a
1175 4591 1230 4635 Deo
1240 4591 1384 4635 redundare
1394 4592 1523 4636 videntur.

383 4661 395 4692 ¹
422 4660 524 4704 Fuerat
535 4663 615 4706 habet
625 4673 674 4706 ms.

383 4731 395 4763 ⁸
423 4735 490 4777 ante
499 4735 635 4787 tenebras,
644 4734 755 4786 scillcet,
765 4738 850 4780 tiociis
859 4747 906 4780 scu
915 4739 979 4780 anre
991 4739 1104 4780 noctem.
