3717 5400
338 469 396 530 328
798 473 926 532 canoa.
947 471 1025 531 Soc.
1045 474 1117 545 lus.

401 615 473 680 880.
517 618 708 682 Addebant
720 629 839 682 autern
850 620 982 682 nostris
992 619 1131 682 animos
1142 620 1444 682 contradictiones
1452 619 1576 699 hujus-

343 725 452 802 modi,
468 737 506 788 ut
521 737 718 805 sperarent,
735 727 766 788 si
779 743 933 806 usquam
945 727 1117 804 locorum,
1137 725 1285 789 Parisiis
1302 727 1493 806 aliquando
1510 725 1572 791 So

346 831 513 894 cietatem
541 833 716 896 celebrem
744 833 916 910 suturam3
946 851 1028 896 cum
1051 851 1117 913 per
1134 843 1187 896 tot
1205 835 1471 913 persecutiones
1493 835 1575 897 soli·

343 937 446 1002 diora
472 938 700 1003 fundamenta
720 939 935 1020 jacerentur.
950 939 1150 1021 Episcopus
1163 951 1298 1018 autem,
1314 957 1419 1021 quem
1433 941 1573 1004 litterae

344 1047 562 1126 apostolicae
577 1057 814 1127 protectorem
830 1059 865 1111 et
880 1049 1133 1128 quasimurum
1144 1065 1295 1110 aeneum
1305 1057 1431 1110 contra
1442 1049 1577 1111 calum·

344 1153 501 1216 uiatores
515 1155 686 1218 dederant
704 1153 712 1186 ¹
727 1153 908 1232 Societati,
924 1165 1115 1235 postquam
1132 1171 1285 1218 censura
1299 1153 1495 1218 Sorbouica
1508 1156 1573 1218 fuit

345 1261 551 1334 instructus,
567 1262 723 1326 animum
732 1279 847 1338 suum,
856 1263 1042 1326 evertendi
1052 1272 1212 1325 nostram
1222 1260 1448 1336 Societatem,
1461 1263 1578 1326 decla-

346 1369 450 1430 ravit.
469 1368 609 1432 Etcum
624 1379 767 1432 nostros
781 1370 817 1432 in
828 1369 886 1449 jus
907 1371 1031 1432 vocari
1048 1369 1195 1446 iaceret,
1210 1369 1343 1432 indicta
1357 1387 1480 1446 causa,
1495 1387 1575 1449 pro·

346 1475 419 1537 bris
433 1485 468 1538 et
481 1477 705 1538 contumeliis
720 1477 914 1540 innumeris
928 1478 974 1540 ab
988 1477 1064 1557 ejus
1077 1475 1287 1540 officialibus
1300 1477 1412 1540 nostri
1423 1477 1576 1557 excipie-

345 1583 490 1660 bantur;
508 1583 625 1646 minae
640 1583 871 1663 addebantur,
891 1585 1111 1665 hypocritas,
1134 1585 1399 1661 schismaticos,
1420 1602 1576 1648 conveu-

346 1688 545 1767 ticularios,
573 1707 747 1753 novarum
776 1701 955 1754 sectarum
983 1703 1150 1754 auctores
1177 1691 1372 1768 vocabant;
1402 1708 1574 1754 censuras

347 1797 609 1860 ecclesiasticas
624 1807 659 1860 et
672 1815 855 1861 carcerem
870 1809 905 1862 et
919 1801 1141 1862 saecularem
1155 1799 1263 1861 etiam
1284 1809 1497 1880 potestatem
1514 1800 1577 1861 ad·

348 1903 549 1966 vocandam
571 1915 695 1968 contra
716 1915 858 1968 nostros
879 1905 1058 1984 dicebant,
1079 1906 1110 1968 si
1131 1905 1168 1968 in
1189 1918 1372 1986 posterum
1392 1905 1581 1984 religionis

346 2010 499 2074 formam
521 2009 622 2091 juxta
643 2012 841 2075 institutum
866 2023 1028 2076 nostrum
1046 2013 1290 2076 observarent.
1317 2012 1502 2075 Prohibuit
1529 2028 1576 2073 ne

347 2116 477 2180 Missas
491 2119 603 2181 nostri
618 2119 788 2194 dicerent,
810 2137 854 2182 ne
873 2119 1116 2183 consessiones
1136 2119 1315 2198 audirent,
1341 2131 1403 2182 aut
1426 2121 1497 2181 ulla
1521 2135 1577 2181 sa·

347 2235 530 2288 eramenta
556 2226 798 2289 ministrarent
822 2225 845 2286 '.
871 2225 993 2289 Nostri
1019 2244 1106 2290 vero
1129 2228 1176 2289 ad
1196 2226 1324 2290 Sedern
1344 2225 1580 2308 apostolicam

347 2344 600 2412 provocarunt,
614 2342 756 2414 praeter
767 2351 891 2396 eorum
903 2351 1014 2413 spem,
1027 2335 1088 2414 qui
1099 2332 1145 2396 ad
1157 2332 1477 2414 Archiepiscopum
1489 2331 1585 2396 'nos

349 2439 556 2519 pertrahere
571 2440 792 2519 nitebantur;
807 2450 842 2504 et
861 2443 912 2504 ita
926 2442 988 2521 qui
1006 2459 1132 2505 cruces
1152 2443 1285 2504 nostris
1305 2442 1490 2520 parabant,
1510 2439 1581 2518 ipsi

350 2545 504 2607 cruciari
520 2554 554 2608 et
570 2547 652 2624 angi
668 2558 872 2626 coeperunt.

408 2649 479 2715 881.
523 2651 567 2715 Et
596 2653 710 2733 primo
743 2655 886 2735 quidem
919 2655 1057 2719 litteras
1083 2655 1351 2737 provocationis
1382 2653 1581 2718 concedere

349 2769 519 2839 quantum
535 2760 632 2824 licuit
647 2762 868 2840 distulerunt,
885 2771 921 2825 et
936 2764 1107 2826 molestiis
1121 2764 1263 2842 magnis
1277 2762 1316 2825 Ρ.
1332 2763 1581 2840 Paschasium,

350 2878 535 2944 urgentem
551 2868 596 2931 ad
610 2868 677 2930 has
691 2870 829 2932 litteras
848 2869 996 2947 dandas,
1018 2870 1212 2933 affecerunt
1233 2868 1257 2949 ⁴;
1278 2886 1367 2951 quas
1387 2879 1580 2950 postquam

348 2973 510 3049 obtinuit,
527 2976 606 3036 loco
618 2976 794 3038 minarum
803 2975 877 3056 jam
888 2977 1009 3039 verbis
1019 2976 1220 3040 demulcere
1233 2995 1314 3040 eum
1328 2976 1529 3053 studebant;
1541 2976 1578 3039 id

349 3088 488 3142 tantum
496 3098 532 3141 se
543 3090 666 3160 optare
675 3082 921 3159 ostendebant,
931 3091 970 3145 ut
977 3082 1144 3163 Episcopi
1151 3084 1300 3162 imperio
1312 3094 1472 3147 nostrum
1483 3083 1585 3146 insti-

351 3194 466 3249 tutum
480 3185 745 3265 subjiceremus.

391 3500 400 3533 ¹
428 3500 563 3546 idshuhet
574 3501 696 3544 dederat.

388 3572 400 3604 ¹
427 3570 596 3616 Continentur
606 3574 672 3617 haec
682 3571 768 3616 omniu
778 3574 803 3617 in
813 3575 1008 3617 amnwnitr'one
1016 3585 1064 3627 per
1073 3574 1208 3619 officialem
1223 3574 1379 3618 Perislensls
1393 3574 1515 3629 Episcopi
1531 3572 1581 3617 Pa·

350 3644 387 3687 trl
397 3643 540 3688 Puchaslo
551 3644 630 3687 Broet
641 3644 712 3687 luctu
722 3644 762 3687 die
773 3644 822 3688 22·
832 3644 894 3699 hiaji
903 3646 981 3697 huius
990 3646 1050 3689 anni
1063 3646 1123 3697 1555,
1133 3657 1211 3701 quum
1220 3646 1299 3690 effert
1308 3648 1389 3689 latine
1400 3646 1428 3689 P.
1444 3646 1580 3697 cruror,

349 3713 514 3759 Documents
523 3718 685 3760 concernunt
696 3716 723 3759 lu
734 3715 897 3771 compagnte
906 3717 940 3760 de
948 3716 1040 3771 Jesus,
1049 3724 1068 3760 t.
1082 3728 1100 3771 1,
1117 3716 1363 3761 commencements
1378 3719 1412 3761 de
1427 3718 1455 3759 lu
1472 3717 1582 3772 Compa-

348 3788 412 3841 gnle
421 3788 455 3831 de
473 3786 556 3841 Jesus
566 3798 599 3831 en
609 3788 627 3829 l'
635 3786 788 3831 Universitd
797 3788 830 3831 de
840 3787 931 3840 Paris,
941 3799 998 3841 cup.
1009 3798 1044 3842 ιι,
1055 3794 1082 3831 et
1091 3789 1185 3842 gallice
1195 3788 1273 3841 Puar,
1282 3790 1299 3831 l.
1310 3800 1342 3839 c..
1351 3800 1410 3842 pag.
1421 3788 1463 3831 300
1470 3795 1496 3831 et
1506 3786 1584 3831 ml.-

350 3857 417 3901 Vlde
428 3858 504 3911 lnlra,
516 3870 540 3902 n.
551 3858 599 3902 w.

389 3928 401 3961 ¹
428 3930 469 3974 Ad
481 3930 648 3975 cardinalem
658 3930 827 3976 Franciscum
837 3933 868 3975 de
879 3931 1008 3987 Tournon,
1019 3932 1249 3987 archiepiscopum
1259 3931 1466 3985 Lugdunensem,
1473 3933 1582 3986 pumat

351 4002 385 4045 de
395 4000 518 4047 Franco?

390 4074 403 4107 Α
429 4074 506 4118 Delia
515 4076 590 4129 quale
601 4076 731 4119 sententie
741 4074 873 4130 (Episcopi
884 4076 1045 4131 Parisleusls‚
1056 4077 1087 4119 de
1097 4076 1238 4131 qualusius
1246 4077 1322 4127 inira,
1335 4090 1360 4121 n.
1370 4076 1420 4123 888)
1431 4077 1455 4120 io
1465 4076 1523 4120 n'ho
1539 4086 1584 4128 ep·

352 4146 449 4199 pellato
460 4147 492 4189 ed
503 4146 634 4191 Summum
646 4146 803 4199 Pontificem,
812 4150 887 4203 quale
898 4148 933 4191 ha
942 4149 1074 4192 riservuto
1083 4159 1101 4191 a
1111 4160 1138 4191 se
1149 4148 1174 4190 la
1184 4148 1332 4200 cognitione
1348 4156 1376 4193 et
1390 4159 1501 4191 censura
1516 4148 1583 4191 delle

351 4217 419 4261 holle
430 4224 524 4263 nostre.
534 4226 593 4272 etc.,
604 4219 731 4263 dicendoli
742 4220 789 4262 che
799 4232 849 4263 non
860 4220 959 4263 iucemo
973 4220 1145 4263 conventiculi
1160 4225 1187 4261 et
1203 4221 1251 4263 che
1267 4220 1350 4263 siamo
1365 4220 1502 4274 approbati
1518 4218 1580 4262 delii

353 4286 450 4333 Summi
462 4288 588 4343 Pontifici,
598 4300 668 4333 cotue
680 4292 716 4334 lui
727 4291 862 4335 medesimo
873 4292 976 4335 haueua
989 4292 1058 4335 visto
1072 4293 1139 4335 nelle
1155 4293 1223 4335 boile
1238 4300 1326 4335 nostre
1342 4300 1369 4335 et
1384 4303 1434 4335 non
1449 4292 1473 4334 ci
1487 4296 1583 4345 poteua

353 4362 536 4405 commendare
553 4372 584 4404 ne
603 4364 824 4407 excommunicare
836 4374 867 4406 ue
883 4364 1059 4411 incarcerare.
1074 4364 1170 4418 perche
1186 4374 1236 4406 nou
1250 4365 1333 4407 siamo
1349 4364 1474 4407 dellasue
1484 4362 1588 4417 jurisdi-

354 4432 447 4475 ctione.

395 4503 488 4547 hlando
498 4516 514 4548 u
525 4505 557 4548 V.
569 4504 599 4548 R.
610 4517 657 4550 con
668 4506 693 4549 la
704 4514 823 4560 presente
834 4510 859 4550 la
870 4508 944 4561 copia
954 4508 1023 4551 della
1032 4509 1156 4551 citatione
1166 4514 1193 4551 et
1203 4509 1235 4551 de
1246 4510 1261 4551 1¹
1271 4509 1447 4561 appellatione
1457 4516 1484 4551 et
1502 4508 1589 4551 iicon·

355 4576 437 4630 segllo
448 4576 471 4618 d'
481 4588 531 4619 nno
548 4577 677 4621 advocato
693 4578 734 4621 del
750 4579 916 4623 Parlameuto
927 4581 1011 4622 arnico
1025 4587 1122 4632 nostro,
1141 4580 1214 4623 accio
1224 4581 1292 4633 possi
1308 4580 1403 4622 uedere
1414 4580 1474 4634 ogni
1484 4590 1546 4624 cose
1562 4588 1590 4622 et

355 4647 404 4691 che
421 4650 515 4701 meglio
533 4650 602 4702 possi
613 4651 775 4705 proaedere„
795 4650 822 4694 P.
839 4650 995 4695 Paschasius
1006 4652 1084 4695 Broet
1103 4652 1176 4696 Patri
1193 4652 1297 4706 ignatio
1313 4654 1350 4695 9.·
1365 4651 1434 4704 Junii
1453 4652 1594 4699 rma-ct.

356 4718 453 4773 Bouno,
472 4719 530 4763 Vita
540 4720 583 4763 del
592 4732 669 4765 servo
678 4722 708 4765 di
717 4721 777 4773 Dro,
789 4722 815 4766 P.
829 4722 975 4767 Paschasio
985 4722 1077 4775 Brodt,
1085 4724 1130 4769 lib.
1140 4735 1168 4778 ιι,
1179 4736 1236 4777 cap.
1247 4726 1268 4779 2,
1278 4732 1303 4767 ct
1316 4724 1394 4771 Puar.
1404 4726 1421 4767 l.
1432 4736 1464 4773 c..
1471 4735 1531 4778 pag.
1539 4724 1583 4767 ΝΞ
