3717 5400
797 493 860 551 Au.
883 492 952 551 1ᾱ15
1432 492 1486 549 417

247 641 442 717 redierunt,
460 656 541 703 cum
556 638 788 703 Xarandillae
803 650 877 701 tum
897 639 1107 702 concionum
1129 647 1202 701 tum
1222 637 1485 701 confessionum

252 766 325 811 non
340 750 509 827 exiguum
524 746 678 810 fructum
692 748 933 825 percepissent
950 746 970 809 ¹.
988 746 1026 808 ln
1045 746 1135 809 alios
1155 746 1262 809 etiam
1283 762 1396 825 pagos
1411 744 1484 808 Sal-

254 854 430 918 manticae
454 854 592 916 vicinos
615 854 660 916 ad
687 853 918 916 christianam
944 853 1145 917 doctrinam
1167 853 1414 933 explicandam
1442 870 1486 915 ac

253 963 404 1025 verbum
418 961 562 1024 Domini
583 961 852 1040 proponendum
867 962 976 1041 aliqui
991 978 1037 1023 ex
1052 961 1183 1024 nostris
1198 959 1483 1039 egrediebantur.

319 1068 406 1131 1115.
450 1067 622 1145 Religiosi
636 1068 787 1131 aliorum
812 1066 984 1131 Ordinum
1003 1067 1161 1148 plerique
1186 1067 1230 1131 de
1249 1068 1382 1131 nostris
1396 1068 1485 1130 bene

253 1194 292 1241 se
307 1176 439 1239 sentire
453 1174 573 1237 verbis
588 1183 622 1237 et
636 1174 740 1236 factis
756 1174 999 1237 ostendebant.
1016 1174 1111 1238 Inter
1132 1174 1220 1237 alios
1239 1174 1350 1237 irater
1365 1174 1484 1237 Domi·

254 1285 355 1348 nicus
369 1282 414 1345 de
428 1280 524 1355 Soto‚
542 1299 622 1344 cum
637 1262 694 1343 vir
709 1281 852 1361 quidam
868 1280 961 1360 apud
977 1299 1056 1344 eum
1068 1291 1276 1361 quereretur
1289 1281 1381 1361 quod
1394 1280 1485 1344 filius

256 1391 366 1470 ipsius
377 1391 414 1453 in
424 1388 638 1453 Societatem
649 1399 809 1452 nostram
821 1399 914 1451 esset
925 1388 1120 1467 ingressus,
1134 1388 1225 1452 bono
1238 1389 1357 1451 animo
1370 1389 1486 1467 ipsum

256 1514 334 1560 esse
346 1496 461 1576 jussit,
477 1496 571 1575 quod
585 1496 677 1559 inter
692 1496 769 1577 pios
784 1514 826 1558 ac
848 1496 959 1558 bonos
985 1498 1083 1559 viros
1098 1506 1132 1559 et
1148 1496 1363 1575 reipublicae
1384 1495 1487 1558 utiles

256 1604 348 1667 filius
361 1604 473 1683 ipsius
487 1613 704 1666 versaretur.
721 1602 820 1666 Dixit
835 1602 929 1666 idem
943 1602 1087 1666 Rectori
1102 1603 1250 1683 Collegii
1265 1602 1378 1666 nostri
1393 1602 1486 1683 quod

257 1711 447 1775 Societatis
461 1720 603 1773 nostrae
618 1728 676 1773 res
697 1727 835 1790 semper
857 1711 924 1790 ipsi
945 1712 1163 1791 placuerant,
1187 1721 1222 1774 et
1245 1712 1294 1775 ita
1315 1711 1487 1791 primaria

259 1819 432 1898 quaedam
447 1818 482 1880 in
498 1818 619 1897 regnis
634 1817 827 1897 Hispaniae
841 1816 996 1881 foemina
1011 1815 1032 1896 ',
1051 1835 1141 1897 quae
1157 1818 1234 1899 ipsi,
1249 1836 1329 1881 cum
1350 1817 1485 1896 aderat,

259 1925 418 1988 confiteri
430 1926 534 1987 solita
546 1934 634 2002 erat,
645 1942 725 1988 cum
737 1925 876 1988 abesset
887 1926 974 2006 ipse,
985 1926 1260 2005 probabatquod
1268 1925 1400 1988 nostris
1408 1942 1488 1987 con-

259 2032 427 2095 fiteretur.
452 2031 688 2095 Prouincialis
713 2034 818 2095 etiam
840 2031 997 2112 ejusdem
1018 2030 1161 2096 Ordinis
1186 2032 1488 2107 Praedicatorum,

258 2156 340 2202 cum
355 2139 577 2228 provinciam
592 2156 693 2201 suam
718 2139 908 2216 visitasset,
930 2149 965 2203 et
987 2139 1024 2203 in
1045 2140 1097 2202 eis
1112 2140 1209 2213 locis
1228 2140 1264 2202 in
1284 2140 1410 2219 quibus
1429 2140 1489 2202 ali-

259 2248 319 2326 qui
334 2247 377 2309 de
392 2245 568 2309 Societate
583 2246 831 2326 versabantur,
853 2247 1024 2327 optimum
1040 2248 1185 2310 odorem
1204 2258 1238 2309 et
1253 2235 1406 2310 fructum
1422 2248 1489 2326 spi·

260 2355 423 2417 ritualem
438 2354 657 2432 observaret,
671 2370 751 2416 cum
763 2352 1016 2417 Salmanticam
1033 2355 1187 2417 venisset
1202 2365 1236 2416 et
1251 2354 1424 2434 quosdam
1435 2354 1490 2416 sui

261 2460 405 2525 Ordinis
431 2460 617 2540 religiosos
647 2470 771 2523 contra
797 2460 1010 2525 Societatem
1036 2464 1154 2542 aliqua
1181 2462 1298 2525 dicere
1330 2462 1489 2541 vidisset,

265 2566 419 2647 ‘Patres
436 2568 561 2647 inquit,
582 2568 684 2630 nobis
706 2570 872 2631 convenit
896 2570 953 2632 vel
978 2578 1098 2632 tacere
1120 2570 1177 2631 vel
1202 2570 1314 2631 vitam
1339 2576 1490 2648 mutarc3

261 2692 345 2739 nam
359 2692 444 2739 vere
461 2691 614 2754 magnus
629 2684 684 2738 est
701 2675 849 2754 fructus,
871 2677 931 2756 qui
950 2675 1140 2740 Societatis
1162 2694 1270 2757 opera
1292 2676 1489 2757 provenit,

263 2783 415 2861 Quidam
430 2783 536 2846 etiam
551 2783 609 2846 Fr.
627 2784 841 2863 Ludovicus,
858 2783 935 2864 ejus
951 2784 1094 2849 Ordinis
1111 2787 1353 2863 concionator,
1376 2785 1411 2847 in
1427 2802 1491 2847 suo

262 2891 421 2970 Collegio
436 2890 574 2969 publice
589 2890 773 2970 theologos
788 2892 1014 2971 reprehendit
1030 2892 1123 2971 quod
1144 2894 1188 2955 ad
1203 2902 1363 2956 nostram
1382 2895 1491 2955 eccle-

262 2998 353 3062 siam
368 2995 413 3059 ad
427 2996 684 3076 frequentanda
699 3011 922 3061 sacramenta
938 3016 1010 3061 non
1026 2998 1247 3076 accederent,
1265 3009 1300 3060 et
1314 2998 1493 3062 studiosos

261 3104 350 3186 jnris
364 3113 399 3166 et
413 3120 589 3167 canonum
604 3105 640 3167 in
655 3105 723 3166 hac
739 3117 840 3185 parte
854 3107 923 3168 illis
939 3106 1076 3186 publice
1091 3106 1269 3186 praetulit.

328 3210 415 3273 1116.
460 3210 612 3289 Quidam
632 3212 740 3274 etiam
762 3214 993 3276 concionator
1013 3212 1158 3277 Ordinis
1179 3211 1239 3277 gn
1255 3212 1446 3292 Augustini
1457 3213 1494 3275 in

264 3317 482 3381 monasterio
497 3312 562 3380 suo
578 3316 851 3381 Salmanticensi
865 3319 934 3382 hac
954 3319 1237 3400 Quadragesima
1258 3321 1295 3383 in
1317 3320 1390 3382 suis
1412 3337 1494 3383 con·

264 3424 430 3487 cionibus
444 3425 556 3488 multa
571 3425 609 3487 in
622 3425 763 3488 laudem
778 3423 967 3490 Societatis
979 3425 1078 3506 dixit,
1093 3445 1184 3507 quae
1196 3429 1309 3491 nostri
1320 3428 1428 3490 etiam
1443 3445 1494 3490 re·

266 3532 359 3594 serre
371 3530 640 3594 erubescebant.
655 3530 728 3594 Alii
738 3532 844 3596 etiam
857 3535 1059 3597 saeculares
1070 3535 1271 3599 fatebantur
1283 3534 1387 3615 quod,
1403 3544 1496 3615 post·

267 3654 373 3716 quam
389 3635 551 3700 Societas
567 3647 690 3701 nostra
705 3637 958 3703 Salmanticam
975 3651 1134 3718 venerat,
1156 3642 1307 3720 insignis
1327 3641 1496 3705 reforma·

271 3747 321 3808 tio
336 3745 371 3806 in
388 3761 430 3806 ea
449 3744 692 3808 Universitate
714 3756 934 3825 cerneretur;
958 3757 991 3810 et
1013 3765 1095 3810 cum
1116 3748 1225 3828 aliqui
1248 3748 1407 3828 primarii
1429 3747 1498 3811 viri

240 3866 245 3871 ·
268 3852 335 3915 bac
352 3851 396 3914 de
411 3868 450 3913 re
465 3861 626 3930 agerent,
642 3852 751 3915 etiam
765 3853 800 3915 in
819 3854 970 3933 publicis
992 3855 1222 3919 concionibus
1243 3864 1385 3919 nostros
1405 3872 1497 3918 com·

268 3958 501 4037 mendabant;
518 3967 554 4020 et
568 3959 714 4039 quidam
731 3960 921 4039 religiosus
942 3960 1001 4025 gn
1026 3962 1221 4042 Francisci,
1235 3980 1314 4026 cum
1326 3961 1499 4026 moniales

268 4066 430 4129 subditas
445 4064 570 4130 Ordini
586 4083 650 4130 suo
665 4066 839 4148 visitaret,
856 4069 893 4131 in
907 4069 1066 4148 ipsarum
1081 4069 1244 4150 Capitulo
1255 4069 1345 4133 dixit
1355 4077 1499 4149 gratum

269 4173 338 4236 sibi
352 4171 521 4251 futurum,
538 4173 570 4236 si
585 4190 666 4237 cum
679 4174 880 4240 hominibus
895 4186 1040 4240 nostrae
1061 4177 1251 4241 Societatis
1271 4185 1419 4258 agerent
1439 4177 1499 4238 ali·

265 4280 426 4360 quando,
450 4279 493 4342 de
513 4281 619 4344 rebus
644 4282 781 4347 scilicet
802 4283 847 4346 ad
867 4283 1088 4363 spiritualem
1106 4283 1306 4365 proiectum
1325 4284 1499 4362 pertinen-

269 4387 380 4466 tibus;
397 4395 432 4449 et
446 4387 535 4450 satis
551 4387 685 4468 alioqui
699 4406 745 4452 ex
763 4389 902 4469 publico
924 4391 1136 4472 testimonio,
1161 4391 1254 4470 quod
1276 4390 1502 4455 Universitas

310 4664 318 4696 ¹
347 4663 414 4708 Vide
425 4675 514 4719 supra.
525 4677 586 4722 pag.
595 4668 645 4720 tle,
655 4681 680 4712 n.
693 4671 753 4715 ttut.

309 4737 320 4767 ¹
347 4734 486 4780 Comitissa
498 4738 529 4781 de
541 4737 685 4797 Monterey.
695 4742 761 4786 Vide
773 4743 894 4790 Litterae
904 4745 1137 4800 Quadrimeslrn,
1148 4754 1168 4792 t.
1179 4758 1216 4800 ru,
1230 4757 1290 4801 pag.
1300 4744 1349 4790 308.

415 4824 453 4879 T.
470 4844 498 4882 v.
1328 4851 1362 4907 ²7
