3717 5400
817 509 879 565 An.
901 507 972 567 isso
1450 506 1506 563 487

270 651 416 715 tendam
441 669 519 717 esse
545 652 581 715 P.
607 654 823 718 Franciscus
841 651 1033 733 judicavit,
1064 652 1176 717 donec
1202 651 1370 715 Vicarius
1396 652 1503 715 situm

274 760 395 838 alium,
413 759 472 850 ubi
487 762 599 824 nostri
613 771 873 841 permanerent,
890 761 1121 840 assignasset.

337 865 426 929 1323.
470 867 592 949 Coepit
609 877 729 952 autern
750 868 788 930 P.
813 868 1027 932 Franciscus
1046 867 1179 947 Borgia
1196 866 1405 929 concionari
1428 868 1506 947 ipso

274 972 331 1036 die
346 974 564 1054 Epiphaniae
580 976 616 1037 in
632 977 802 1055 parochia
821 975 977 1056 quadam
994 974 1164 1053 primaria
1179 974 1294 1051 urbiS,
1319 990 1399 1036 cum
1420 975 1505 1036 sele·

273 1088 332 1142 cto
349 1080 537 1144 admodum
552 1091 587 1144 et
603 1083 778 1163 frequenti
793 1083 980 1161 auditori0,
998 1082 1054 1145 cui
1070 1080 1209 1144 abunde
1229 1080 1401 1144 satislecit
1425 1098 1506 1143 cum

273 1204 406 1267 magna
421 1188 619 1253 eruditione
633 1199 668 1253 et
682 1191 809 1272 spiritu
823 1191 973 1253 verbum
992 1188 1059 1253 Dei
1074 1204 1287 1269 proponens,

338 1294 426 1357 1324.
470 1295 603 1360 Eodem
630 1297 686 1361 die
715 1297 939 1378 praedicavit
973 1294 1011 1359 P.
1047 1295 1253 1374 Alphonsus
1287 1294 1394 1358 Avila
1430 1294 1507 1374 (qui

273 1411 397 1479 postea
409 1402 562 1467 Basilius
574 1402 639 1467 fuit
650 1405 777 1484 dictus,
791 1416 825 1469 et
837 1406 874 1467 in
885 1414 1066 1485 posterum
1076 1404 1129 1466 sic
1142 1403 1347 1466 nominatus
1361 1404 1385 1481 );
1402 1416 1507 1464 mane

272 1514 308 1569 et
322 1517 404 1588 post
418 1508 604 1574 meridiem
619 1512 850 1575 christianam
870 1511 1070 1575 doctrinam
1086 1511 1122 1573 in
1137 1526 1283 1573 carcere
1298 1509 1505 1589 explicavit,

271 1615 368 1677 etita
382 1628 622 1697 prosequutus
634 1620 824 1683 conciones
836 1628 870 1682 et
882 1619 1071 1699 colloquia,
1085 1617 1311 1697 gratissimus
1322 1616 1505 1696 Hispalen-

276 1722 375 1785 sibus
391 1740 469 1787 esse
485 1727 616 1805 coepit,
633 1744 699 1790 nec
718 1728 856 1802 mirum,
884 1743 964 1789 cum
981 1742 1102 1789 rarum
1117 1725 1163 1787 ad
1182 1724 1250 1787 hoc
1273 1724 1507 1787 ministerium

274 1847 296 1891 a
313 1828 469 1895 Domino
486 1836 657 1897 talentum
677 1834 884 1914 accepisset.

317 1937 405 2001 1325.
448 1940 537 2003 Tam
552 1943 683 2004 multae
698 1951 816 2005 autem
831 1940 1023 2002 conciones
1035 1956 1080 2001 ex
1094 1936 1205 2000 variis
1220 1934 1295 2017 ejus
1307 1936 1403 1999 urbis
1414 1936 1503 1999 locis

272 2046 494 2126 petebantur,
508 2058 546 2112 ut
559 2066 640 2112 cum
651 2059 769 2111 essent
781 2056 932 2129 quatuor
948 2055 1009 2109 aut
1024 2046 1178 2125 quinque
1191 2043 1289 2107 initio
1302 2042 1406 2123 hujus
1418 2044 1502 2106 anni

272 2154 544 2217 concionatores
560 2153 582 2234 ¹,
599 2156 761 2218 omnibus
771 2165 891 2217 tamen
906 2153 1090 2216 desideriis
1105 2150 1270 2214 satisfieri
1285 2167 1356 2213 non
1369 2160 1501 2229 posset.

272 2258 469 2323 Accidebat
483 2271 601 2326 autem
616 2263 807 2344 aliquando
823 2272 861 2325 ut
876 2262 1000 2325 eodem
1013 2260 1068 2323 die
1080 2260 1199 2340 plures
1219 2258 1254 2320 in
1270 2258 1370 2336 urbe,
1395 2268 1429 2320 et
1444 2258 1505 2319 ali·

272 2367 352 2445 quis
366 2376 467 2430 extra
482 2369 579 2432 illam
595 2371 631 2432 in
645 2370 763 2450 aliquo
777 2386 872 2449 pago
888 2369 1019 2447 vicino,
1037 2370 1345 2443 concionarentur,
1359 2376 1393 2429 et
1410 2374 1506 2429 utro-

271 2473 377 2554 bique
392 2491 473 2537 cum
489 2493 620 2557 magna
634 2476 817 2540 hominum
832 2474 1089 2539 aedificatione.
1106 2475 1237 2555 Ingens
1249 2484 1369 2537 autem
1384 2472 1506 2553 populi

271 2597 440 2643 numerus
454 2582 500 2645 ad
515 2584 705 2646 conciones
720 2582 914 2647 audiendas
928 2583 1138 2660 confluebat,
1156 2600 1265 2662 usque
1282 2580 1370 2643 adeo
1391 2589 1428 2643 ut
1445 2581 1505 2659 qui

272 2688 391 2752 locum
406 2688 631 2755 commodum
645 2692 691 2756 ad
710 2691 922 2756 audiendum
942 2692 1059 2771 vellet,
1088 2707 1156 2753 una
1183 2703 1216 2753 et
1232 2688 1390 2770 pluribus
1405 2687 1505 2750 horis

274 2805 356 2858 ante
370 2798 486 2861 lucem
501 2799 617 2861 locum
640 2815 815 2879 occupare
830 2799 985 2862 deberet.
1002 2797 1144 2864 Accidit
1159 2807 1277 2860 autem
1293 2804 1329 2858 ut
1346 2812 1427 2859 cum
1442 2812 1505 2874 per

271 2901 400 2982 januas
414 2913 598 2984 portarum
612 2923 683 2968 non
698 2916 846 2986 pateret,
861 2915 1006 2985 propter
1018 2905 1218 2968 auditorum
1231 2903 1505 2979 multitudinem,

276 3027 341 3091 per
355 3020 450 3074 tecta
463 3012 662 3076 vicinorum
677 3013 786 3094 aliqui
807 3012 1013 3075 sacerdotes
1035 3023 1068 3074 et
1083 3011 1185 3091 probi
1204 3010 1272 3073 viri
1289 3011 1423 3072 aditum
1438 3009 1506 3072 sibi

273 3117 320 3181 ad
342 3119 556 3182 audiendum
581 3121 771 3199 aperirent.
798 3119 1050 3182 Fundebantur
1074 3119 1256 3198 lacrymae
1281 3117 1448 3194 ubertim,
1471 3127 1506 3178 et

274 3223 368 3305 quod
382 3225 419 3287 in
434 3227 594 3289 ecclesiis
609 3226 828 3303 audiebatur,
846 3226 942 3289 domi
957 3225 1144 3304 diligenter
1159 3223 1412 3303 complebatur.

317 3331 405 3395 1326.
449 3332 537 3397 Cum
552 3342 731 3414 postrema
744 3333 1048 3413 Quadragesimae
1063 3333 1246 3406 concione,
1264 3347 1370 3410 quam
1386 3329 1423 3392 P.
1441 3329 1506 3392 Ba·

273 3439 373 3502 silius
387 3439 521 3518 habuit,
538 3440 848 3503 vehementissime
867 3439 913 3501 ad
928 3441 1109 3518 lacrymas
1128 3440 1280 3518 populus
1300 3447 1393 3500 esset
1412 3451 1506 3498 com·

273 3555 401 3625 motuS,
418 3555 571 3625 quatuor
582 3556 644 3610 aut
658 3549 812 3627 quinque
833 3547 971 3626 publice
991 3555 1025 3607 et
1048 3547 1119 3607 alta
1141 3563 1230 3608 voce
1257 3545 1507 3608 condonarunt

274 3651 421 3732 iujnrias
436 3655 618 3733 capitales
633 3670 721 3733 quas
733 3661 957 3734 acceperant;
972 3652 1030 3714 hic
1050 3664 1200 3714 mortem
1217 3652 1340 3731 patris,
1358 3652 1414 3713 ille
1433 3667 1506 3712 ma·

273 3758 349 3838 tris,
375 3760 499 3823 mulier
525 3760 700 3840 quaedam
729 3761 822 3824 filiae
847 3776 953 3844 suae,
982 3759 1052 3822 alia
1075 3768 1192 3821 autem
1219 3759 1353 3821 sororis
1378 3757 1506 3821 condo·

275 3876 417 3928 narunt.

316 3971 403 4035 1327.
447 3973 528 4036 Alio
544 3985 662 4038 autem
677 3975 733 4038 die
748 3991 829 4037 cum
852 3973 888 4036 P.
917 3973 1106 4047 Gonzalez,
1136 3972 1296 4052 quintum
1320 3971 1506 4051 explicans

273 4089 501 4159 praeceptum
520 4080 709 4161 Decalogi,
730 4080 775 4142 ad
789 4080 986 4144 fraternam
1005 4079 1229 4144 dilectionem
1244 4079 1405 4142 homines
1425 4078 1506 4140 hor·

271 4195 419 4264 taretur,
433 4188 603 4252 emollivit
614 4187 788 4252 Dominus
803 4188 944 4252 viscera
955 4187 1022 4250 viri
1034 4186 1229 4267 cujusdam,
1241 4186 1301 4266 qui
1311 4187 1414 4266 alapa
1428 4202 1505 4247 cae·

276 4390 310 4432 ba
320 4388 373 4433 San
384 4389 534 4435 Francisco.
544 4393 584 4436 En
595 4393 656 4437 sirio
667 4392 825 4437 scomodado
840 4403 872 4435 no
887 4392 958 4436 hallo
973 4397 1032 4436 otta
1043 4403 1091 4446 que
1102 4390 1184 4443 molor
1195 4401 1241 4433 nos
1256 4389 1387 4434 esruvlese
1398 4401 1446 4444 que
1456 4401 1505 4432 una

274 4469 338 4504 casa
346 4462 381 4510 lsi
388 4463 448 4505 bien
458 4473 548 4518 capaz,
558 4466 617 4508 bien
627 4465 680 4508 mal
690 4465 801 4519 parada)
810 4475 842 4507 en
852 4465 878 4508 la
886 4466 953 4507 calle
962 4475 1010 4518 quc
1021 4465 1149 4506 liemaron
1160 4462 1190 4504 de
1202 4463 1228 4504 la
1239 4461 1378 4516 PelleJerla
1387 4473 1417 4504 en
1425 4463 1450 4505 ia
1460 4461 1507 4504 Pe-

273 4532 380 4586 rroqula
390 4533 421 4576 de
432 4533 497 4578 Sant
507 4535 611 4590 Miguci,
621 4539 637 4578 a
647 4537 673 4579 la
681 4537 800 4590 piazuela
810 4546 859 4588 que
867 4545 895 4578 se
906 4535 1022 4578 estiende
1033 4535 1096 4578 eabe
1105 4534 1129 4576 el
1139 4530 1299 4576 monasterio
1308 4532 1340 4575 de
1351 4533 1451 4586 monjas
1463 4532 1509 4576 do·

277 4603 395 4659 mlnlcss,
405 4605 519 4651 Nuesrra
530 4607 628 4650 Sellora
639 4608 670 4650 de
681 4607 799 4659 Gracia„
810 4605 983 4660 Sanrlvanaz,
992 4606 1008 4649 l.
1017 4617 1046 4659 c,
1058 4617 1082 4649 n.
1091 4605 1111 4648 7.

318 4675 324 4695 “
352 4674 467 4731 Scilicet,
489 4678 519 4722 P.
535 4677 647 4730 joannes
661 4677 767 4726 Suarez.
783 4677 811 4721 P.
828 4677 976 4731 alphonsus
991 4687 1036 4720 scu
1053 4677 1165 4720 Basilius
1182 4675 1270 4728 Avila,
1287 4675 1318 4718 P.
1332 4674 1515 4720 Gundlsnlrus

275 4747 415 4803 Gonzalez,
424 4748 451 4792 P.
461 4748 574 4800 joannes
583 4749 704 4804 Baptista
716 4749 831 4793 Sanchcz
850 4757 956 4802 practer
966 4750 1048 4802 ipsum
1060 4747 1164 4791 Patrem
1177 4746 1345 4791 Franciscum
1357 4746 1460 4802 Borgla.
