3717 5400
784 463 848 522 An.
875 463 946 522 1555
1426 461 1478 523 381

310 610 398 674 1029.
442 609 645 690 Antequam
660 620 778 673 tamen
793 609 1020 673 Barchinona
1034 608 1228 686 recederet,
1240 607 1365 697 domos
1376 625 1479 689 quas·

241 717 331 781 darn
345 717 504 797 Collegio
519 727 642 782 nostro
657 717 796 781 vicinas
811 734 929 781 emere
945 727 1095 780 conatus
1110 726 1175 795 est,
1190 734 1255 780 suo
1267 717 1410 797 quidem
1420 734 1481 780 no-

249 825 353 903 mine,
371 824 433 888 sed
449 833 485 888 ut
501 823 666 888 cederent
681 825 717 888 in
731 823 920 889 Societatis
935 840 1057 902 usum,
1073 824 1135 886 sed
1152 841 1211 887 res
1225 840 1297 887 non
1311 832 1480 888 esenten·

250 931 299 996 tia
314 932 424 1012 ipsius
439 933 622 1009 successit,
639 931 735 1011 quod
750 931 818 1009 ille,
837 929 938 1010 cujus
957 939 1035 994 erat
1056 930 1193 1009 domus,
1214 948 1286 993 non
1308 929 1482 994 adductus

248 1047 304 1102 est
319 1047 357 1102 ut
371 1056 451 1103 eam
465 1039 646 1102 venderet.
663 1038 767 1102 Aliae
781 1047 901 1102 tamen
916 1037 1008 1102 duae
1022 1038 1149 1101 domus
1164 1055 1207 1101 ac
1226 1036 1354 1101 deinde
1373 1038 1480 1102 etiam

250 1146 356 1209 tertia
370 1164 391 1208 a
413 1146 545 1209 nostris
560 1145 699 1226 emptae
715 1145 868 1224 fuerunt,
890 1153 929 1207 ut
948 1146 1121 1209 ecclesiae
1136 1155 1170 1208 et
1186 1144 1345 1224 Collegio
1365 1145 1482 1208 aedifi·
1504 1226 1507 1230 λ

245 1254 366 1317 cando
381 1253 470 1316 situs
485 1253 703 1317 commodior
718 1264 752 1315 et
768 1254 918 1335 amplior
929 1261 1033 1316 esset.

316 1359 403 1423 1030.
446 1359 590 1440 Aperiri
605 1360 735 1424 ostium
748 1359 996 1424 Barchinonae
1010 1360 1200 1423 videbatur
1212 1360 1257 1423 ad
1270 1378 1341 1424 non
1352 1359 1482 1424 medio-

249 1481 348 1530 crem
363 1465 438 1546 ejus
454 1466 609 1529 civitatis
623 1466 659 1528 in
679 1467 836 1529 moribus
856 1465 1157 1543 emendationem,
1175 1467 1276 1530 multi
1295 1467 1390 1530 enim
1411 1485 1483 1530 non

252 1573 366 1636 solum
381 1590 489 1636 unum
503 1582 538 1635 et
553 1574 673 1652 plures
688 1589 802 1636 annos
815 1573 891 1635 sine
912 1581 1140 1637 sacramento
1163 1573 1398 1637 confessionis
1413 1573 1484 1637 exi·

244 1680 394 1759 gabant,
411 1681 474 1744 sed
488 1680 523 1743 id
539 1681 646 1743 etiam
661 1679 799 1760 publice
813 1680 932 1743 dicere
947 1698 1018 1744 non
1035 1681 1305 1744 erubescebant.
1318 1680 1486 1744 Pastores

252 1797 372 1851 autem
386 1805 425 1850 se
444 1787 681 1866 excusabant,
698 1797 734 1850 et¹
754 1786 879 1867 culpae
901 1788 1033 1851 bonam
1054 1797 1194 1868 partem
1220 1785 1428 1867 rejiciebant
1448 1789 1485 1851 in

252 1894 425 1974 quasdam
440 1894 593 1958 Litteras
606 1895 832 1975 apostolicas,
849 1895 978 1974 quibus
992 1895 1148 1959 facultas
1165 1894 1317 1959 dabatur
1333 1895 1485 1974 eligendi

248 2001 321 2064 sibi
339 2001 608 2078 confessarium,
626 2018 730 2082 quem
742 2002 888 2082 quisque
900 2004 1019 2080 vellet,
1033 2010 1068 2064 et
1082 2003 1133 2065 ita
1149 2003 1210 2083 qui
1221 2019 1345 2067 curam
1355 2003 1487 2066 anima·

253 2123 333 2171 rum
347 2110 530 2188 gerebant,
547 2110 602 2172 sui
619 2109 757 2189 pecoris
771 2111 910 2172 vultum
921 2127 992 2172 non
1005 2111 1259 2189 agnoscebant.
1277 2109 1486 2175 Remedium

255 2224 373 2280 autem
385 2214 487 2295 hujus
502 2216 717 2280 incommodi
731 2216 808 2280 sore
824 2216 1034 2279 censebatur
1050 2217 1080 2280 si
1095 2217 1239 2281 daretur
1254 2217 1407 2282 facultas
1428 2220 1485 2282 eli·

246 2323 363 2400 :gendi
376 2322 650 2403 confessarium,
672 2341 743 2387 non
764 2324 966 2404 quemlibet,
983 2325 1045 2388 sed
1066 2343 1112 2388 ex
1135 2325 1190 2389 his
1209 2341 1299 2404 quos
1320 2325 1488 2406 Episcopi

254 2431 526 2510 approbassent.

319 2537 407 2602 1031.
431 2595 432 2598 ,
450 2537 648 2602 Conciones
670 2537 786 2602 Patris
804 2537 955 2602 Stradae
971 2540 1104 2619 primas
1126 2538 1275 2604 Pro-rex
1290 2549 1326 2604 et
1336 2540 1488 2620 Regium

248 2643 451 2711 Consilium
466 2665 546 2711 cum
563 2647 679 2711 multis
697 2647 882 2728 utriusque
902 2664 1010 2711 sexus
1033 2647 1210 2713 nobilibus
1230 2648 1437 2728 audiebant;
1453 2661 1489 2711 et

257 2752 292 2816 id
306 2754 562 2831 observabatur
579 2754 684 2836 quod,
701 2772 783 2819 cum
798 2757 968 2835 templum
982 2754 1062 2817 Dee
1073 2754 1229 2819 Nostrae
1245 2756 1303 2819 del
1317 2755 1415 2834 Pino,
1429 2757 1490 2819 ubi

257 2860 333 2940 ipse
348 2862 576 2943 praedicabat
592 2870 612 2940 ¹,
630 2878 799 2941 magnum
815 2873 907 2925 esset
924 2872 959 2925 et
981 2860 1207 2926 auditoribus
1222 2863 1376 2943 plenum,
1395 2879 1489 2926 cum·

256 2986 326 3048 que
339 2968 384 3031 ad
399 2968 523 3031 horam
541 2986 621 3033 curn
636 2968 781 3033 dimidio
795 2970 868 3032 fere
884 2986 1085 3033 sermonem
1100 2969 1138 3032 Ρ.
1157 2968 1290 3033 Strada
1306 2970 1490 3050 protrahe-

257 3084 322 3157 ret,
338 3078 454 3139 nullus
470 3076 656 3140 videbatur
669 3076 806 3156 pedem,
825 3086 885 3139 aut
900 3086 1019 3157 caput,
1037 3085 1099 3140 aut
1114 3093 1258 3141 manum
1273 3094 1431 3152 movere,
1455 3090 1490 3140 et

259 3200 302 3246 ne
326 3185 454 3247 tussire
474 3184 615 3265 quidem
634 3201 677 3247 ac
697 3201 841 3264 spuere;
867 3184 930 3247 sed
955 3185 1051 3246 velut
1076 3184 1243 3264 suspensi
1270 3185 1315 3247 ab
1335 3184 1411 3264 ejus
1430 3202 1492 3248 orc

257 3308 369 3371 usque
384 3291 429 3355 ad
445 3292 549 3355 finem
565 3292 857 3372 perseverabant3
875 3301 909 3354 et
928 3309 1112 3372 nunquam
1133 3292 1185 3355 sic
1202 3292 1382 3355 homiuem
1396 3292 1492 3354 locu·

259 3410 334 3462 tum
345 3416 423 3462 esse
436 3398 481 3461 ad
492 3416 554 3461 cor
566 3399 726 3478 ipsorum
741 3398 915 3477 dicebant;
935 3408 969 3461 et
980 3408 1103 3462 tantus
1115 3398 1316 3461 animorum
1328 3407 1445 3461 motus
1456 3398 1492 3459 111

252 3506 482 3570 audientibus
496 3506 718 3584 cernebatur,
736 3514 775 3569 ut
790 3506 924 3584 passim
940 3506 984 3569 de
999 3505 1107 3569 rebus
1122 3507 1159 3569 in
1175 3505 1347 3569 concione
1362 3503 1493 3568 auditis

260 3614 420 3677 homines
431 3615 670 3694 loquerentur,
681 3622 715 3676 et
726 3612 880 3677 fructum
892 3613 1068 3693 insignem
1081 3621 1281 3692 sperarent,
1292 3611 1323 3674 si
1334 3610 1492 3691 Quadra-

253 3721 397 3799 -gesima
412 3721 575 3801 proxima
591 3720 639 3783 ibi
652 3721 936 3785 concionaretur.
1255 3808 1258 3812 ,

324 3828 412 3891 1032.
455 3828 886 3893 Barchinonaeallocutus
898 3827 1087 3892 estcumP.
1100 3827 1361 3892 StradaAbbas
1373 3843 1492 3890 mona·

260 3936 359 4000 sterii
374 3936 504 4001 Montis
517 3935 664 4015 Serrati,
681 3936 742 4017 qui
758 3952 829 3999 nou
844 3944 922 3999 erat
938 3936 974 3998 in
986 3952 1051 3999 suo
1063 3935 1296 4013 monasterio,
1313 3950 1395 3998 cum
1408 3933 1494 3997 illud

253 4043 398 4109 adierat
424 4043 462 4107 P.
488 4043 629 4123 strada,
656 4053 691 4107 et
717 4054 937 4124 quantopere
963 4044 1133 4107 commoti
1154 4042 1304 4105 luissent
1328 4021 1494 4105 monachi

260 4149 338 4230 ejus
362 4151 523 4215 doctrina
543 4162 578 4214 et
598 4151 782 4233 colloquiis
802 4150 835 4214 ei
857 4150 1087 4230 significante
1115 4160 1150 4213 et
1175 4150 1240 4213 toti
1265 4148 1435 4213 Societati
1456 4167 1494 4212 se

262 4258 366 4322 valde
382 4257 547 4323 affectum
564 4276 644 4323 cum
660 4260 734 4323 suis
749 4258 936 4323 monachis
951 4258 1116 4323 ostendit.

324 4365 412 4428 1033.
456 4365 610 4447 Tempus
626 4376 744 4431 autent
758 4365 843 4430 illud
859 4376 942 4430 ante
957 4366 1279 4446 Quadragesimam
1293 4382 1337 4429 ea
1351 4366 1389 4430 in
1411 4364 1495 4429 civi·

254 4480 335 4536 'tate
349 4474 496 4538 ludicris
510 4492 553 4538 ac
564 4474 668 4537 vanis
682 4475 787 4538 rebus
803 4474 1072 4554 impendebatur
1083 4472 1186 4553 juxta
1198 4491 1423 4537 communem
1440 4490 1495 4536 or·

306 4722 315 4752 ¹
344 4718 390 4763 Me.
400 4719 620 4773 praedicaverat.
