3717 5400
805 490 867 547 Au.
891 490 962 548 1555
1443 487 1499 546 217

261 645 298 698 ct
316 634 503 699 videbatur
517 635 633 700 eidem
648 635 864 699 Provinciali
882 637 982 698 locus
1003 635 1151 698 idoneus
1167 635 1213 698 ad
1236 634 1425 713 collegium
1444 634 1495 696 in·

263 743 490 820 stituendum,
507 745 590 823 quia
606 743 756 824 insignis
770 755 823 807 est
838 744 896 806 ilie
912 751 1051 822 portua,
1066 743 1111 806 ad
1128 759 1233 823 quem
1247 759 1359 805 naves
1374 759 1419 805 ex
1434 741 1495 804 Hi·

264 851 389 929 spania
406 851 529 914 venire
544 852 674 928 solent,
693 861 726 913 et
745 851 827 914 inde
846 851 882 913 in
897 850 1107 930 Hispaniam
1126 851 1196 928 ire,
1218 860 1252 913 et
1272 851 1307 913 in
1328 849 1495 913 Goletam

266 955 411 1021 Africae
427 957 612 1037 navigare.
629 956 701 1021 Sed
720 958 849 1021 civitas
863 957 927 1020 vix
943 956 1115 1020 ducentos
1135 973 1264 1020 aureos
1283 957 1393 1020 annui
1407 955 1498 1020 redi·

266 1073 323 1126 tus
337 1064 424 1127 dare
439 1074 522 1129 tunc
536 1074 687 1145 poterat,
703 1065 868 1145 quamvis
885 1065 1054 1145 temporis
1071 1081 1240 1128 successu
1261 1064 1306 1128 ad
1327 1064 1499 1146 quingen·

234 1161 237 1166 ’
266 1179 322 1234 tos
337 1181 553 1251 perventura
567 1172 757 1250 diceretur,
777 1172 840 1235 sed
856 1174 1021 1252 quamvis
1037 1181 1098 1236 aer
1117 1173 1270 1235 salubris
1292 1181 1385 1236 esset
1399 1188 1501 1251 prae·

266 1289 320 1340 ter
352 1279 643 1342 commoditatem
667 1277 913 1360 jamdictam,
945 1280 1144 1343 inconsulto
1176 1278 1213 1342 P.
1243 1279 1398 1356 ignatio,
1428 1295 1500 1342 non

262 1385 484 1450 existimavit
500 1385 536 1448 P.
553 1386 788 1450 Prouincialis
802 1385 992 1467 quicquam
1013 1386 1311 1465 constituendum;
1333 1385 1396 1448 sed
1416 1385 1501 1465 quia

267 1492 335 1555 alia
350 1494 529 1572 praemitti
544 1494 730 1573 oportebat
745 1493 897 1574 collegia
912 1511 978 1557 nec
994 1505 1067 1556 tam
1083 1495 1193 1556 multa
1208 1493 1313 1556 simul
1334 1493 1502 1572 amplecti

263 1597 425 1662 Societas
440 1610 590 1680 poterat,
604 1600 639 1663 in
653 1598 749 1663 aliud
761 1611 899 1680 tempus
910 1599 1015 1680 hujus
1026 1600 1167 1680 collegii
1177 1599 1351 1663 institutio
1365 1597 1500 1678 rejecta

267 1716 332 1784 est,
347 1724 428 1769 cum
443 1707 688 1786 operariorum
705 1724 873 1770 numerus
888 1708 1027 1771 auctior
1043 1720 1136 1770 esset
1153 1710 1173 1770 ¹.

328 1811 399 1876 630.
444 1814 592 1893 Accepit
607 1831 727 1877 mense
741 1813 833 1895 Juiio
850 1813 886 1877 P.
905 1813 1145 1894 Hieronymus
1161 1813 1367 1877 Domenech
1382 1831 1497 1877 exem·

269 1921 366 1997 plum
381 1919 514 1983 decreti
528 1918 755 1999 parisiensis,
773 1930 807 1984 et
822 1922 1075 2001 obstupescens
1090 1922 1196 1983 talem
1213 1921 1435 1998 theologicae
1446 1920 1496 1983 fa·

266 2028 412 2091 cultatis
427 2044 625 2106 censuram,
643 2026 804 2108 Pro-regi
818 2028 949 2109 Joanni
965 2028 1008 2091 de
1029 2027 1132 2106 Vega
1149 2026 1236 2090 iliud
1251 2028 1422 2105 ostendit,
1438 2027 1497 2108 qui

267 2135 376 2196 etiam
394 2135 497 2197 valde
512 2135 707 2198 admiratus
723 2146 791 2213 est,
810 2143 843 2197 et
858 2133 999 2197 dicebat
1018 2135 1223 2197 existimare
1243 2151 1280 2197 sc
1300 2133 1416 2198 Deum
1440 2134 1501 2196 ali·

268 2376 359 2420 indict.
370 2377 422 2420 1511
432 2388 491 2421 cum
503 2377 630 2423 facultate
644 2378 796 2422 admittendi
811 2379 844 2422 ad
860 2378 979 2422 habitum
992 2383 1119 2432 quotquot
1135 2379 1216 2421 veliet
1231 2379 1310 2421 viros:
1326 2378 1376 2420 hac
1392 2385 1501 2430 arrepta

268 2453 361 2492 sancta
369 2449 512 2502 occasione,
523 2452 610 2504 piures
617 2451 715 2494 nobiles
723 2451 750 2493 et
758 2451 853 2494 litteris
861 2450 974 2504 praediti
982 2450 1171 2504 Drepanenses,
1180 2450 1310 2504 regularis
1318 2450 1502 2493 observantiae

267 2518 355 2564 studio
364 2520 461 2574 allecti,
477 2521 510 2564 ad
525 2531 582 2564 eum
598 2527 772 2565 accesserunt.
784 2521 821 2565 Ob
836 2522 906 2565 aeris
921 2521 1131 2565 insalubritatem
1146 2529 1174 2564 ct
1188 2521 1238 2564 ioci
1255 2521 1467 2575 incapacitatem,
1483 2531 1500 2564 a

267 2592 353 2643 primo
362 2592 419 2635 ioco
428 2593 490 2636 dato
499 2603 516 2636 a
528 2591 657 2647 Fardeila,
669 2594 825 2636 concedente
836 2595 925 2637 eodem
936 2592 1061 2637 Pontldce
1070 2604 1117 2648 per
1127 2593 1232 2637 litteras
1242 2603 1308 2636 auno
1316 2591 1356 2636 sul
1365 2589 1503 2636 Pontifica-

270 2669 312 2707 tus
322 2662 348 2707 13
357 2665 503 2719 exscriptas
512 2675 579 2709 auno
592 2664 651 2719 teau,
658 2665 864 2720 commigrarunt
874 2665 900 2709 in
910 2665 991 2709 alium
1001 2665 1129 2720 aptiorem
1136 2672 1213 2719 atquc
1223 2664 1257 2709 ad
1270 2663 1434 2709 devotionem
1449 2674 1504 2709 ma·

269 2736 310 2789 gis
320 2735 447 2791 idoneum,
458 2736 621 2791 Martognam
631 2748 677 2781 seu
687 2736 772 2781 Vallis
784 2736 889 2781 Clarum
900 2744 1075 2792 nuncupatum
1090 2736 1118 2781 in
1134 2736 1265 2781 radicibus
1274 2737 1370 2781 montis
1384 2736 1418 2780 ad
1435 2736 1503 2781 occi-

266 2808 472 2862 depresseram.
483 2819 499 2853 a
510 2809 658 2864 Drepana„
668 2809 786 2853 Roccuus
800 2808 902 2861 Praaus,
913 2808 931 2853 i.
942 2820 972 2863 c„
984 2811 1032 2853 coi.
1044 2808 1096 2853 1003
1105 2815 1132 2853 et
1143 2807 1205 2853 iudi.

310 2878 366 2923 Non
377 2880 455 2935 buius
465 2886 574 2935 tantum,
584 2881 626 2925 cul
635 2888 768 2936 praeerat,
778 2882 891 2925 coenobii
902 2881 1037 2925 institutor
1050 2881 1099 2925 suit
1115 2880 1160 2925 Fr.
1171 2880 1283 2934 Jacobus
1296 2881 1328 2925 de
1342 2880 1464 2935 Augubio
1474 2880 1500 2925 in

268 2952 333 2993 urbe
344 2950 469 3008 Drepani,
478 2954 523 2997 sed
534 2952 1044 2999 aliorumetiam.videlicet:¹·1¹rinitatis
1056 2952 1138 2998 Tertii
1147 2953 1250 2998 Ordinis
1258 2953 1348 2998 Sancti
1356 2952 1506 3005 Francisci,

268 3032 336 3065 nuuc
348 3023 462 3068 abbatia
473 3022 583 3069 Grande
592 3032 749 3080 nuncupata,
760 3036 826 3069 anuo
838 3025 897 3073 15i2.
908 3036 989 3079 opera
998 3024 1102 3070 Fratris
1111 3025 1201 3079 Jacobl
1213 3028 1244 3070 de
1255 3026 1402 3081 Augubblo,
1414 3024 1506 3069 iauda-

269 3092 714 3141 toriaDescaiccatorum...-Sancti
723 3096 987 3151 SpiritusCoiiegium
994 3098 1144 3142 Puellarum
1152 3096 1334 3153 Orphanarum
1343 3098 1432 3141 endem
1441 3108 1508 3143 tem·

269 3174 333 3217 pore
342 3176 358 3209 a
369 3164 464 3211 Fratre
474 3166 579 3223 Jacobo,
590 3180 655 3213 nnnc
665 3172 712 3213 snb
723 3170 884 3223 protectione
899 3168 993 3214 Montis
1008 3170 1266 3224 pietatis-sanctae
1282 3170 1381 3215 Mariae
1397 3169 1502 3225 Magda-

268 3234 345 3280 ieuae
355 3236 562 3294 Repentitarum,
572 3240 745 3284 sollicitudine
756 3240 870 3295 eiusdem
882 3239 985 3286 Fratris
997 3240 1109 3295 Jacobi.„
1121 3241 1168 3291 in„
1182 3242 1257 3294 ibid„
1267 3243 1316 3285 col.
1327 3242 1388 3287 100³.

311 3307 321 3339 ¹
348 3308 515 3355 “Provinciae
527 3312 629 3357 Siculae
640 3312 846 3367 Drepanitanum
860 3312 1005 3367 Collegium
1019 3314 1131 3358 accessit
1145 3316 1222 3365 (auno
1233 3315 1304 3369 issu),
1318 3314 1449 3359 accersitu
1464 3312 1505 3357 Ci-

270 3378 372 3423 vitatis.
385 3380 507 3427 Nicolaus
519 3382 646 3434 Barlotta,
657 3396 722 3429 unus
732 3396 745 3427 e
757 3386 915 3439 magistratu
925 3384 940 3438 J
943 3394 1077 3429 aratorum
1086 3397 1142 3429 rem
1152 3386 1218 3429 ursit
1230 3386 1254 3429 in
1265 3387 1363 3440 primis:
1374 3398 1407 3431 ex
1418 3387 1506 3441 priva·

269 3458 299 3493 ta
310 3460 373 3496 vero
384 3454 520 3498 nobilitate
530 3454 661 3501 Marianus
671 3456 872 3511 lionglardiuus,
884 3458 927 3512 qni
938 3457 997 3507 dein
1007 3468 1035 3500 se
1043 3468 1140 3511 suaque
1152 3457 1277 3502 societati
1286 3465 1365 3513 atque
1374 3459 1452 3503 aedes
1460 3459 1503 3502 de·

271 3522 309 3565 dit
320 3522 345 3567 ln
356 3526 533 3577 quibusliodie
548 3526 692 3583 Collegium
709 3534 757 3573 est.
775 3527 855 3574 Marci
873 3530 979 3574 Antonii
991 3528 1132 3573 Columnae
1147 3529 1271 3583 Protegis
1286 3531 1373 3575 studio
1390 3531 1503 3575 ecclesia

271 3592 361 3639 Sancti
371 3594 505 3642 Michaelis
515 3600 652 3652 attributam
662 3604 810 3656 partimque
821 3602 931 3656 publice,
942 3600 1040 3655 partim
1050 3601 1173 3655 privatim
1184 3601 1292 3645 Civibus
1300 3602 1502 3650 conterentibus.

268 3676 363 3711 census
372 3678 473 3715 annuus
482 3672 609 3725 operariis
619 3672 713 3728 viginti
724 3674 824 3719 alendis
834 3675 984 3729 desponsus.
995 3672 1076 3717 Pater
1083 3670 1236 3717 Emmanuel
1246 3673 1390 3725 Ximenins.
1398 3675 1503 3718 natione

271 3738 408 3793 lusitanus,
426 3752 440 3785 e
457 3744 549 3796 primis
566 3743 675 3799 Coliegll
689 3746 840 3791 auctoribus
856 3746 1005 3800 primusque
1019 3746 1075 3800 ejus
1090 3744 1187 3789 Rector
1197 3746 1253 3789 luit.
1265 3746 1375 3791 Schoiae
1386 3758 1454 3791 anno
1464 3758 1504 3790 ae·

270 3810 359 3863 quenti
370 3821 478 3867 apertae
490 3846 502 3867 „
512 3814 642 3866 Saccnrnr,
656 3816 725 3859 Hist.
737 3816 792 3861 Soc.
806 3816 883 3872 Jesu.
897 3826 966 3872 part.
984 3828 1019 3870 tv,
1031 3818 1075 3861 lib.
1093 3828 1149 3865 vrn,
1164 3828 1189 3859 ιι.
1205 3816 1309 3861 tiu-De
1319 3818 1410 3862 cadem
1421 3829 1449 3861 re
1465 3818 1504 3862 ita

272 3880 389 3927 noceam
399 3884 502 3929 Praaus:
512 3885 669 3941 “Collegium
680 3887 820 3933 Societatis
831 3888 892 3941 Jesu
905 3893 953 3933 sub
969 3891 1070 3933 nomine
1086 3888 1272 3943 conceptionis
1286 3888 1318 3934 B.
1340 3888 1379 3942 V„
1391 3890 1504 3946 primum

269 3964 340 3999 anno
351 3956 412 4001 157...
422 3956 449 4000 in
458 3958 522 4001 aede
535 3959 696 4005 confratrum
712 3959 801 4004 Sancti
813 3960 947 4005 Michaelis
957 3962 1081 4006 tundatur
1092 3962 1162 4006 hand
1173 3963 1266 4015 exigui
1279 3962 1446 4015 pecuniarum
1460 3975 1504 4018 pu·

270 4024 331 4070 blicl
341 4028 411 4071 aeris
422 4035 500 4083 atque
510 4028 617 4081 ,ioannis
627 4032 764 4086 Pignerae,
775 4042 869 4087 genere
880 4032 987 4087 Hispani
995 4032 1119 4087 Navarri,
1127 4044 1235 4085 summa,
1245 4037 1286 4089 qui
1295 4035 1504 4079 snarumaalina·

271 4108 330 4143 rum
340 4100 453 4145 decimas
462 4102 522 4146 huic
534 4102 657 4158 collegio,
669 4112 812 4160 proventus
823 4116 886 4149 vero
898 4108 963 4151 aiios
979 4106 1095 4163 Colleglo
1106 4109 1184 4151 alteri
1195 4110 1229 4151 ab
1243 4110 1300 4163 ipso
1315 4109 1504 4164 Pampiliunlae

269 4171 382 4223 condito,
394 4178 433 4217 est
444 4174 580 4228 elargitus.
590 4175 681 4220 Eidem
691 4176 799 4221 Domina
807 4176 920 4223 Llranza
929 4177 1119 4231 Sanciemeute,
1128 4181 1288 4224 nobilissima
1297 4191 1328 4225 ac
1336 4182 1379 4235 pia
1391 4182 1505 4226 foemina

271 4242 456 4299 Drepancnsis,
466 4246 657 4293 Tonnariarum
666 4248 730 4294 inici
740 4256 765 4293 et
775 4249 886 4303 Scopeiii
896 4252 1014 4294 redditus
1024 4253 1160 4296 concessit.
1172 4253 1233 4296 inde
1242 4264 1310 4297 anno
1321 4256 1361 4297 itii
1368 4254 1423 4307 (sic;
1434 4254 1503 4308 1⁶00).

270 4313 297 4357 iu
306 4316 475 4371 praecipuum
486 4320 558 4364 urbis
573 4320 657 4365 locum
673 4322 770 4366 dictum
786 4319 821 4365 Li
836 4320 977 4375 Magnatai
992 4322 1064 4366 della
1076 4324 1232 4377 Morritione,
1250 4326 1294 4369 ubi
1309 4327 1362 4377 (rea
1378 4326 1506 4371 divinitus

269 4388 376 4441 quidem
386 4390 458 4444 data)
465 4392 562 4437 Beatae
570 4392 688 4449 Virginis
696 4394 874 4438 Annuntiatae
883 4394 984 4448 signum
991 4396 1189 4441 celeberrimum
1197 4398 1307 4451 primum
1315 4405 1375 4443 aunt
1384 4402 1505 4443 venerati

272 4458 463 4515 Drepanenses,
474 4466 702 4519 transmigrarunt,
712 4465 842 4521 adiunctis
852 4466 956 4519 magnis
966 4467 1083 4519 aedibus,
1094 4480 1159 4521 quas
1170 4468 1302 4513 Marianus
1314 4470 1504 4525 Bonglardiuus

269 4530 406 4582 (Secuntur
414 4536 505 4580 scribit
517 4537 745 4589 Mongiardinus),
755 4548 833 4591 eques
845 4536 1026 4591 Drepanensis,
1038 4542 1181 4594 praestitit.
1193 4541 1218 4585 ls
1229 4542 1366 4587 devotione
1377 4554 1442 4597 erga
1456 4554 1504 4597 pa·

272 4610 329 4648 tres
345 4614 486 4662 permotus,
504 4620 599 4663 magna
616 4608 764 4654 humilitate
784 4610 896 4653 adscribi
917 4612 998 4655 voiuit
1016 4623 1123 4657 numero
1143 4615 1323 4667 coadjutorum
1340 4613 1505 4668 societatis„

273 4675 304 4723 L.
316 4688 337 4723 c.
346 4678 517 4724 Maaarensa's
528 4680 657 4725 ecciesiae
668 4678 771 4725 Neritia
788 4680 830 4733 VI,
840 4681 884 4725 lib.
900 4692 938 4733 ιιι,
956 4683 1006 4727 coi.
1020 4682 1177 4729 m-i’iura
1192 4686 1260 4740 apud
1274 4685 1420 4741 Acarnane,
1438 4689 1455 4730 l.
1473 4699 1506 4739 c„

272 4762 332 4805 cap.
340 4763 374 4804 rx,
386 4762 430 4795 nn.
444 4762 636 4808 xxxiv-xxxvii,
648 4762 674 4799 ct
685 4765 767 4809 capx
786 4764 800 4795 n
818 4766 838 4797 ι.
