<?xml version="1.0" encoding="UTF-8"?>
<!DOCTYPE html PUBLIC "-//W3C//DTD XHTML 1.0 Transitional//EN"
    "http://www.w3.org/TR/xhtml1/DTD/xhtml1-transitional.dtd">
<html xmlns="http://www.w3.org/1999/xhtml" xml:lang="en" lang="en">
 <head>
  <title>
</title>
<meta http-equiv="Content-Type" content="text/html;charset=utf-8" />
  <meta name='ocr-system' content='tesseract 3.04.00' />
  <meta name='ocr-capabilities' content='ocr_page ocr_carea ocr_par ocr_line ocrx_word'/>
</head>
<body>
  <div class='ocr_page' id='page_1' title='image "./vitaignatiiloio01polagoog_0586.png"; bbox 0 0 3717 5400; ppageno 0'>
   <div class='ocr_carea' id='block_1_1' title="bbox 345 507 1121 582">
    <p class='ocr_par' dir='ltr' id='par_1_1' title="bbox 345 507 1121 582">
     <span class='ocr_line' id='line_1_1' title="bbox 345 507 1121 582; baseline 0.001 -18"><span class='ocrx_word' id='word_1_1' title='bbox 345 507 400 565; x_wconf 83' lang='lat'>580</span> <span class='ocrx_word' id='word_1_2' title='bbox 806 508 934 569; x_wconf 71' lang='lat' dir='ltr'>cirron.</span> <span class='ocrx_word' id='word_1_3' title='bbox 954 507 1031 568; x_wconf 88' lang='lat' dir='ltr'><strong>Soc.</strong></span> <span class='ocrx_word' id='word_1_4' title='bbox 1050 508 1121 582; x_wconf 82' lang='lat' dir='ltr'>Jns.</span> 
     </span>
    </p>
   </div>
   <div class='ocr_carea' id='block_1_2' title="bbox 307 652 1578 4157">
    <p class='ocr_par' dir='ltr' id='par_1_2' title="bbox 340 652 1578 1361">
     <span class='ocr_line' id='line_1_2' title="bbox 345 652 1578 735; baseline 0.002 -20"><span class='ocrx_word' id='word_1_5' title='bbox 345 652 546 717; x_wconf 84' lang='lat' dir='ltr'>absolutum</span> <span class='ocrx_word' id='word_1_6' title='bbox 565 662 677 733; x_wconf 88' lang='lat' dir='ltr'>esset;</span> <span class='ocrx_word' id='word_1_7' title='bbox 698 670 781 717; x_wconf 90' lang='lat' dir='ltr'>nam</span> <span class='ocrx_word' id='word_1_8' title='bbox 803 652 947 733; x_wconf 78' lang='lat' dir='ltr'>opifices</span> <span class='ocrx_word' id='word_1_9' title='bbox 970 663 1110 734; x_wconf 89' lang='lat' dir='ltr'>partem</span> <span class='ocrx_word' id='word_1_10' title='bbox 1128 653 1254 718; x_wconf 91' lang='lat' dir='ltr'>domus</span> <span class='ocrx_word' id='word_1_11' title='bbox 1278 654 1516 735; x_wconf 85' lang='lat' dir='ltr'>occupabant,</span> <span class='ocrx_word' id='word_1_12' title='bbox 1542 663 1578 718; x_wconf 93' lang='lat' dir='ltr'>et</span> 
     </span>
     <span class='ocr_line' id='line_1_3' title="bbox 345 760 1574 843; baseline 0.001 -20"><span class='ocrx_word' id='word_1_13' title='bbox 345 762 480 825; x_wconf 84' lang='lat' dir='ltr'>classes</span> <span class='ocrx_word' id='word_1_14' title='bbox 501 770 606 841; x_wconf 89' lang='lat' dir='ltr'>atque</span> <span class='ocrx_word' id='word_1_15' title='bbox 627 760 743 840; x_wconf 90' lang='lat' dir='ltr'>ipsum</span> <span class='ocrx_word' id='word_1_16' title='bbox 765 762 934 841; x_wconf 91' lang='lat' dir='ltr'>templum</span> <span class='ocrx_word' id='word_1_17' title='bbox 954 760 1162 840; x_wconf 84' lang='lat' dir='ltr'>imperfecta</span> <span class='ocrx_word' id='word_1_18' title='bbox 1183 761 1299 825; x_wconf 89' lang='lat' dir='ltr'>adhue</span> <span class='ocrx_word' id='word_1_19' title='bbox 1319 772 1437 841; x_wconf 89' lang='lat' dir='ltr'>erant;</span> <span class='ocrx_word' id='word_1_20' title='bbox 1454 779 1574 843; x_wconf 88' lang='lat' dir='ltr'>quam·</span> 
     </span>
     <span class='ocr_line' id='line_1_4' title="bbox 344 867 1573 949; baseline -0.002 -18"><span class='ocrx_word' id='word_1_21' title='bbox 344 869 400 931; x_wconf 91' lang='lat' dir='ltr'>vis</span> <span class='ocrx_word' id='word_1_22' title='bbox 414 885 485 931; x_wconf 91' lang='lat' dir='ltr'>non</span> <span class='ocrx_word' id='word_1_23' title='bbox 500 868 621 931; x_wconf 89' lang='lat' dir='ltr'>deerat</span> <span class='ocrx_word' id='word_1_24' title='bbox 641 868 740 931; x_wconf 91' lang='lat' dir='ltr'>locus</span> <span class='ocrx_word' id='word_1_25' title='bbox 756 867 814 931; x_wconf 91' lang='lat' dir='ltr'>ubi</span> <span class='ocrx_word' id='word_1_26' title='bbox 833 876 1084 949; x_wconf 83' lang='lat' dir='ltr'>praeceptores</span> <span class='ocrx_word' id='word_1_27' title='bbox 1105 886 1209 932; x_wconf 92' lang='lat' dir='ltr'>suum</span> <span class='ocrx_word' id='word_1_28' title='bbox 1230 868 1383 932; x_wconf 84' lang='lat' dir='ltr'>officium</span> <span class='ocrx_word' id='word_1_29' title='bbox 1403 868 1573 933; x_wconf 84' lang='lat' dir='ltr'>facerent.</span> 
     </span>
     <span class='ocr_line' id='line_1_5' title="bbox 342 975 1573 1058; baseline -0.001 -18"><span class='ocrx_word' id='word_1_30' title='bbox 342 976 465 1056; x_wconf 91' lang='lat' dir='ltr'>Itaque</span> <span class='ocrx_word' id='word_1_31' title='bbox 480 984 559 1055; x_wconf 91' lang='lat' dir='ltr'>post</span> <span class='ocrx_word' id='word_1_32' title='bbox 574 975 809 1057; x_wconf 84' lang='lat' dir='ltr'>Epiphaniam</span> <span class='ocrx_word' id='word_1_33' title='bbox 821 977 935 1056; x_wconf 91' lang='lat' dir='ltr'>primo</span> <span class='ocrx_word' id='word_1_34' title='bbox 947 976 1003 1039; x_wconf 92' lang='lat' dir='ltr'>die</span> <span class='ocrx_word' id='word_1_35' title='bbox 1015 976 1051 1038; x_wconf 94' lang='lat' dir='ltr'>in</span> <span class='ocrx_word' id='word_1_36' title='bbox 1063 977 1167 1040; x_wconf 87' lang='lat' dir='ltr'>novis</span> <span class='ocrx_word' id='word_1_37' title='bbox 1180 976 1312 1039; x_wconf 91' lang='lat' dir='ltr'>scholis</span> <span class='ocrx_word' id='word_1_38' title='bbox 1331 976 1418 1039; x_wconf 87' lang='lat' dir='ltr'>novi</span> <span class='ocrx_word' id='word_1_39' title='bbox 1432 978 1573 1058; x_wconf 86' lang='lat' dir='ltr'>collegii</span> 
     </span>
     <span class='ocr_line' id='line_1_6' title="bbox 340 1069 1573 1164; baseline 0.002 -19"><span class='ocrx_word' id='word_1_40' title='bbox 340 1083 512 1147; x_wconf 89' lang='lat' dir='ltr'>lectiones</span> <span class='ocrx_word' id='word_1_41' title='bbox 532 1091 680 1163; x_wconf 87' lang='lat' dir='ltr'>coeptae</span> <span class='ocrx_word' id='word_1_42' title='bbox 699 1069 800 1146; x_wconf 85' lang='lat' dir='ltr'>sunt:</span> <span class='ocrx_word' id='word_1_43' title='bbox 824 1082 1116 1154; x_wconf 84' lang='lat' dir='ltr'>doctrinaetiam</span> <span class='ocrx_word' id='word_1_44' title='bbox 1141 1084 1335 1147; x_wconf 87' lang='lat' dir='ltr'>christiana</span> <span class='ocrx_word' id='word_1_45' title='bbox 1360 1083 1515 1164; x_wconf 88' lang='lat' dir='ltr'>quadam</span> <span class='ocrx_word' id='word_1_46' title='bbox 1536 1085 1573 1148; x_wconf 89' lang='lat' dir='ltr'>in</span> 
     </span>
     <span class='ocr_line' id='line_1_7' title="bbox 341 1189 1573 1271; baseline 0 -18"><span class='ocrx_word' id='word_1_47' title='bbox 341 1190 456 1253; x_wconf 88' lang='lat' dir='ltr'>classe</span> <span class='ocrx_word' id='word_1_48' title='bbox 477 1189 582 1254; x_wconf 86' lang='lat' dir='ltr'>valde</span> <span class='ocrx_word' id='word_1_49' title='bbox 607 1207 738 1270; x_wconf 84' lang='lat' dir='ltr'>magna</span> <span class='ocrx_word' id='word_1_50' title='bbox 765 1191 938 1271; x_wconf 88' lang='lat' dir='ltr'>explicari</span> <span class='ocrx_word' id='word_1_51' title='bbox 962 1190 1088 1270; x_wconf 85' lang='lat' dir='ltr'>coepit,</span> <span class='ocrx_word' id='word_1_52' title='bbox 1117 1192 1213 1271; x_wconf 89' lang='lat' dir='ltr'>quod</span> <span class='ocrx_word' id='word_1_53' title='bbox 1239 1190 1396 1255; x_wconf 91' lang='lat' dir='ltr'>nondum</span> <span class='ocrx_word' id='word_1_54' title='bbox 1420 1191 1573 1255; x_wconf 83' lang='lat' dir='ltr'>ecclesia</span> 
     </span>
     <span class='ocr_line' id='line_1_8' title="bbox 341 1283 652 1361; baseline -0.006 -1"><span class='ocrx_word' id='word_1_55' title='bbox 341 1307 435 1361; x_wconf 90' lang='lat' dir='ltr'>esset</span> <span class='ocrx_word' id='word_1_56' title='bbox 450 1283 613 1360; x_wconf 77' lang='lat' dir='ltr'>a&#39;bsoluta</span> <span class='ocrx_word' id='word_1_57' title='bbox 631 1296 652 1357; x_wconf 85' lang='lat'>¹.</span> 
     </span>
    </p>

    <p class='ocr_par' dir='ltr' id='par_1_3' title="bbox 341 1402 1576 1807">
     <span class='ocr_line' id='line_1_9' title="bbox 404 1402 1576 1485; baseline 0.003 -20"><span class='ocrx_word' id='word_1_58' title='bbox 404 1402 491 1467; x_wconf 76' lang='lat'>1596.</span> <span class='ocrx_word' id='word_1_59' title='bbox 535 1404 622 1467; x_wconf 83' lang='lat' dir='ltr'>Erat</span> <span class='ocrx_word' id='word_1_60' title='bbox 643 1422 694 1483; x_wconf 41' lang='lat' dir='ltr'>eo,</span> <span class='ocrx_word' id='word_1_61' title='bbox 707 1414 864 1484; x_wconf 89' lang='lat' dir='ltr'>tempore</span> <span class='ocrx_word' id='word_1_62' title='bbox 890 1402 928 1467; x_wconf 92' lang='lat' dir='ltr'>P.</span> <span class='ocrx_word' id='word_1_63' title='bbox 951 1402 1077 1483; x_wconf 90' lang='lat' dir='ltr'>Miron,</span> <span class='ocrx_word' id='word_1_64' title='bbox 1099 1403 1345 1484; x_wconf 85' lang='lat' dir='ltr'>Provinciatis,</span> <span class='ocrx_word' id='word_1_65' title='bbox 1366 1404 1519 1485; x_wconf 87' lang='lat' dir='ltr'>Eborae,</span> <span class='ocrx_word' id='word_1_66' title='bbox 1539 1420 1576 1468; x_wconf 88' lang='lat' dir='ltr'>et</span> 
     </span>
     <span class='ocr_line' id='line_1_10' title="bbox 341 1508 1573 1591; baseline 0.002 -18"><span class='ocrx_word' id='word_1_67' title='bbox 341 1528 423 1573; x_wconf 93' lang='lat' dir='ltr'>cum</span> <span class='ocrx_word' id='word_1_68' title='bbox 438 1510 539 1573; x_wconf 90' lang='lat' dir='ltr'>initio</span> <span class='ocrx_word' id='word_1_69' title='bbox 555 1508 660 1591; x_wconf 91' lang='lat' dir='ltr'>hujus</span> <span class='ocrx_word' id='word_1_70' title='bbox 675 1512 758 1573; x_wconf 90' lang='lat' dir='ltr'>anni</span> <span class='ocrx_word' id='word_1_71' title='bbox 773 1510 1025 1591; x_wconf 87' lang='lat' dir='ltr'>Ulyssiponarn</span> <span class='ocrx_word' id='word_1_72' title='bbox 1040 1511 1199 1589; x_wconf 89' lang='lat' dir='ltr'>recessit,</span> <span class='ocrx_word' id='word_1_73' title='bbox 1213 1509 1288 1591; x_wconf 86' lang='lat' dir='ltr'>jam</span> <span class='ocrx_word' id='word_1_74' title='bbox 1299 1520 1443 1575; x_wconf 90' lang='lat' dir='ltr'>nostros</span> <span class='ocrx_word' id='word_1_75' title='bbox 1457 1512 1493 1574; x_wconf 89' lang='lat' dir='ltr'>in</span> <span class='ocrx_word' id='word_1_76' title='bbox 1508 1529 1573 1575; x_wconf 90' lang='lat' dir='ltr'>suo</span> 
     </span>
     <span class='ocr_line' id='line_1_11' title="bbox 341 1616 1574 1698; baseline 0.002 -19"><span class='ocrx_word' id='word_1_77' title='bbox 341 1634 435 1681; x_wconf 92' lang='lat' dir='ltr'>novo</span> <span class='ocrx_word' id='word_1_78' title='bbox 456 1617 607 1695; x_wconf 84' lang='lat' dir='ltr'>collegio</span> <span class='ocrx_word' id='word_1_79' title='bbox 626 1616 778 1696; x_wconf 85' lang='lat' dir='ltr'>reliquit.</span> <span class='ocrx_word' id='word_1_80' title='bbox 802 1616 996 1697; x_wconf 85' lang='lat' dir='ltr'>Expectari</span> <span class='ocrx_word' id='word_1_81' title='bbox 1019 1617 1161 1698; x_wconf 91' lang='lat' dir='ltr'>quidem</span> <span class='ocrx_word' id='word_1_82' title='bbox 1186 1627 1325 1698; x_wconf 90' lang='lat' dir='ltr'>poterat</span> <span class='ocrx_word' id='word_1_83' title='bbox 1343 1618 1457 1682; x_wconf 91' lang='lat' dir='ltr'>donec</span> <span class='ocrx_word' id='word_1_84' title='bbox 1480 1620 1574 1683; x_wconf 88' lang='lat' dir='ltr'>aedi·</span> 
     </span>
     <span class='ocr_line' id='line_1_12' title="bbox 341 1722 1573 1807; baseline 0.003 -21"><span class='ocrx_word' id='word_1_85' title='bbox 341 1722 459 1787; x_wconf 88' lang='lat' dir='ltr'>ficium</span> <span class='ocrx_word' id='word_1_86' title='bbox 485 1724 742 1803; x_wconf 86' lang='lat' dir='ltr'>absolveretur;</span> <span class='ocrx_word' id='word_1_87' title='bbox 770 1723 831 1786; x_wconf 90' lang='lat' dir='ltr'>sed</span> <span class='ocrx_word' id='word_1_88' title='bbox 861 1725 944 1805; x_wconf 87' lang='lat' dir='ltr'>quia</span> <span class='ocrx_word' id='word_1_89' title='bbox 972 1724 1173 1788; x_wconf 89' lang='lat' dir='ltr'>Cardinalis</span> <span class='ocrx_word' id='word_1_90' title='bbox 1201 1743 1398 1807; x_wconf 90' lang='lat' dir='ltr'>propensus</span> <span class='ocrx_word' id='word_1_91' title='bbox 1424 1737 1500 1790; x_wconf 86' lang='lat' dir='ltr'>erat</span> <span class='ocrx_word' id='word_1_92' title='bbox 1527 1728 1573 1790; x_wconf 87' lang='lat' dir='ltr'>ad</span> 
     </span>
    </p>

    <p class='ocr_par' dir='ltr' id='par_1_4' title="bbox 320 1830 1572 1911">
     <span class='ocr_line' id='line_1_13' title="bbox 320 1830 1572 1911; baseline 0.002 -17"><span class='ocrx_word' id='word_1_93' title='bbox 320 1832 431 1894; x_wconf 66' lang='lat' dir='ltr'>⁴hanc</span> <span class='ocrx_word' id='word_1_94' title='bbox 446 1830 695 1911; x_wconf 85' lang='lat' dir='ltr'>migrationem</span> <span class='ocrx_word' id='word_1_95' title='bbox 710 1831 893 1910; x_wconf 88' lang='lat' dir='ltr'>praedicto</span> <span class='ocrx_word' id='word_1_96' title='bbox 910 1842 1080 1911; x_wconf 91' lang='lat' dir='ltr'>tempore,</span> <span class='ocrx_word' id='word_1_97' title='bbox 1097 1832 1129 1895; x_wconf 91' lang='lat' dir='ltr'>ei</span> <span class='ocrx_word' id='word_1_98' title='bbox 1145 1832 1368 1896; x_wconf 87' lang='lat' dir='ltr'>satisfactum</span> <span class='ocrx_word' id='word_1_99' title='bbox 1382 1843 1447 1896; x_wconf 91' lang='lat' dir='ltr'>est.</span> <span class='ocrx_word' id='word_1_100' title='bbox 1475 1832 1572 1898; x_wconf 90' lang='lat' dir='ltr'>Situs</span> 
     </span>
    </p>

    <p class='ocr_par' dir='ltr' id='par_1_5' title="bbox 307 1937 1572 2768">
     <span class='ocr_line' id='line_1_14' title="bbox 339 1937 1572 2021; baseline 0.003 -21"><span class='ocrx_word' id='word_1_101' title='bbox 339 1938 480 2019; x_wconf 91' lang='lat' dir='ltr'>quidem</span> <span class='ocrx_word' id='word_1_102' title='bbox 495 1937 648 2001; x_wconf 87' lang='lat' dir='ltr'>salubris</span> <span class='ocrx_word' id='word_1_103' title='bbox 663 1938 780 2018; x_wconf 83' lang='lat' dir='ltr'>magis</span> <span class='ocrx_word' id='word_1_104' title='bbox 796 1950 883 2016; x_wconf 87' lang='lat' dir='ltr'>erat,</span> <span class='ocrx_word' id='word_1_105' title='bbox 905 1946 941 2001; x_wconf 92' lang='lat' dir='ltr'>et</span> <span class='ocrx_word' id='word_1_106' title='bbox 962 1939 1149 2007; x_wconf 88' lang='lat' dir='ltr'>commoda</span> <span class='ocrx_word' id='word_1_107' title='bbox 1171 1940 1260 2001; x_wconf 86' lang='lat' dir='ltr'>satis</span> <span class='ocrx_word' id='word_1_108' title='bbox 1281 1940 1455 2019; x_wconf 87' lang='lat' dir='ltr'>cubicula,</span> <span class='ocrx_word' id='word_1_109' title='bbox 1480 1959 1572 2021; x_wconf 88' lang='lat' dir='ltr'>quae</span> 
     </span>
     <span class='ocr_line' id='line_1_15' title="bbox 338 2044 1570 2126; baseline 0.004 -18"><span class='ocrx_word' id='word_1_110' title='bbox 338 2046 502 2109; x_wconf 72' lang='lat' dir='ltr'>sub&#39;anni</span> <span class='ocrx_word' id='word_1_111' title='bbox 518 2044 621 2124; x_wconf 91' lang='lat' dir='ltr'>hujus</span> <span class='ocrx_word' id='word_1_112' title='bbox 636 2044 774 2108; x_wconf 89' lang='lat' dir='ltr'>initium</span> <span class='ocrx_word' id='word_1_113' title='bbox 790 2045 917 2123; x_wconf 79' lang='lat' dir='ltr'>viginti</span> <span class='ocrx_word' id='word_1_114' title='bbox 932 2046 1087 2126; x_wconf 89' lang='lat' dir='ltr'>quinque</span> <span class='ocrx_word' id='word_1_115' title='bbox 1099 2061 1145 2109; x_wconf 84' lang='lat' dir='ltr'>ex</span> <span class='ocrx_word' id='word_1_116' title='bbox 1159 2047 1292 2109; x_wconf 90' lang='lat' dir='ltr'>nostris</span> <span class='ocrx_word' id='word_1_117' title='bbox 1313 2047 1475 2111; x_wconf 87' lang='lat' dir='ltr'>habitare</span> <span class='ocrx_word' id='word_1_118' title='bbox 1491 2066 1570 2114; x_wconf 90' lang='lat' dir='ltr'>coe·</span> 
     </span>
     <span class='ocr_line' id='line_1_16' title="bbox 307 2152 1570 2233; baseline 0.003 -18"><span class='ocrx_word' id='word_1_119' title='bbox 307 2194 313 2205; x_wconf 84' lang='lat'>·</span> <span class='ocrx_word' id='word_1_120' title='bbox 339 2162 479 2233; x_wconf 91' lang='lat' dir='ltr'>perunt,</span> <span class='ocrx_word' id='word_1_121' title='bbox 496 2154 577 2215; x_wconf 91' lang='lat' dir='ltr'>licet</span> <span class='ocrx_word' id='word_1_122' title='bbox 592 2152 720 2231; x_wconf 85' lang='lat' dir='ltr'>viginti</span> <span class='ocrx_word' id='word_1_123' title='bbox 734 2162 872 2215; x_wconf 88' lang='lat' dir='ltr'>tantum</span> <span class='ocrx_word' id='word_1_124' title='bbox 893 2153 1056 2215; x_wconf 90' lang='lat' dir='ltr'>cubicula</span> <span class='ocrx_word' id='word_1_125' title='bbox 1077 2163 1197 2216; x_wconf 91' lang='lat' dir='ltr'>essent</span> <span class='ocrx_word' id='word_1_126' title='bbox 1218 2152 1392 2232; x_wconf 86' lang='lat' dir='ltr'>confecta;</span> <span class='ocrx_word' id='word_1_127' title='bbox 1415 2166 1449 2218; x_wconf 93' lang='lat' dir='ltr'>et</span> <span class='ocrx_word' id='word_1_128' title='bbox 1465 2156 1570 2220; x_wconf 84' lang='lat' dir='ltr'>facile</span> 
     </span>
     <span class='ocr_line' id='line_1_17' title="bbox 340 2258 1571 2338; baseline 0.002 -15"><span class='ocrx_word' id='word_1_129' title='bbox 340 2260 513 2323; x_wconf 86' lang='lat' dir='ltr'>intellexit</span> <span class='ocrx_word' id='word_1_130' title='bbox 532 2258 745 2337; x_wconf 90' lang='lat' dir='ltr'>Cardinalis,</span> <span class='ocrx_word' id='word_1_131' title='bbox 767 2268 909 2323; x_wconf 84' lang='lat' dir='ltr'>nostros</span> <span class='ocrx_word' id='word_1_132' title='bbox 931 2269 1029 2322; x_wconf 90' lang='lat' dir='ltr'>arcte</span> <span class='ocrx_word' id='word_1_133' title='bbox 1049 2259 1228 2338; x_wconf 87' lang='lat' dir='ltr'>habitare;</span> <span class='ocrx_word' id='word_1_134' title='bbox 1250 2269 1283 2323; x_wconf 92' lang='lat' dir='ltr'>et</span> <span class='ocrx_word' id='word_1_135' title='bbox 1305 2262 1353 2324; x_wconf 90' lang='lat' dir='ltr'>ita</span> <span class='ocrx_word' id='word_1_136' title='bbox 1375 2262 1444 2325; x_wconf 89' lang='lat' dir='ltr'>alia</span> <span class='ocrx_word' id='word_1_137' title='bbox 1460 2264 1571 2327; x_wconf 91' lang='lat' dir='ltr'>multa</span> 
     </span>
     <span class='ocr_line' id='line_1_18' title="bbox 338 2366 1572 2447; baseline 0.003 -18"><span class='ocrx_word' id='word_1_138' title='bbox 338 2366 528 2431; x_wconf 89' lang='lat' dir='ltr'>aedificare</span> <span class='ocrx_word' id='word_1_139' title='bbox 549 2366 712 2430; x_wconf 91' lang='lat' dir='ltr'>cubicula</span> <span class='ocrx_word' id='word_1_140' title='bbox 738 2366 938 2443; x_wconf 88' lang='lat' dir='ltr'>constituit;</span> <span class='ocrx_word' id='word_1_141' title='bbox 964 2366 1129 2447; x_wconf 88' lang='lat' dir='ltr'>quamvis</span> <span class='ocrx_word' id='word_1_142' title='bbox 1156 2368 1191 2429; x_wconf 92' lang='lat' dir='ltr'>in</span> <span class='ocrx_word' id='word_1_143' title='bbox 1218 2384 1319 2431; x_wconf 91' lang='lat' dir='ltr'>usum</span> <span class='ocrx_word' id='word_1_144' title='bbox 1345 2370 1572 2433; x_wconf 89' lang='lat' dir='ltr'>sacerdotum</span> 
     </span>
     <span class='ocr_line' id='line_1_19' title="bbox 338 2472 1570 2555; baseline 0.002 -18"><span class='ocrx_word' id='word_1_145' title='bbox 338 2475 605 2555; x_wconf 87' lang='lat' dir='ltr'>praedictorum</span> <span class='ocrx_word' id='word_1_146' title='bbox 626 2472 637 2504; x_wconf 83' lang='lat'><strong>¹</strong></span> <span class='ocrx_word' id='word_1_147' title='bbox 657 2492 699 2537; x_wconf 90' lang='lat' dir='ltr'>ea</span> <span class='ocrx_word' id='word_1_148' title='bbox 722 2473 976 2553; x_wconf 90' lang='lat' dir='ltr'>destinaverat,</span> <span class='ocrx_word' id='word_1_149' title='bbox 997 2473 1060 2535; x_wconf 91' lang='lat' dir='ltr'>sed</span> <span class='ocrx_word' id='word_1_150' title='bbox 1085 2474 1296 2537; x_wconf 88' lang='lat' dir='ltr'>sententiam</span> <span class='ocrx_word' id='word_1_151' title='bbox 1318 2476 1468 2538; x_wconf 89' lang='lat' dir='ltr'>mutavit</span> <span class='ocrx_word' id='word_1_152' title='bbox 1490 2494 1570 2540; x_wconf 88' lang='lat' dir='ltr'>cum</span> 
     </span>
     <span class='ocr_line' id='line_1_20' title="bbox 338 2572 1570 2663; baseline 0 -18"><span class='ocrx_word' id='word_1_153' title='bbox 338 2582 479 2661; x_wconf 79' lang='lat' dir='ltr'>collegii</span> <span class='ocrx_word' id='word_1_154' title='bbox 503 2590 731 2663; x_wconf 85' lang='lat' dir='ltr'>augmentum</span> <span class='ocrx_word' id='word_1_155' title='bbox 753 2580 858 2661; x_wconf 91' lang='lat' dir='ltr'>(quod</span> <span class='ocrx_word' id='word_1_156' title='bbox 882 2590 917 2643; x_wconf 93' lang='lat' dir='ltr'>et</span> <span class='ocrx_word' id='word_1_157' title='bbox 937 2581 1013 2661; x_wconf 88' lang='lat' dir='ltr'>ipse</span> <span class='ocrx_word' id='word_1_158' title='bbox 1033 2597 1105 2643; x_wconf 92' lang='lat' dir='ltr'>non</span> <span class='ocrx_word' id='word_1_159' title='bbox 1120 2572 1347 2645; x_wconf 85' lang='lat' dir='ltr'>mediocriter</span> <span class='ocrx_word' id='word_1_160' title='bbox 1362 2583 1518 2663; x_wconf 89' lang='lat' dir='ltr'>optabat)</span> <span class='ocrx_word' id='word_1_161' title='bbox 1535 2585 1570 2648; x_wconf 89' lang='lat' dir='ltr'>id</span> 
     </span>
     <span class='ocr_line' id='line_1_21' title="bbox 338 2690 510 2768; baseline -0.006 -15"><span class='ocrx_word' id='word_1_162' title='bbox 338 2690 510 2768; x_wconf 82' lang='lat' dir='ltr'>exigeret.</span> 
     </span>
    </p>

    <p class='ocr_par' dir='ltr' id='par_1_6' title="bbox 335 2795 1571 4157">
     <span class='ocr_line' id='line_1_22' title="bbox 400 2795 1571 2877; baseline 0.002 -17"><span class='ocrx_word' id='word_1_163' title='bbox 400 2797 489 2860; x_wconf 85' lang='lat'>1597.</span> <span class='ocrx_word' id='word_1_164' title='bbox 535 2796 637 2875; x_wconf 87' lang='lat' dir='ltr'>Quod</span> <span class='ocrx_word' id='word_1_165' title='bbox 653 2798 777 2859; x_wconf 86' lang='lat' dir='ltr'>attinet</span> <span class='ocrx_word' id='word_1_166' title='bbox 793 2797 839 2860; x_wconf 91' lang='lat' dir='ltr'>ad</span> <span class='ocrx_word' id='word_1_167' title='bbox 854 2795 1100 2877; x_wconf 84' lang='lat' dir='ltr'>philosophiae</span> <span class='ocrx_word' id='word_1_168' title='bbox 1123 2797 1339 2861; x_wconf 89' lang='lat' dir='ltr'>curriculum</span> <span class='ocrx_word' id='word_1_169' title='bbox 1359 2797 1499 2862; x_wconf 84' lang='lat' dir='ltr'>Eborac</span> <span class='ocrx_word' id='word_1_170' title='bbox 1519 2800 1571 2862; x_wconf 92' lang='lat' dir='ltr'>in-</span> 
     </span>
     <span class='ocr_line' id='line_1_23' title="bbox 337 2902 1571 2985; baseline 0.002 -18"><span class='ocrx_word' id='word_1_171' title='bbox 337 2904 564 2982; x_wconf 90' lang='lat' dir='ltr'>stituendum,</span> <span class='ocrx_word' id='word_1_172' title='bbox 582 2904 699 2984; x_wconf 89' lang='lat' dir='ltr'>aliqua</span> <span class='ocrx_word' id='word_1_173' title='bbox 720 2905 913 2984; x_wconf 88' lang='lat' dir='ltr'>scripserat</span> <span class='ocrx_word' id='word_1_174' title='bbox 928 2903 965 2966; x_wconf 92' lang='lat' dir='ltr'>P.</span> <span class='ocrx_word' id='word_1_175' title='bbox 989 2904 1149 2984; x_wconf 85' lang='lat' dir='ltr'>ignatius</span> <span class='ocrx_word' id='word_1_176' title='bbox 1163 2902 1187 2983; x_wconf 81' lang='lat'>⁸,</span> <span class='ocrx_word' id='word_1_177' title='bbox 1207 2922 1298 2985; x_wconf 91' lang='lat' dir='ltr'>quae</span> <span class='ocrx_word' id='word_1_178' title='bbox 1319 2922 1398 2968; x_wconf 91' lang='lat' dir='ltr'>cum</span> <span class='ocrx_word' id='word_1_179' title='bbox 1414 2905 1571 2970; x_wconf 91' lang='lat' dir='ltr'>audisset</span> 
     </span>
     <span class='ocr_line' id='line_1_24' title="bbox 338 3011 1569 3092; baseline 0.001 -17"><span class='ocrx_word' id='word_1_180' title='bbox 338 3011 539 3076; x_wconf 87' lang='lat' dir='ltr'>Cardinalis</span> <span class='ocrx_word' id='word_1_181' title='bbox 557 3011 735 3092; x_wconf 86' lang='lat' dir='ltr'>probavit,</span> <span class='ocrx_word' id='word_1_182' title='bbox 757 3019 791 3072; x_wconf 91' lang='lat' dir='ltr'>et</span> <span class='ocrx_word' id='word_1_183' title='bbox 816 3011 978 3090; x_wconf 89' lang='lat' dir='ltr'>sequenti</span> <span class='ocrx_word' id='word_1_184' title='bbox 1004 3029 1098 3073; x_wconf 92' lang='lat' dir='ltr'>anno</span> <span class='ocrx_word' id='word_1_185' title='bbox 1125 3012 1210 3074; x_wconf 92' lang='lat' dir='ltr'>illud</span> <span class='ocrx_word' id='word_1_186' title='bbox 1230 3011 1393 3075; x_wconf 91' lang='lat' dir='ltr'>inchoari</span> <span class='ocrx_word' id='word_1_187' title='bbox 1414 3014 1569 3089; x_wconf 85' lang='lat' dir='ltr'>volebat;</span> 
     </span>
     <span class='ocr_line' id='line_1_25' title="bbox 337 3117 1570 3198; baseline 0.001 -16"><span class='ocrx_word' id='word_1_188' title='bbox 337 3127 372 3182; x_wconf 91' lang='lat' dir='ltr'>et</span> <span class='ocrx_word' id='word_1_189' title='bbox 393 3135 457 3182; x_wconf 91' lang='lat' dir='ltr'>suo</span> <span class='ocrx_word' id='word_1_190' title='bbox 479 3133 637 3198; x_wconf 88' lang='lat' dir='ltr'>tempore</span> <span class='ocrx_word' id='word_1_191' title='bbox 652 3118 854 3196; x_wconf 85' lang='lat' dir='ltr'>theologica</span> <span class='ocrx_word' id='word_1_192' title='bbox 875 3119 983 3180; x_wconf 90' lang='lat' dir='ltr'>etiam</span> <span class='ocrx_word' id='word_1_193' title='bbox 1004 3117 1121 3181; x_wconf 90' lang='lat' dir='ltr'>studia</span> <span class='ocrx_word' id='word_1_194' title='bbox 1141 3117 1356 3182; x_wconf 90' lang='lat' dir='ltr'>instituenda</span> <span class='ocrx_word' id='word_1_195' title='bbox 1379 3119 1570 3183; x_wconf 89' lang='lat' dir='ltr'>meditaba-</span> 
     </span>
     <span class='ocr_line' id='line_1_26' title="bbox 338 3223 1570 3303; baseline 0 -14"><span class='ocrx_word' id='word_1_196' title='bbox 338 3235 406 3289; x_wconf 91' lang='lat' dir='ltr'>tur.</span> <span class='ocrx_word' id='word_1_197' title='bbox 437 3225 527 3289; x_wconf 92' lang='lat' dir='ltr'>Cum</span> <span class='ocrx_word' id='word_1_198' title='bbox 554 3235 673 3288; x_wconf 86' lang='lat' dir='ltr'>autem</span> <span class='ocrx_word' id='word_1_199' title='bbox 701 3243 746 3288; x_wconf 84' lang='lat' dir='ltr'>ex</span> <span class='ocrx_word' id='word_1_200' title='bbox 775 3223 881 3287; x_wconf 87' lang='lat' dir='ltr'>Patre</span> <span class='ocrx_word' id='word_1_201' title='bbox 909 3223 1046 3288; x_wconf 89' lang='lat' dir='ltr'>Mirone</span> <span class='ocrx_word' id='word_1_202' title='bbox 1076 3224 1290 3303; x_wconf 82' lang='lat' dir='ltr'>intelligeret</span> <span class='ocrx_word' id='word_1_203' title='bbox 1319 3225 1412 3288; x_wconf 89' lang='lat' dir='ltr'>mille</span> <span class='ocrx_word' id='word_1_204' title='bbox 1441 3243 1570 3289; x_wconf 90' lang='lat' dir='ltr'>aureos</span> 
     </span>
     <span class='ocr_line' id='line_1_27' title="bbox 337 3331 1570 3411; baseline 0.001 -15"><span class='ocrx_word' id='word_1_205' title='bbox 337 3333 445 3396; x_wconf 88' lang='lat' dir='ltr'>annui</span> <span class='ocrx_word' id='word_1_206' title='bbox 461 3333 607 3410; x_wconf 86' lang='lat' dir='ltr'>reditus,</span> <span class='ocrx_word' id='word_1_207' title='bbox 628 3348 718 3410; x_wconf 90' lang='lat' dir='ltr'>quos</span> <span class='ocrx_word' id='word_1_208' title='bbox 739 3331 996 3411; x_wconf 86' lang='lat' dir='ltr'>applicaverat,</span> <span class='ocrx_word' id='word_1_209' title='bbox 1020 3349 1089 3394; x_wconf 91' lang='lat' dir='ltr'>non</span> <span class='ocrx_word' id='word_1_210' title='bbox 1107 3331 1153 3395; x_wconf 90' lang='lat' dir='ltr'>ad</span> <span class='ocrx_word' id='word_1_211' title='bbox 1174 3333 1302 3395; x_wconf 93' lang='lat' dir='ltr'>multos</span> <span class='ocrx_word' id='word_1_212' title='bbox 1318 3333 1464 3396; x_wconf 88' lang='lat' dir='ltr'>alendos</span> <span class='ocrx_word' id='word_1_213' title='bbox 1479 3333 1570 3397; x_wconf 88' lang='lat' dir='ltr'>sulii·</span> 
     </span>
     <span class='ocr_line' id='line_1_28' title="bbox 336 3437 1570 3519; baseline -0.001 -16"><span class='ocrx_word' id='word_1_214' title='bbox 336 3455 430 3516; x_wconf 88' lang='lat' dir='ltr'>cere,</span> <span class='ocrx_word' id='word_1_215' title='bbox 441 3438 663 3519; x_wconf 79' lang='lat' dir='ltr'>,significavit</span> <span class='ocrx_word' id='word_1_216' title='bbox 679 3437 880 3502; x_wconf 88' lang='lat' dir='ltr'>Cardinalis</span> <span class='ocrx_word' id='word_1_217' title='bbox 895 3455 934 3500; x_wconf 91' lang='lat' dir='ltr'>se</span> <span class='ocrx_word' id='word_1_218' title='bbox 949 3438 1039 3500; x_wconf 90' lang='lat' dir='ltr'>alios</span> <span class='ocrx_word' id='word_1_219' title='bbox 1063 3441 1170 3501; x_wconf 86' lang='lat' dir='ltr'>etiam</span> <span class='ocrx_word' id='word_1_220' title='bbox 1185 3438 1321 3501; x_wconf 88' lang='lat' dir='ltr'>reditus</span> <span class='ocrx_word' id='word_1_221' title='bbox 1335 3456 1518 3519; x_wconf 87' lang='lat' dir='ltr'>quaerere,</span> <span class='ocrx_word' id='word_1_222' title='bbox 1535 3451 1570 3502; x_wconf 90' lang='lat' dir='ltr'>et</span> 
     </span>
     <span class='ocr_line' id='line_1_29' title="bbox 336 3546 1569 3627; baseline 0 -17"><span class='ocrx_word' id='word_1_223' title='bbox 336 3547 440 3610; x_wconf 80' lang='lat' dir='ltr'>facile</span> <span class='ocrx_word' id='word_1_224' title='bbox 456 3547 604 3624; x_wconf 81' lang='lat' dir='ltr'>intelligi</span> <span class='ocrx_word' id='word_1_225' title='bbox 618 3546 744 3625; x_wconf 89' lang='lat' dir='ltr'>potuit,</span> <span class='ocrx_word' id='word_1_226' title='bbox 761 3546 844 3608; x_wconf 93' lang='lat' dir='ltr'>licet</span> <span class='ocrx_word' id='word_1_227' title='bbox 859 3547 936 3626; x_wconf 91' lang='lat' dir='ltr'>ipse</span> <span class='ocrx_word' id='word_1_228' title='bbox 950 3561 1023 3606; x_wconf 92' lang='lat' dir='ltr'>non</span> <span class='ocrx_word' id='word_1_229' title='bbox 1039 3546 1234 3624; x_wconf 89' lang='lat' dir='ltr'>explicaret</span> <span class='ocrx_word' id='word_1_230' title='bbox 1249 3547 1403 3623; x_wconf 90' lang='lat' dir='ltr'>omnino,</span> <span class='ocrx_word' id='word_1_231' title='bbox 1426 3547 1520 3627; x_wconf 91' lang='lat' dir='ltr'>quod</span> <span class='ocrx_word' id='word_1_232' title='bbox 1534 3548 1569 3610; x_wconf 90' lang='lat' dir='ltr'>in</span> 
     </span>
     <span class='ocr_line' id='line_1_30' title="bbox 336 3652 1568 3732; baseline 0 -16"><span class='ocrx_word' id='word_1_233' title='bbox 336 3653 455 3717; x_wconf 90' lang='lat' dir='ltr'>animo</span> <span class='ocrx_word' id='word_1_234' title='bbox 471 3652 623 3716; x_wconf 89' lang='lat' dir='ltr'>habebat</span> <span class='ocrx_word' id='word_1_235' title='bbox 645 3653 712 3714; x_wconf 89' lang='lat' dir='ltr'>hoc</span> <span class='ocrx_word' id='word_1_236' title='bbox 732 3669 820 3732; x_wconf 93' lang='lat' dir='ltr'>opus</span> <span class='ocrx_word' id='word_1_237' title='bbox 840 3669 910 3714; x_wconf 92' lang='lat' dir='ltr'>non</span> <span class='ocrx_word' id='word_1_238' title='bbox 936 3652 1162 3714; x_wconf 88' lang='lat' dir='ltr'>mediocriter</span> <span class='ocrx_word' id='word_1_239' title='bbox 1176 3667 1406 3731; x_wconf 88' lang='lat' dir='ltr'>promovere;</span> <span class='ocrx_word' id='word_1_240' title='bbox 1427 3653 1568 3716; x_wconf 87' lang='lat' dir='ltr'>videba-</span> 
     </span>
     <span class='ocr_line' id='line_1_31' title="bbox 336 3757 1568 3839; baseline 0 -17"><span class='ocrx_word' id='word_1_241' title='bbox 336 3771 394 3824; x_wconf 92' lang='lat' dir='ltr'>tur</span> <span class='ocrx_word' id='word_1_242' title='bbox 411 3770 529 3822; x_wconf 87' lang='lat' dir='ltr'>tamen</span> <span class='ocrx_word' id='word_1_243' title='bbox 550 3759 743 3838; x_wconf 88' lang='lat' dir='ltr'>insinuare,</span> <span class='ocrx_word' id='word_1_244' title='bbox 768 3758 861 3839; x_wconf 94' lang='lat' dir='ltr'>quod</span> <span class='ocrx_word' id='word_1_245' title='bbox 882 3758 989 3820; x_wconf 89' lang='lat' dir='ltr'>etiam</span> <span class='ocrx_word' id='word_1_246' title='bbox 1009 3775 1091 3820; x_wconf 90' lang='lat' dir='ltr'>cum</span> <span class='ocrx_word' id='word_1_247' title='bbox 1111 3757 1356 3839; x_wconf 89' lang='lat' dir='ltr'>philosophiae</span> <span class='ocrx_word' id='word_1_248' title='bbox 1372 3775 1498 3824; x_wconf 90' lang='lat' dir='ltr'>cursus</span> <span class='ocrx_word' id='word_1_249' title='bbox 1519 3759 1568 3822; x_wconf 91' lang='lat' dir='ltr'>in·</span> 
     </span>
     <span class='ocr_line' id='line_1_32' title="bbox 335 3866 1568 3945; baseline -0.001 -15"><span class='ocrx_word' id='word_1_250' title='bbox 335 3867 541 3940; x_wconf 84' lang='lat' dir='ltr'>choaretur‚</span> <span class='ocrx_word' id='word_1_251' title='bbox 576 3866 718 3929; x_wconf 87' lang='lat' dir='ltr'>nolebat</span> <span class='ocrx_word' id='word_1_252' title='bbox 751 3872 969 3945; x_wconf 77' lang='lat' dir='ltr'>magnopere</span> <span class='ocrx_word' id='word_1_253' title='bbox 1008 3882 1195 3928; x_wconf 91' lang='lat' dir='ltr'>numerum</span> <span class='ocrx_word' id='word_1_254' title='bbox 1234 3875 1437 3929; x_wconf 89' lang='lat' dir='ltr'>nostrorum</span> <span class='ocrx_word' id='word_1_255' title='bbox 1469 3866 1568 3930; x_wconf 92' lang='lat' dir='ltr'>initio</span> 
     </span>
     <span class='ocr_line' id='line_1_33' title="bbox 336 3971 1569 4054; baseline -0.001 -17"><span class='ocrx_word' id='word_1_256' title='bbox 336 3974 472 4054; x_wconf 84' lang='lat' dir='ltr'>augeri;</span> <span class='ocrx_word' id='word_1_257' title='bbox 489 3982 523 4036; x_wconf 87' lang='lat' dir='ltr'>et</span> <span class='ocrx_word' id='word_1_258' title='bbox 538 3989 726 4036; x_wconf 86' lang='lat' dir='ltr'>successus</span> <span class='ocrx_word' id='word_1_259' title='bbox 741 3973 945 4036; x_wconf 91' lang='lat' dir='ltr'>scholarum</span> <span class='ocrx_word' id='word_1_260' title='bbox 961 3981 996 4033; x_wconf 90' lang='lat' dir='ltr'>et</span> <span class='ocrx_word' id='word_1_261' title='bbox 1012 3972 1162 4034; x_wconf 90' lang='lat' dir='ltr'>aliarum</span> <span class='ocrx_word' id='word_1_262' title='bbox 1176 3971 1396 4036; x_wconf 84' lang='lat' dir='ltr'>functionum</span> <span class='ocrx_word' id='word_1_263' title='bbox 1412 3971 1569 4036; x_wconf 87' lang='lat' dir='ltr'>Societa-</span> 
     </span>
     <span class='ocr_line' id='line_1_34' title="bbox 335 4059 1568 4157; baseline -0.001 -14"><span class='ocrx_word' id='word_1_264' title='bbox 335 4082 381 4143; x_wconf 80' lang='lat' dir='ltr'>trs</span> <span class='ocrx_word' id='word_1_265' title='bbox 396 4081 430 4144; x_wconf 78' lang='lat' dir='ltr'>in</span> <span class='ocrx_word' id='word_1_266' title='bbox 447 4059 620 4142; x_wconf 65' lang='lat' dir='ltr'>eborensi</span> <span class='ocrx_word' id='word_1_267' title='bbox 635 4079 789 4142; x_wconf 77' lang='lat' dir='ltr'>dioecesi</span> <span class='ocrx_word' id='word_1_268' title='bbox 803 4075 815 4108; x_wconf 75' lang='lat'><strong>⁴</strong></span> <span class='ocrx_word' id='word_1_269' title='bbox 829 4095 900 4140; x_wconf 83' lang='lat' dir='ltr'>non</span> <span class='ocrx_word' id='word_1_270' title='bbox 916 4080 1031 4141; x_wconf 81' lang='lat' dir='ltr'>sorum</span> <span class='ocrx_word' id='word_1_271' title='bbox 1046 4078 1178 4157; x_wconf 78' lang='lat' dir='ltr'>gaudio</span> <span class='ocrx_word' id='word_1_272' title='bbox 1200 4078 1425 4142; x_wconf 77' lang='lat' dir='ltr'>cardinalem</span> <span class='ocrx_word' id='word_1_273' title='bbox 1441 4078 1568 4143; x_wconf 79' lang='lat' dir='ltr'>afficie-</span> 
     </span>
    </p>
   </div>
   <div class='ocr_carea' id='block_1_3' title="bbox 376 4317 1574 4374">
    <p class='ocr_par' dir='ltr' id='par_1_7' title="bbox 376 4317 1574 4374">
     <span class='ocr_line' id='line_1_35' title="bbox 376 4317 1574 4374; baseline -0.001 -11"><span class='ocrx_word' id='word_1_274' title='bbox 376 4325 385 4354; x_wconf 76' lang='grc' dir='ltr'>Ι</span> <span class='ocrx_word' id='word_1_275' title='bbox 414 4319 564 4364; x_wconf 84' lang='lat' dir='ltr'>Clausulam</span> <span class='ocrx_word' id='word_1_276' title='bbox 575 4317 670 4373; x_wconf 81' lang='lat' dir='ltr'>Itaque</span> <span class='ocrx_word' id='word_1_277' title='bbox 678 4321 739 4373; x_wconf 83' lang='lat' dir='ltr'>post</span> <span class='ocrx_word' id='word_1_278' title='bbox 751 4317 963 4373; x_wconf 80' lang='lat' dir='ltr'>Epiphaniam...</span> <span class='ocrx_word' id='word_1_279' title='bbox 972 4318 1097 4362; x_wconf 76' lang='lat' dir='ltr'>absoluta</span> <span class='ocrx_word' id='word_1_280' title='bbox 1106 4318 1209 4362; x_wconf 81' lang='lat' dir='ltr'>addidlt</span> <span class='ocrx_word' id='word_1_281' title='bbox 1217 4318 1250 4361; x_wconf 89' lang='lat' dir='ltr'>ad</span> <span class='ocrx_word' id='word_1_282' title='bbox 1258 4328 1332 4362; x_wconf 83' lang='lat' dir='ltr'>orant</span> <span class='ocrx_word' id='word_1_283' title='bbox 1340 4318 1452 4373; x_wconf 72' lang='lat' dir='ltr'>paginae</span> <span class='ocrx_word' id='word_1_284' title='bbox 1461 4319 1515 4374; x_wconf 84' lang='lat' dir='ltr'>ipae</span> <span class='ocrx_word' id='word_1_285' title='bbox 1524 4318 1574 4362; x_wconf 65' lang='lat' dir='ltr'>Po*</span> 
     </span>
    </p>
   </div>
   <div class='ocr_carea' id='block_1_4' title="bbox 333 4393 1570 4733">
    <p class='ocr_par' dir='ltr' id='par_1_8' title="bbox 337 4393 1112 4438">
     <span class='ocr_line' id='line_1_36' title="bbox 337 4393 1112 4438; baseline -0.009 -1"><span class='ocrx_word' id='word_1_286' title='bbox 337 4393 546 4438; x_wconf 65' lang='lat' dir='ltr'>lencilibrariua.</span> <span class='ocrx_word' id='word_1_287' title='bbox 1109 4419 1112 4424; x_wconf 92' lang='lat'>.</span> 
     </span>
    </p>

    <p class='ocr_par' dir='ltr' id='par_1_9' title="bbox 333 4460 1569 4589">
     <span class='ocr_line' id='line_1_37' title="bbox 375 4460 1569 4518; baseline -0.003 -10"><span class='ocrx_word' id='word_1_288' title='bbox 375 4465 386 4497; x_wconf 78' lang='grc' dir='ltr'>Ι</span> <span class='ocrx_word' id='word_1_289' title='bbox 413 4465 510 4508; x_wconf 88' lang='lat' dir='ltr'>Eorum</span> <span class='ocrx_word' id='word_1_290' title='bbox 521 4463 652 4516; x_wconf 80' lang='lat' dir='ltr'>videlicet,</span> <span class='ocrx_word' id='word_1_291' title='bbox 663 4475 734 4518; x_wconf 83' lang='lat' dir='ltr'>quos.</span> <span class='ocrx_word' id='word_1_292' title='bbox 745 4463 805 4506; x_wconf 89' lang='lat' dir='ltr'>dum</span> <span class='ocrx_word' id='word_1_293' title='bbox 820 4473 896 4505; x_wconf 81' lang='lat' dir='ltr'>casus</span> <span class='ocrx_word' id='word_1_294' title='bbox 911 4461 1085 4505; x_wconf 85' lang='lat' dir='ltr'>conscientiae</span> <span class='ocrx_word' id='word_1_295' title='bbox 1101 4462 1250 4514; x_wconf 84' lang='lat' dir='ltr'>audiebant,</span> <span class='ocrx_word' id='word_1_296' title='bbox 1264 4460 1318 4504; x_wconf 87' lang='lat' dir='ltr'>suls</span> <span class='ocrx_word' id='word_1_297' title='bbox 1332 4461 1453 4516; x_wconf 83' lang='lat' dir='ltr'>expensis</span> <span class='ocrx_word' id='word_1_298' title='bbox 1466 4460 1569 4504; x_wconf 80' lang='lat' dir='ltr'>Eborac</span> 
     </span>
     <span class='ocr_line' id='line_1_38' title="bbox 333 4533 1380 4589; baseline -0.015 -7"><span class='ocrx_word' id='word_1_299' title='bbox 333 4537 483 4582; x_wconf 78' lang='lat' dir='ltr'>Cardinalis</span> <span class='ocrx_word' id='word_1_300' title='bbox 493 4537 591 4579; x_wconf 86' lang='lat' dir='ltr'>alebat.</span> <span class='ocrx_word' id='word_1_301' title='bbox 601 4534 667 4578; x_wconf 89' lang='lat' dir='ltr'>Vide</span> <span class='ocrx_word' id='word_1_302' title='bbox 679 4545 766 4589; x_wconf 85' lang='lat' dir='ltr'>supra,</span> <span class='ocrx_word' id='word_1_303' title='bbox 777 4547 801 4576; x_wconf 93' lang='lat' dir='ltr'>n.</span> <span class='ocrx_word' id='word_1_304' title='bbox 814 4533 867 4576; x_wconf 69' lang='lat'>1593</span> <span class='ocrx_word' id='word_1_305' title='bbox 1375 4571 1380 4576; x_wconf 28' lang='lat'>⁸</span> 
     </span>
    </p>

    <p class='ocr_par' dir='ltr' id='par_1_10' title="bbox 374 4603 1296 4658">
     <span class='ocr_line' id='line_1_39' title="bbox 374 4603 1296 4658; baseline -0.004 -8"><span class='ocrx_word' id='word_1_306' title='bbox 374 4609 386 4642; x_wconf 68' lang='grc' dir='ltr'><strong>ὅ</strong></span> <span class='ocrx_word' id='word_1_307' title='bbox 413 4607 479 4650; x_wconf 85' lang='lat' dir='ltr'>Vide</span> <span class='ocrx_word' id='word_1_308' title='bbox 493 4605 587 4650; x_wconf 83' lang='lat' dir='ltr'>cartas</span> <span class='ocrx_word' id='word_1_309' title='bbox 598 4605 631 4648; x_wconf 82' lang='lat' dir='ltr'>de</span> <span class='ocrx_word' id='word_1_310' title='bbox 642 4605 902 4658; x_wconf 76' lang='lat' dir='ltr'>SanJgnacto,t.1v,</span> <span class='ocrx_word' id='word_1_311' title='bbox 914 4615 974 4658; x_wconf 78' lang='lat' dir='ltr'>pag.</span> <span class='ocrx_word' id='word_1_312' title='bbox 986 4604 1027 4647; x_wconf 79' lang='lat' dir='ltr'>2t9</span> <span class='ocrx_word' id='word_1_313' title='bbox 1037 4612 1063 4648; x_wconf 88' lang='lat' dir='ltr'>et</span> <span class='ocrx_word' id='word_1_314' title='bbox 1074 4616 1126 4658; x_wconf 85' lang='lat' dir='ltr'>seq.</span> <span class='ocrx_word' id='word_1_315' title='bbox 1138 4611 1165 4647; x_wconf 93' lang='lat' dir='ltr'>et</span> <span class='ocrx_word' id='word_1_316' title='bbox 1176 4614 1237 4657; x_wconf 76' lang='lat' dir='ltr'>pag.</span> <span class='ocrx_word' id='word_1_317' title='bbox 1248 4603 1296 4646; x_wconf 80' lang='lat'>262.</span> 
     </span>
    </p>

    <p class='ocr_par' dir='ltr' id='par_1_11' title="bbox 375 4673 1570 4733">
     <span class='ocr_line' id='line_1_40' title="bbox 375 4673 1570 4733; baseline -0.003 -11"><span class='ocrx_word' id='word_1_318' title='bbox 375 4680 388 4713; x_wconf 64' lang='grc' dir='ltr'><strong>Α</strong></span> <span class='ocrx_word' id='word_1_319' title='bbox 413 4679 502 4722; x_wconf 86' lang='lat' dir='ltr'>Verba</span> <span class='ocrx_word' id='word_1_320' title='bbox 513 4679 578 4720; x_wconf 87' lang='lat' dir='ltr'>haec</span> <span class='ocrx_word' id='word_1_321' title='bbox 590 4689 605 4719; x_wconf 86' lang='lat' dir='ltr'>a</span> <span class='ocrx_word' id='word_1_322' title='bbox 617 4677 722 4720; x_wconf 78' lang='lat' dir='ltr'>vocibus</span> <span class='ocrx_word' id='word_1_323' title='bbox 739 4680 764 4719; x_wconf 82' lang='lat' dir='ltr'>et</span> <span class='ocrx_word' id='word_1_324' title='bbox 775 4675 895 4726; x_wconf 76' lang='lat' dir='ltr'>aliarum</span> <span class='ocrx_word' id='word_1_325' title='bbox 906 4676 940 4719; x_wconf 87' lang='lat' dir='ltr'>ad</span> <span class='ocrx_word' id='word_1_326' title='bbox 955 4686 1028 4718; x_wconf 82' lang='lat' dir='ltr'>oram</span> <span class='ocrx_word' id='word_1_327' title='bbox 1042 4677 1153 4733; x_wconf 79' lang='lat' dir='ltr'>paginae</span> <span class='ocrx_word' id='word_1_328' title='bbox 1169 4685 1215 4728; x_wconf 86' lang='lat' dir='ltr'>per</span> <span class='ocrx_word' id='word_1_329' title='bbox 1226 4675 1360 4718; x_wconf 86' lang='lat' dir='ltr'>librarium</span> <span class='ocrx_word' id='word_1_330' title='bbox 1376 4673 1570 4728; x_wconf 77' lang='lat' dir='ltr'>lpsunrscrlpta</span> 
     </span>
    </p>
   </div>
   <div class='ocr_carea' id='block_1_5' title="bbox 335 4751 536 4806">
    <p class='ocr_par' dir='ltr' id='par_1_12' title="bbox 335 4751 536 4806">
     <span class='ocr_line' id='line_1_41' title="bbox 335 4751 536 4806; baseline -0.02 -10"><span class='ocrx_word' id='word_1_331' title='bbox 335 4751 536 4806; x_wconf 87' lang='lat' dir='ltr'>conspiciuntur.</span> 
     </span>
    </p>
   </div>
   <div class='ocr_carea' id='block_1_6' title="bbox 0 0 1864 5400">
    <p class='ocr_par' dir='ltr' id='par_1_13' title="bbox 0 0 1864 5400">
     <span class='ocr_line' id='line_1_42' title="bbox 0 0 1864 5400; baseline 0 4"><span class='ocrx_word' id='word_1_332' title='bbox 0 0 1864 5400; x_wconf 95' lang='lat' dir='ltr'> </span> 
     </span>
    </p>
   </div>
  </div>
 </body>
</html>
