3717 5400
355 481 408 541 138
813 481 942 542 Canon.
962 483 1039 542 Soc.
1060 484 1129 557 Jus.

356 630 401 691 ab
416 646 459 693 eo
474 628 515 691 40
527 630 685 709 perticas
700 629 878 706 (mensura
894 647 936 692 ea
952 639 1016 708 est,
1033 647 1102 710 qua
1117 631 1153 693 in
1168 629 1299 694 ditione
1322 630 1526 693 ferrariensi
1549 641 1587 691 et

354 735 392 798 in
406 735 660 815 Longobardia
674 745 821 800 utuntur
836 734 872 817 ¹),
889 746 951 800 aut
966 738 1128 817 amplius,
1144 737 1181 800 in
1196 736 1452 816 longitudinem
1466 746 1584 816 postu*

354 845 477 922 lasset,
493 843 571 906 loco
588 844 767 923 iuspecto,
790 843 917 922 viginti
934 844 1089 924 perticas
1107 843 1190 907 Dux
1204 843 1397 922 concessit;
1414 854 1449 906 et
1463 860 1583 923 quam-

353 950 409 1012 vis
424 951 681 1014 constituerant
695 949 789 1013 hunc
805 950 921 1013 locum
935 959 1139 1030 permutare
1153 968 1234 1014 cum
1255 949 1446 1031 praedictis
1461 966 1582 1012 mona·

351 1057 429 1121 cbis
444 1056 579 1120 ordinis
594 1055 656 1121 su
674 1056 864 1136 Dominici,
882 1058 965 1138 quia
979 1060 1068 1121 situs
1082 1059 1140 1122 ille
1155 1058 1286 1122 nostris
1308 1058 1414 1121 valde
1435 1055 1580 1136 placuit,

351 1163 481 1228 ibidem
506 1165 695 1228 instituere
721 1163 918 1244 Collegium
939 1165 1184 1243 decreverunt,
1204 1173 1239 1228 et
1252 1163 1481 1228 fundamenta
1500 1161 1583 1225 eilo-

353 1271 436 1335 dere
452 1281 657 1353 coeperunt,
676 1280 711 1334 et
726 1273 892 1351 quamvis
906 1272 1018 1352 initio,
1040 1272 1169 1335 civitas
1188 1271 1414 1350 MutinensiS,
1436 1288 1507 1333 non
1528 1287 1580 1333 re·

351 1388 540 1459 pugnaret,
558 1388 686 1459 postea
700 1387 819 1442 tamen
835 1395 913 1442 sese
929 1379 1174 1442 adversariam
1188 1378 1352 1457 ostendit,
1369 1389 1404 1441 et
1419 1377 1466 1441 ad
1476 1395 1513 1440 se
1522 1377 1584 1458 jus

352 1486 470 1549 fossae
484 1486 578 1549 illius
593 1487 773 1566 pertinere
789 1487 940 1564 dicebat,
957 1486 1042 1549 etin
1061 1487 1149 1566 ipsis
1166 1486 1404 1549 fundamentis
1423 1493 1458 1547 et
1475 1484 1584 1547 fossis

351 1609 483 1671 magna
512 1595 569 1656 vis
603 1594 761 1673 lapidum
790 1594 1037 1657 inveniebatur
1062 1592 1106 1655 ad
1132 1593 1247 1673 ipsum
1275 1589 1477 1656 aedificium·
1500 1609 1582 1654 con-

351 1701 569 1764 struendum.
586 1700 668 1764 Fuit
683 1701 790 1763 etiam
805 1701 943 1780 aliquis,
961 1701 1020 1781 qui
1039 1699 1259 1763 fundamenti
1277 1701 1393 1762 locum
1414 1698 1580 1761 effossum

350 1807 487 1886 replere
503 1807 631 1887 coepit,
645 1806 740 1886 quod
751 1824 832 1870 cum
843 1805 881 1868 Ρ.
893 1805 1102 1869 Pelletarius
1114 1808 1160 1869 ad
1171 1805 1308 1869 Ducem
1319 1804 1507 1882 retulisset,
1521 1805 1581 1884 qui

349 1912 423 1993 jam
438 1913 646 1978 Ferrariam
662 1914 829 1994 redierat,
845 1914 903 1978 ille
918 1915 1010 1977 bono
1024 1914 1140 1977 animo
1156 1930 1236 1976 eum
1251 1925 1332 1975 'esse
1349 1911 1463 1991 jussit,
1486 1922 1521 1975 et
1542 1929 1582 1974 se

350 2020 517 2084 idoneum
532 2038 611 2084 esse
627 2021 673 2084 ad
688 2022 945 2101 protectionem
965 2031 1109 2084 nostrae
1131 2019 1319 2084 Societatis
1339 2030 1373 2082 et
1392 2018 1581 2082 Ferrariae

350 2138 384 2190 et
399 2127 556 2192 Mutinae
574 2128 726 2208 dicebat3
743 2138 778 2191 et
791 2129 883 2190 velle
897 2146 936 2191 se
954 2128 1111 2192 validam
1130 2145 1208 2191 esse
1228 2127 1383 2207 gratiam
1405 2127 1536 2189 nostris
1559 2144 1579 2187 a

351 2252 389 2297 se
418 2251 637 2298 concessam.
667 2233 840 2313 Quamvis
865 2247 983 2298 autem
1009 2234 1135 2298 civitas
1163 2234 1373 2298 Mutinensis
1393 2234 1580 2313 quemdam

350 2342 457 2418 misit,
474 2352 512 2403 ut
528 2360 549 2404 a
565 2340 667 2404 Duce
682 2342 888 2421 impetraret
903 2359 947 2404 ne
962 2342 1018 2404 iile
1034 2343 1133 2404 locus
1154 2341 1321 2405 Societati
1338 2341 1499 2416 daretur,
1518 2341 1578 2402 mi·

348 2448 444 2510 nime
458 2459 577 2510 tamen
592 2466 673 2511 eum
687 2447 731 2511 de
746 2466 810 2512 sua
826 2449 1001 2512 sententia
1014 2449 1177 2524 removit;
1190 2449 1296 2510 immo
1311 2459 1349 2510 ut
1361 2449 1437 2527 ipsa
1450 2447 1581 2510 civitas

348 2555 468 2618 iocum
482 2556 670 2634 quemdam
685 2556 786 2619 daret
800 2556 850 2619 illi
865 2555 1105 2636 conjunctum,
1129 2557 1188 2636 qui
1210 2555 1367 2633 Collegio
1386 2555 1490 2617 datus
1511 2553 1580 2616 fue·

347 2671 416 2740 rat,
432 2661 476 2726 D.
494 2661 667 2740 Aloysius
681 2665 705 2738 ²,
722 2661 836 2727 Ducis
849 2663 952 2743 filiuS,
970 2664 1157 2743 diligenter
1171 2663 1361 2726 admodum
1376 2673 1409 2725 et
1425 2661 1580 2725 officiose

348 2769 393 2832 ad
410 2787 472 2833 eos
486 2771 641 2851 scripsit.

336 2871 339 2879 '
406 2875 477 2939 390.
522 2876 612 2941 Cum
626 2879 738 2941 nostri
758 2877 990 2942 ferrarienses
1011 2877 1137 2941 debitis
1160 2877 1499 2959 quadringentorum
1520 2892 1579 2938 au-

348 3000 490 3048 reorum
505 2995 761 3064 premerentur,
778 2994 812 3047 et
827 2986 1014 3064 collegiola
1028 2986 1184 3049 Mutinae
1196 2994 1231 3047 et
1245 2983 1438 3063 Argentae,
1454 2982 1581 3063 quibus

347 3091 440 3154 idem
455 3091 495 3157 Ρ.
511 3090 720 3156 Pelletarius
734 3103 772 3155 ut
786 3091 1087 3173 superintendens
1101 3102 1265 3172 praeerat
1280 3090 1302 3168 ⁵,
1320 3091 1452 3153 auxilio
1472 3090 1578 3153 etiarn

346 3198 559 3277 indigerent,
576 3198 621 3261 D.
644 3200 759 3262 Maria
775 3200 831 3262 del
844 3200 960 3283 Jesse,
978 3215 1104 3277 agrum
1124 3215 1227 3279 quem
1242 3198 1395 3261 habebat
1411 3198 1446 3259 in
1461 3196 1576 3260 Aemi·

347 3306 406 3384 lia,
423 3323 530 3385 quam
546 3306 762 3369 Romaniam
777 3304 790 3337 ⁴
804 3315 949 3383 vocant,
966 3316 1001 3368 et
1018 3304 1239 3369 Ferrariensi
1258 3303 1416 3383 Collegio
1432 3315 1512 3383 post
1526 3304 1574 3365 vi·

349 3421 424 3477 tam
438 3430 540 3476 suam
554 3414 761 3493 reliquerat,
777 3414 933 3477 vendere
948 3414 1071 3491 voluit;
1088 3412 1150 3475 sed
1161 3423 1195 3475 et
1209 3394 1351 3486 nostriS,
1368 3411 1428 3489 qui
1444 3408 1580 3473 Romae

350 3521 603 3599 versabantur,
620 3521 753 3601 aliquid
766 3522 874 3584 etiam
888 3519 1036 3583 subsidii
1050 3520 1135 3582 dare
1150 3518 1274 3582 voluit.

387 3796 395 3828 ⁴
426 3796 516 3841 Sermo
526 3809 584 3840 esse
594 3798 698 3840 videtur
709 3798 740 3840 de
751 3797 865 3851 “pertica
876 3797 902 3839 12
909 3797 1020 3850 pedum,
1036 3786 1104 3849 qua'e
1121 3796 1222 3839 dicitur
1239 3794 1405 3849 Luitprundi
1412 3828 1416 3842 .
1433 3796 1459 3837 ei
1473 3794 1580 3849 pertico

345 3868 469 3922 legitime
480 3869 513 3912 de
522 3869 605 3923 pedes
614 3869 755 3912 duodecim
772 3869 808 3911 ad
821 3869 942 3911 extensis
959 3865 1078 3910 brachiis
1093 3868 1265 3917 mensurata,
1280 3867 1324 3908 vel
1340 3865 1376 3907 ad
1393 3864 1576 3908 extensionem

345 3940 459 3994 brachii,
470 3940 496 3984 in
507 3940 613 3984 chartis
624 3939 909 3995 Langobardicienpud
924 3938 1028 3992 Ugheli.
1039 3945 1073 3982 to.
1083 3938 1105 3984 8.
1115 3937 1208 3981 itallae
1216 3948 1317 3990 sacrae,
1325 3948 1350 3991 p.
1360 3934 1408 3979 289.
1419 3944 1454 3980 to.
1464 3936 1485 3979 5.
1495 3948 1520 3991 p.
1529 3934 1580 3987 659,

347 4020 383 4057 to.
393 4014 441 4067 7.p
462 4013 522 4056 14⁴2.
533 4018 559 4055 et
570 4018 605 4056 to.
616 4011 637 4055 9.
649 4023 674 4066 p.
686 4012 733 4054 121.
746 4011 892 4055 chronicon
908 4010 1080 4054 Novalicense
1096 4022 1118 4053 c.
1134 4011 1154 4054 1.
1170 4010 1201 4053 de
1216 4008 1378 4063 Luitprundo
1394 4006 1464 4061 Rege
1478 4006 1579 4060 Longo·

348 4085 497 4129 bardorum:
508 4084 561 4137 Qui
569 4086 664 4126 tantae
674 4082 853 4135 longitudinis
857 4081 953 4137 fertur
960 4081 1045 4135 pedes
1054 4080 1191 4133 habuisse,
1202 4084 1231 4123 ut
1242 4081 1277 4123 ad
1293 4080 1413 4124 cubitum
1428 4079 1578 4122 huntanum

346 4157 519 4200 metirentur.
530 4155 636 4199 Horum
647 4165 710 4197 uero
719 4153 822 4208 pedum
833 4164 963 4197 mensura
971 4160 1021 4207 pro
1032 4153 1224 4197 consuetudine
1235 4154 1308 4196 inter
1315 4150 1502 4205 Langobardos
1509 4152 1582 4193 tene-

345 4229 433 4272 turin
445 4228 592 4271 metiendis
602 4237 679 4269 aruns
689 4236 773 4279 usque
783 4228 812 4269 in
821 4227 995 4281 praesentem
1006 4226 1089 4277 diem,
1098 4226 1135 4267 ita
1147 4228 1175 4267 ut
1184 4225 1268 4279 pedes
1284 4225 1342 4279 ejus
1355 4225 1383 4267 in
1394 4222 1501 4267 Perfice
1514 4220 1581 4276 sune

357 4300 558 4355 duedecimstut
569 4299 671 4342 tabula.
683 4298 789 4341 Statura
799 4296 1000 4341 biediolenensia
1010 4302 1079 4351 part.
1088 4296 1108 4339 2.
1119 4308 1173 4350 cap.
1182 4296 1231 4341 ato.
1241 4296 1371 4340 Mensura
1381 4294 1582 4349 peatsLtpran·

345 4372 459 4415 diriter
469 4381 528 4415 esse
539 4370 705 4423 intelligitur
715 4370 749 4412 de
760 4370 849 4412 unciis
859 4378 953 4411 novem
963 4368 1000 4411 ad
1010 4368 1150 4411 brachium
1166 4364 1334 4421 liquaminis.
1350 4367 1416 4412 Vide
1432 4366 1581 4411 'tristanum

347 4442 477 4487 calchum
487 4444 532 4487 lib.
543 4444 564 4487 i.
575 4442 674 4486 Hister.
685 4440 823 4485 Mediolen.
833 4441 876 4484 ubl
885 4440 916 4483 de
927 4438 1130 4494 luithprando...
1140 4439 1180 4484 Du
1188 4438 1286 4491 Canon,
1297 4439 1473 4483 Glossarium.

384 4513 397 4547 ¹
424 4513 471 4558 lin.
483 4514 520 4558 sic
530 4514 619 4558 habet:
632 4515 724 4566 immo,
734 4515 764 4554 ut
775 4514 836 4566 ipsa
845 4512 944 4555 civitas
958 4511 1045 4554 iocum
1061 4512 1205 4565 quemdam
1221 4511 1300 4555 daret
1316 4510 1358 4554 ilii
1372 4511 1520 4565 conjunxit,
1534 4520 1580 4563 qun

344 4588 456 4641 collegio
466 4588 549 4630 datus
553 4586 660 4640 suerat.
674 4584 707 4628 D.
717 4585 855 4639 aloysius·
864 4583 909 4627 scd
919 4584 1107 4627 emendandum
1117 4583 1221 4627 videtur
1230 4590 1259 4627 ut
1269 4594 1315 4627 uos
1324 4583 1439 4627 fecimus.

386 4660 398 4691 ὅ
426 4659 493 4704 Vide
505 4669 588 4712 supra
600 4690 606 4711 ,
618 4665 637 4702 t.
649 4668 685 4713 tv,
697 4667 756 4710 pag.
766 4656 794 4699 8⁴
803 4667 828 4698 n.
840 4655 887 4709 151,
897 4662 922 4697 et
934 4666 995 4709 seq..
1005 4662 1084 4709 etque
1094 4666 1154 4710 pag.
1166 4654 1406 4709 101,n.1ttt,ennot.
1418 4656 1436 4697 l.

387 4735 399 4767 ⁴
425 4734 576 4785 Romaene.
