3717 5400
396 495 453 556 548
849 494 977 557 cirron.
1003 495 1081 556 Soc.
1107 498 1180 570 Jns.

399 643 571 706 etantium
585 643 775 723 explicato,
789 641 904 705 denuo
915 642 1073 721 theologi
1085 641 1169 724 quid
1179 642 1275 707 iacto
1287 660 1378 724 opus
1390 651 1496 724 esset,
1509 642 1628 726 quoad

396 748 709 814 Sacramentorum
725 747 1079 828 administrationem,
1098 749 1348 830 decernerent3
1368 757 1404 814 et
1424 748 1485 814 Fr.
1506 750 1630 817 Domi·

396 856 497 920 nicus
512 855 555 919 de
569 854 666 934 Soto,
683 872 720 919 se
736 855 782 919 ad
797 855 865 919 hoc
879 855 947 919 iter
958 856 1162 936 accingens,
1176 855 1393 920 Tordesiilas
1406 857 1515 935 venit,
1529 866 1565 922 et
1575 877 1628 923 re-

395 964 463 1027 bus
476 962 646 1043 inspectis
661 972 695 1027 et
710 979 791 1026 cum
808 961 913 1027 Patre
929 963 1121 1027 Francisco
1137 963 1287 1041 collatis,
1304 964 1566 1028 constituerunt
1588 976 1628 1029 ut

393 1078 658 1135 sacramentum
672 1068 862 1133 Extremae
873 1068 1062 1133 Unctionis
1074 1069 1233 1150 Reginae
1248 1071 1491 1136 ministrarent
1509 1072 1530 1150 ¹;
1543 1090 1628 1137 nam

393 1176 441 1241 ad
454 1176 718 1240 sanctissimum
732 1174 979 1240 Eucharistiae
994 1187 1258 1241 sacramentum
1272 1178 1536 1258 suscipiendum
1551 1196 1628 1243 cre·

391 1284 447 1347 bri
462 1283 618 1347 vomitus
633 1281 803 1363 Reginae,
817 1283 1001 1347 stomacho
1013 1284 1133 1347 cibum
1144 1301 1215 1347 non
1225 1285 1411 1362 retinente,
1424 1285 1545 1349 locum
1555 1303 1627 1349 non

393 1389 543 1468 dabant3
559 1408 625 1454 nec
644 1400 683 1453 ut
698 1391 864 1453 adoraret
885 1388 1156 1454 Sacramentum
1177 1391 1348 1469 tulerunt,
1370 1392 1453 1472 quia
1472 1392 1546 1473 iam
1561 1410 1627 1457 nec

391 1498 486 1561 oculi
504 1515 571 1560 nec
592 1498 652 1561 alii
671 1514 797 1561 sensus
816 1514 919 1561 suum
939 1497 1092 1561 officium
1114 1496 1303 1562 faciebant.
1324 1498 1369 1563 Et
1394 1500 1445 1563 ita
1466 1501 1544 1580 ipso
1569 1499 1627 1563 die

392 1605 534 1668 veneris
550 1605 665 1667 sancti
680 1621 783 1667 mane
799 1602 810 1635 ¹
826 1622 869 1667 ex
886 1606 955 1667 hac
971 1605 1046 1668 vita
1060 1604 1198 1683 Regina
1214 1605 1395 1685 migravit.

434 1710 523 1775 1500.
545 1790 547 1793 ¹
566 1713 610 1776 Et
625 1711 689 1775 toti
708 1728 821 1791 regno
847 1712 997 1775 multum
1018 1712 1272 1776 consolationis
1296 1714 1414 1777 attulit
1429 1714 1487 1777 hic
1506 1715 1622 1777 exitus
1677 1749 1680 1753 ι

391 1817 562 1899 Reginae,
576 1818 700 1899 dequo
713 1828 746 1881 et
758 1817 967 1898 Imperatori
979 1816 1121 1897 Caroio,
1134 1828 1169 1882 et
1180 1817 1271 1899 Regi
1279 1819 1433 1898 Angliae
1444 1818 1624 1901 Philippo,

389 1944 433 1991 ac
447 1925 607 2006 Reginae
622 1925 860 2006 Portugaliiae
876 1936 910 1988 et
926 1925 1005 1989 aliis
1020 1924 1253 2006 Principibus,
1271 1944 1422 2007 quorum
1436 1927 1622 2007 intererat,

389 2033 629 2113 significatum
644 2042 697 2095 est
712 2030 735 2111 ἣ
753 2032 812 2112 qui
835 2049 958 2096 omnes
972 2032 1115 2096 solliciti
1131 2042 1234 2096 erant
1252 2032 1296 2096 de
1316 2032 1454 2113 Regina
1469 2034 1622 2117 joanna,

391 2150 426 2205 et
453 2141 504 2204 illi
532 2140 702 2221 optabant
731 2157 956 2220 summopere
984 2140 1091 2203 finem
1118 2138 1334 2220 hujusmodi,
1365 2158 1435 2221 quo
1465 2141 1562 2221 pium
1588 2150 1625 2205 et

390 2247 625 2311 christianum
639 2247 797 2310 animum
816 2246 1017 2310 ostenderet
1037 2247 1082 2309 ad
1104 2246 1235 2310 bonum
1254 2249 1455 2328 exemplum
1473 2259 1509 2311 et
1530 2248 1625 2312 aedi-

389 2355 591 2419 ficationem
605 2370 751 2417 suorum
765 2369 969 2432 regnorum;
983 2354 1148 2434 quamvis
1160 2354 1348 2418 constabat
1361 2354 1549 2434 desectum,
1563 2356 1624 2437 qui

389 2463 426 2525 in
441 2460 641 2541 hujusmodi
667 2460 772 2523 rebus
790 2469 840 2523 tot
856 2460 958 2523 annis
979 2459 1169 2539 acciderat,
1194 2460 1262 2541 ipsi
1283 2460 1329 2524 ad
1349 2471 1536 2541 peccatum
1550 2479 1623 2525 non

391 2568 560 2650 imputari
578 2585 702 2631 coram
721 2566 798 2630 Deo
818 2576 964 2648 propter
982 2568 1252 2647 aegritudinem,
1269 2586 1339 2648 qua
1359 2569 1487 2632 mentis
1507 2570 1623 2649 impos

389 2687 479 2740 erat.
507 2673 574 2739 Sed
596 2682 715 2739 tamen
738 2673 783 2737 ad
803 2673 1085 2740 aedificationem
1106 2675 1316 2756 populorum
1334 2677 1461 2740 saltem
1481 2674 1623 2740 demon·

389 2784 599 2847 strationem
614 2783 768 2862 aliquam
783 2779 859 2860 ejus
873 2780 934 2844 iiiii
950 2779 962 2812 ⁸
981 2791 1015 2844 et
1030 2791 1177 2862 nepotes
1191 2783 1419 2847 vehementer
1437 2783 1620 2863 optabant.

435 2888 523 2952 1501.
567 2889 656 2953 Cum
671 2898 787 2952 autem
803 2888 846 2951 de
862 2889 1031 2952 Extrema
1046 2890 1223 2953 Unctione
1238 2890 1307 2970 ipsi
1322 2890 1406 2954 data
1428 2899 1621 2970 constaret,

433 3239 440 3272 t
470 3239 542 3282 Haec
556 3244 648 3283 narrat
665 3239 718 3291 ipse
734 3235 883 3280 Dominicus
895 3237 925 3280 de
943 3237 1003 3280 Soto
1013 3238 1110 3282 litteris
1121 3237 1152 3280 ad
1165 3237 1290 3288 Joannern
1300 3237 1429 3292 vazquez.
1447 3238 1533 3283 Caroli
1543 3239 1569 3282 V
1579 3238 1625 3284 Se-

389 3311 541 3363 cretarium,
557 3309 626 3354 datis
642 3311 665 3352 ll
682 3309 781 3363 Aprilis
795 3309 870 3363 huius
885 3309 946 3352 anni
964 3309 1022 3352 rato.
1039 3309 1138 3352 Extant
1149 3307 1321 3362 Septimancis
1331 3311 1357 3353 iu
1367 3311 1496 3363 Archino,
1510 3310 1625 3364 Esiado,

390 3385 441 3437 leg.
451 3381 498 3425 108.
509 3381 660 3424 Ronnrcusz
672 3380 765 3430 Victa,
777 3381 793 3423 i.
805 3391 828 3423 c.

430 3452 442 3486 ¹
468 3453 515 3497 “Ei
524 3453 635 3496 Vlernes
645 3451 725 3496 Santo
736 3455 752 3495 a
763 3454 804 3495 las
818 3453 869 3496 seis
879 3453 910 3495 de
922 3454 949 3496 ia
963 3454 1076 3495 medana
1086 3483 1098 3505 ,
1110 3453 1156 3496 Dr.
1167 3453 1281 3496 modicus
1291 3453 1374 3497 Senta
1385 3453 1455 3498 Cara
1463 3454 1620 3508 Imperatori

388 3526 494 3579 Carolo,
507 3525 555 3567 10·
569 3523 630 3579 Majl
645 3524 718 3576 1555,
732 3522 914 3578 (Septimancis
925 3524 950 3566 in
963 3523 1096 3575 Archlvo).
1112 3523 1446 3578 Roonrouszvrrnn,1.c.-
1455 3525 1531 3570 Hand
1541 3525 1624 3580 igitur

388 3602 527 3641 accuratus
537 3595 602 3639 satis
613 3602 652 3639 est
664 3594 832 3648 Craurusoos,
843 3595 903 3638 dum
912 3597 931 3638 i.
942 3605 956 3637 c
968 3627 975 3646 ,
985 3595 1031 3638 ait:
1042 3595 1097 3638 “dio
1108 3595 1132 3638 el
1142 3596 1246 3648 gemido
1255 3601 1375 3649 postrero
1385 3597 1411 3640 la
1421 3597 1503 3639 noche
1513 3597 1554 3639 dei
1564 3596 1628 3654 Jus-¹

389 3679 436 3711 ves
446 3666 549 3720 Santo.„

431 3738 443 3772 ⁸
467 3737 599 3782 “Escriblo
607 3738 630 3780 el
642 3736 669 3778 P.
681 3734 821 3780 Francisco
833 3737 864 3780 de
873 3737 952 3791 BorJa
964 3738 991 3780 al
1000 3737 1163 3791 Emperador
1173 3739 1310 3782 relatando
1319 3738 1357 3782 los
1367 3739 1471 3782 dltlmos
1479 3741 1623 3783 momentos

387 3813 419 3855 de
430 3823 460 3854 su
470 3809 559 3854 Madre
569 3822 586 3866 y
597 3809 739 3852 diciendole
755 3819 803 3862 que
819 3809 887 3852 daha
902 3810 1010 3852 muchan
1026 3810 1130 3863 gracias
1141 3812 1156 3851 a
1167 3811 1193 3852 la
1209 3809 1336 3864 Maiestad
1347 3810 1435 3853 divina
1446 3820 1494 3864 por
1510 3811 1537 3853 la
1546 3811 1623 3854 satis·

386 3884 488 3928 iaccion
499 3894 547 3936 que
559 3885 574 3925 a
586 3882 660 3924 todos
670 3886 740 3923 eston
751 3881 838 3924 reinos
848 3881 931 3935 quedd
941 3880 983 3924 del
993 3882 1059 3924 bueo
1070 3881 1104 3924 lin
1115 3893 1164 3936 que
1176 3880 1203 3926 S.
1213 3883 1245 3925 A.
1256 3882 1325 3925 hizo.

441 3955 565 3998 Tamhien
581 3954 606 3997 ei
618 3951 739 4006 Marones
753 3953 784 3996 de
802 3951 885 3996 Denia
899 3952 1011 3996 escribio
1027 3953 1054 3996 ai
1069 3952 1232 4010 Emperadpr
1246 3953 1390 3997 diciendole
1405 3954 1430 3996 io
1443 3953 1535 3998 mismo
1550 3967 1568 4012 y
1583 3967 1616 3999 en

387 4027 483 4070 viando
494 4036 540 4068 con
551 4024 574 4068 el
584 4024 715 4076 despacho
726 4026 741 4066 a
752 4023 819 4075 Juan
830 4023 909 4066 Perez
920 4023 952 4066 de
963 4023 1067 4076 Arizpe,
1078 4023 1206 4067 contador
1220 4024 1288 4068 dela
1302 4023 1394 4077 Reina,
1409 4034 1474 4078 para
1489 4036 1538 4078 qne
1549 4025 1619 4070 diesc

385 4104 481 4142 euentu
496 4097 612 4140 verbale
624 4094 650 4138 S.
660 4094 692 4139 M.
704 4096 745 4138 dei
757 4096 866 4139 catolico
881 4093 915 4137 lin
929 4095 960 4138 de
971 4106 1001 4138 su
1010 4093 1136 4151 Madre,y
1151 4105 1217 4149 para
1233 4106 1281 4150 que
1297 4097 1323 4138 al
1338 4094 1428 4139 mismo
1438 4095 1535 4150 tiempo
1545 4098 1570 4140 ie
1581 4108 1621 4142 re·

386 4177 536 4223 presentase
548 4169 573 4211 la
584 4179 657 4210 suma
668 4169 780 4222 pobreza
790 4177 837 4210 con
847 4177 895 4220 que
910 4167 938 4209 ia
950 4165 1033 4209 Reiua
1049 4167 1128 4210 habia
1139 4175 1240 4210 muerto
1250 4179 1268 4222 y
1278 4168 1304 4210 la
1314 4177 1346 4209 en
1361 4178 1411 4221 que
1426 4168 1563 4221 quedaban
1578 4180 1623 4213 suc

384 4241 498 4294 criados,
509 4251 557 4294 que
569 4251 615 4282 era
625 4245 670 4283 tan
679 4249 747 4294 gran
757 4239 861 4282 lastima
872 4250 920 4292 que
932 4248 979 4292 por
988 4249 1020 4281 no
1036 4238 1083 4281 dar
1093 4249 1161 4293 pena
1171 4241 1188 4282 a
1198 4238 1223 4282 S.
1235 4238 1268 4282 11,
1282 4250 1313 4281 no
1328 4239 1354 4282 io
1370 4239 1445 4282 decia
1460 4249 1492 4282 en
1506 4241 1622 4294 partien-

385 4315 435 4365 lar,
445 4324 462 4368 y
472 4322 520 4366 por
531 4323 563 4354 uo
573 4311 782 4364 desampararlos
793 4321 825 4353 no
835 4311 878 4353 ibn
889 4309 913 4353 el
922 4321 955 4353 en
965 4321 1077 4365 persona
1086 4313 1102 4353 t
1112 4309 1227 4364 suplicar
1236 4321 1284 4364 por
1292 4311 1315 4352 el
1326 4310 1438 4353 remedio
1449 4310 1481 4353 de
1490 4311 1573 4355 todos.
1581 4311 1623 4356 En

383 4386 410 4428 ei
420 4383 510 4428 mismo
520 4383 621 4426 sentido
633 4382 742 4425 escribid
753 4383 770 4424 a
780 4383 805 4423 la
816 4381 938 4435 princesa
948 4381 979 4424 de
990 4380 1124 4434 portugal,
1135 4381 1209 4424 Doiin
1219 4380 1312 4433 Jnana,
1324 4380 1505 4434 gobernndora
1513 4392 1563 4435 que
1571 4385 1588 4426 ί
1596 4384 1624 4427 ia

385 4459 463 4498 saron
472 4465 517 4498 era
526 4454 556 4496 de
568 4460 639 4496 estos
649 4453 743 4506 reinna,
755 4457 771 4496 a
781 4463 811 4495 su
821 4453 946 4496 hermano
957 4454 981 4496 el
991 4453 1107 4506 principe
1119 4452 1150 4496 D.
1162 4451 1262 4505 Feiipe,
1272 4463 1319 4506 rey
1330 4452 1361 4495 de
1370 4451 1527 4505 Inglaterra,
1537 4454 1564 4497 al
1571 4454 1623 4498 Ar·

385 4527 489 4580 zobispo
500 4526 530 4568 de
542 4524 642 4568 Ser-iila
652 4537 668 4579 y
678 4527 694 4567 a
704 4529 776 4567 otras
787 4534 911 4576 personas
923 4525 1088 4577 eminentes„
1099 4523 1248 4566 Roonrnunz
1259 4523 1351 4576 Victa,
1363 4525 1422 4574 hc..
1433 4534 1494 4577 pag.
1503 4523 1553 4568 tos.

424 4598 437 4630 ⁴
463 4596 515 4641 “De
526 4597 565 4639 los
575 4596 626 4638 seis
636 4595 703 4650 hijos
710 4607 758 4650 que
767 4601 830 4638 turo
841 4607 872 4639 en
882 4607 912 4639 su
922 4596 1086 4640 matrimonio
1095 4607 1142 4638 con
1150 4594 1239 4649 Felipe
1247 4597 1272 4638 ei
1279 4595 1415 4644 Hermoso.
1422 4595 1495 4638 cinco
1505 4595 1537 4639 de
1545 4598 1619 4651 ellos,

386 4669 485 4722 Curios,
496 4666 641 4720 Fernando,
657 4666 766 4720 Leoner,
777 4666 860 4710 Maria
870 4681 887 4724 y
898 4667 1019 4711 Catallna
1035 4669 1061 4710 ia
1071 4667 1276 4720 sobrevivlerom
1287 4665 1372 4710 [sabel
1387 4667 1465 4709 hucin
1476 4678 1511 4722 γι
1524 4669 1622 4723 tiempo

383 4751 434 4794 que
445 4741 471 4783 la
482 4740 561 4782 habia
571 4737 709 4792 precedldo
717 4749 748 4780 en
759 4739 782 4780 el
793 4739 991 4792 sepulcro.,1n.
1002 4740 1076 4790 ibid„
1087 4751 1146 4793 pag.
1156 4738 1205 4781 396.
