3717 5400
831 467 960 528 Canon.
980 465 1060 526 Soc.
1079 468 1151 540 Jas.

373 623 437 693 set,
454 631 557 678 suam
571 632 717 695 operam
732 614 801 678 illis
816 615 970 694 addixit;
985 625 1020 678 et
1039 633 1121 678 cum
1142 615 1291 678 ulterius
1309 614 1359 677 illi
1377 621 1538 694 peterent
1558 631 1606 675 an

372 737 476 783 sacra
492 721 714 785 hebdomada
731 731 766 784 et
782 721 933 785 infestis
951 722 1168 785 solemnibus
1189 723 1347 801 placeret
1367 721 1437 802 ipsi
1456 720 1605 782 verbum

372 827 440 891 Dei
454 829 581 892 incolis
595 828 816 909 praedicare,
834 831 895 910 qui
909 830 1118 893 ecclesiaste
1137 830 1298 892 destituti
1317 837 1434 905 erant;
1457 827 1546 890 dixit
1566 828 1605 890 in

373 936 442 998 hac
466 946 569 1016 parte
589 954 629 999 se
650 937 706 1000 sui
726 937 922 1018 praepositi
944 937 1150 1000 auctoritati
1170 938 1381 1016 pariturum,
1403 936 1435 997 si
1455 935 1604 1015 parochi

369 1042 479 1105 etiam
503 1061 699 1106 consensus
723 1045 920 1108 accederet.
943 1043 1032 1108 Cum
1054 1055 1173 1107 autem
1194 1046 1302 1123 paulo
1320 1053 1401 1124 post
1420 1044 1604 1122 utriusque

369 1151 567 1213 auctoritas
579 1153 799 1228 accessisset,
813 1151 908 1231 quod
918 1152 1095 1232 reliquum
1104 1161 1182 1214 erat
1193 1151 1497 1231 Quadragesimae
1508 1151 1543 1212 in
1558 1167 1602 1212 eo

372 1257 451 1318 loco
467 1259 652 1336 transegit,
673 1269 708 1321 et
729 1259 780 1321 sic
800 1259 950 1321 verbum
969 1257 1037 1321 Dei
1051 1259 1236 1339 proposuit
1253 1271 1293 1321 ut
1317 1259 1506 1320 multorum
1531 1258 1604 1320 ani·

372 1379 450 1426 mos
465 1363 511 1426 ad
526 1363 594 1427 Dei
609 1365 818 1446 obsequium
832 1375 868 1428 et
882 1383 976 1446 quae
990 1367 1117 1429 salutis
1131 1382 1217 1429 suae
1241 1378 1345 1428 erant
1363 1366 1457 1428 serio
1479 1381 1605 1428 curan·

370 1469 418 1532 da
443 1488 663 1552 magnopere
687 1483 930 1536 commoveret
954 1473 1192 1554 affectumque
1220 1474 1376 1536 omniurn
1404 1473 1471 1534 sibi
1500 1470 1605 1534 valde

371 1579 592 1643 conciliaret.
609 1577 744 1644 Diebus
758 1589 877 1644 autem
892 1581 993 1644 festis
1007 1581 1044 1643 in
1058 1581 1170 1643 tribus
1185 1581 1289 1661 pagis
1301 1581 1454 1644 diversis
1465 1579 1604 1642 concio·

374 1686 537 1764 nabatur,
554 1705 638 1751 raro
653 1689 790 1752 duobus
804 1689 961 1752 contenti
975 1688 1068 1766 (sic).
1085 1688 1176 1752 Cum
1194 1689 1294 1751 multi
1318 1691 1430 1751 multa
1450 1688 1484 1749 ei
1504 1686 1603 1749 offer·

373 1803 464 1868 rent,
480 1802 515 1856 et
529 1811 594 1873 pro
610 1792 798 1859 Societatis
817 1795 978 1858 instituto
993 1796 1071 1874 ipsa
1092 1805 1286 1872 recusaret,
1302 1795 1339 1856 in
1357 1811 1526 1873 magnam
1544 1794 1604 1856 ad·

375 1901 613 1981 mirationem,
635 1914 707 1965 tam
727 1903 862 1966 nobiles
883 1920 990 1983 quam
1008 1905 1200 1982 populares
1220 1903 1393 1982 rapiebat,
1416 1911 1451 1964 et
1473 1901 1604 1981 optime

374 2009 496 2070 audire
512 2011 570 2070 vel
584 2027 627 2071 eo
646 2011 722 2072 solo
742 2011 884 2072 nomine
903 2011 1022 2091 coepit
1043 2009 1214 2087 Societas,
1241 2009 1336 2089 quod
1360 2025 1509 2071 munera
1532 2024 1604 2070 non

372 2115 585 2178 admitteret.
613 2115 714 2179 Alter
733 2133 779 2179 ex
804 2117 950 2180 vicariis
975 2135 1056 2180 cum
1076 2116 1323 2195 ludimagistro
1346 2116 1519 2178 exercitia
1542 2113 1602 2178 So·

375 2224 515 2286 cietatis
539 2224 659 2287 subire
678 2224 882 2304 propediem
905 2225 1153 2301 decreverunt,
1175 2241 1352 2303 propenso
1377 2223 1495 2285 animo
1515 2237 1604 2300 erga

371 2329 561 2393 Societatis
581 2332 779 2394 institutum
796 2330 924 2394 affecti.
942 2331 1064 2411 Itaque
1079 2332 1171 2394 inter
1185 2331 1486 2394 contradictiones
1506 2329 1604 2390 theo·

374 2439 548 2516 logorum,
574 2437 727 2500 Senatus
748 2447 782 2500 et
802 2438 982 2518 Episcopi,
1008 2439 1163 2516 augebat
1181 2437 1355 2500 Dominus
1369 2435 1604 2518 quorumdam

372 2562 460 2624 erga
476 2557 636 2608 nostrum
652 2546 848 2609 institutum
865 2546 962 2625 piam
975 2549 1208 2609 voluntatem.

433 2651 506 2715 878.
549 2652 603 2716 De
622 2653 803 2717 Cardinali
823 2654 931 2717 etiam
955 2654 1178 2733 lotharingo
1202 2653 1271 2716 hoc
1296 2652 1500 2715 constabat:
1522 2667 1604 2714 cum

374 2760 549 2823 Dominus
567 2760 621 2823 De
641 2761 759 2823 Monte
780 2763 895 2842 ipsum
910 2772 1070 2825 moneret
1095 2779 1140 2824 ne
1164 2761 1401 2841 patrocinium
1416 2757 1604 2823 Societatis

370 2868 464 2945 apud
480 2866 614 2946 Regem
629 2850 817 2946 omitteret,
841 2869 935 2948 quod
956 2887 1059 2932 suam
1084 2886 1231 2949 operam
1250 2868 1406 2930 officiose
1427 2866 1604 2947 pollicitus

373 2983 443 3051 est;
460 2984 494 3035 et
509 2974 807 3039 Claramontanus
822 2976 1022 3056 Episcopus
1037 2978 1226 3055 collegium
1241 2975 1394 3039 Billiomi
1407 2974 1602 3049 instituere,

376 3082 433 3142 ubi
450 3082 601 3160 primum
622 3083 731 3163 aliqui
750 3082 863 3146 Roma
883 3085 983 3147 missi
1002 3094 1132 3162 essent,
1155 3082 1281 3145 eodem
1300 3094 1458 3161 tempore
1477 3079 1604 3141 consti-

373 3189 505 3251 tuebat.
522 3188 689 3253 Placebat
704 3202 822 3253 autem
837 3192 893 3253 his
907 3203 943 3252 et
957 3191 1038 3253 aliis
1056 3190 1181 3252 amieis
1201 3188 1458 3252 humanissima
1477 3187 1536 3248 illa
1551 3202 1604 3249 ra·

372 3298 422 3358 tio
447 3306 481 3358 et
507 3296 692 3359 mitissima
717 3308 859 3361 nostros
885 3297 1112 3373 defendendi,
1138 3296 1302 3359 adductis
1328 3294 1534 3371 Principum
1561 3308 1604 3354 ac

376 3402 621 3465 Praelatorum
637 3404 866 3482 testimoniis;
882 3415 917 3466 et
932 3422 1013 3467 cum
1024 3403 1098 3483 jam
1118 3405 1233 3466 dicms
1253 3402 1454 3466 Cardinalis
1475 3400 1605 3463 Lotha·

378 3510 503 3588 ringus
518 3511 553 3574 id
573 3512 719 3573 tractari
740 3512 983 3589 intellexisset,
1004 3522 1263 3573 conventurum
1283 3527 1322 3573 se
1341 3511 1527 3587 theologos
1545 3524 1605 3587 pa-

375 3617 544 3680 risienses
558 3619 719 3697 promisit
734 3628 772 3680 ut
787 3636 976 3681 censuram
991 3620 1034 3680 de
1049 3630 1172 3681 nostra
1187 3616 1363 3681 Societate
1378 3617 1509 3679 editam
1529 3632 1605 3677 cor·

374 3724 549 3803 rigerent,
573 3734 607 3787 et
622 3736 734 3788 totum
750 3728 934 3805 negotium
955 3727 1050 3787 bona
1071 3742 1160 3804 pace
1180 3724 1465 3803 componendum
1487 3739 1606 3784 cense-

373 3832 494 3911 batur;
510 3844 545 3895 et
560 3833 738 3895 curandas
753 3850 831 3895 esse
846 3834 985 3895 litteras
999 3851 1020 3894 a
1037 3832 1206 3895 Pontifice
1220 3832 1313 3913 Julio
1333 3830 1379 3894 ΙΙΙ
1399 3830 1604 3907 censebant,

373 3938 418 4001 ad
434 3938 670 4019 theologicam
686 3941 902 4018 facultatem,
919 3957 1010 4021 quae
1025 3957 1126 4002 suam
1142 3940 1186 4001 de
1200 3939 1379 4002 Societate
1393 3937 1607 4001 sententiam

375 4064 547 4127 suumque
563 4048 716 4110 studium
729 4048 949 4127 explicarent
960 4059 995 4110 et
1006 4048 1082 4110 sine
1094 4047 1174 4109 ullis
1186 4048 1347 4109 censuris
1357 4054 1419 4109 aut
1430 4043 1607 4107 mandatis

374 4154 612 4233 theologicam
627 4154 832 4216 facultatem
847 4164 1007 4217 moneret
1021 4165 1056 4216 et
1070 4154 1278 4215 hortaretur
1293 4152 1339 4215 ad
1357 4170 1412 4232 ea,
1437 4169 1529 4232 quae
1550 4149 1607 4212 de·

374 4272 506 4339 cerent,
524 4262 559 4323 in
576 4262 642 4324 hoc
659 4262 803 4339 negotio
819 4262 995 4324 facienda.
1012 4260 1070 4323 Ad
1085 4260 1299 4340 Episcopum
1312 4260 1421 4323 etiam
1433 4258 1607 4322 Parisien-

374 4384 451 4429 sem
466 4368 597 4430 similes
612 4369 748 4431 litteras
763 4368 942 4431 curandas
957 4368 1235 4445 arbitrabantur,
1252 4380 1290 4429 ut
1304 4368 1444 4431 oblatos
1462 4387 1485 4430 a
1503 4366 1608 4429 Prae·

375 4475 492 4552 posito
508 4474 675 4539 Generali
696 4476 740 4538 ad
763 4492 888 4538 sacros
908 4475 1053 4537 ordines
1075 4476 1332 4555 suscipiendos,
1356 4475 1457 4537 verbi
1482 4472 1549 4536 Dei
1573 4478 1609 4535 et

376 4593 682 4645 sacramentorum
697 4583 904 4660 ministeria,
921 4583 1060 4645 foveret
1074 4600 1117 4644 ac
1140 4594 1377 4662 promoveret,
1399 4592 1461 4645 aut
1480 4584 1607 4644 saltem

377 4706 448 4749 non
464 4688 660 4768 impediret.
677 4689 778 4768 Quod
795 4690 825 4752 si
837 4692 1104 4768 refragarentur
1115 4689 1369 4753 exhortatoriis
1380 4688 1506 4752 litteris
1516 4688 1607 4751 Pon·
