<?xml version="1.0" encoding="UTF-8"?>
<!DOCTYPE html PUBLIC "-//W3C//DTD XHTML 1.0 Transitional//EN"
    "http://www.w3.org/TR/xhtml1/DTD/xhtml1-transitional.dtd">
<html xmlns="http://www.w3.org/1999/xhtml" xml:lang="en" lang="en">
 <head>
  <title>
</title>
<meta http-equiv="Content-Type" content="text/html;charset=utf-8" />
  <meta name='ocr-system' content='tesseract 3.04.00' />
  <meta name='ocr-capabilities' content='ocr_page ocr_carea ocr_par ocr_line ocrx_word'/>
</head>
<body>
  <div class='ocr_page' id='page_1' title='image "./vitaignatiiloio01polagoog_0366.png"; bbox 0 0 3717 5400; ppageno 0'>
   <div class='ocr_carea' id='block_1_1' title="bbox 352 479 1130 554">
    <p class='ocr_par' dir='ltr' id='par_1_1' title="bbox 352 479 1130 554">
     <span class='ocr_line' id='line_1_1' title="bbox 352 479 1130 554; baseline -0.003 -14"><span class='ocrx_word' id='word_1_1' title='bbox 352 479 409 540; x_wconf 76' lang='lat' dir='ltr'>aad</span> <span class='ocrx_word' id='word_1_2' title='bbox 812 479 942 541; x_wconf 71' lang='lat' dir='ltr'>Canos.</span> <span class='ocrx_word' id='word_1_3' title='bbox 962 480 1039 539; x_wconf 83' lang='lat' dir='ltr'>Soc</span> <span class='ocrx_word' id='word_1_4' title='bbox 1059 481 1130 554; x_wconf 79' lang='lat' dir='ltr'>Jrs.</span> 
     </span>
    </p>
   </div>
   <div class='ocr_carea' id='block_1_2' title="bbox 272 627 1606 4449">
    <p class='ocr_par' dir='ltr' id='par_1_2' title="bbox 355 627 1592 1027">
     <span class='ocr_line' id='line_1_2' title="bbox 355 627 1592 707; baseline 0 -13"><span class='ocrx_word' id='word_1_5' title='bbox 355 628 525 706; x_wconf 88' lang='lat' dir='ltr'>templum</span> <span class='ocrx_word' id='word_1_6' title='bbox 547 627 580 689; x_wconf 93' lang='lat' dir='ltr'>ei</span> <span class='ocrx_word' id='word_1_7' title='bbox 598 637 653 689; x_wconf 89' lang='lat' dir='ltr'>est</span> <span class='ocrx_word' id='word_1_8' title='bbox 674 627 847 702; x_wconf 90' lang='lat' dir='ltr'>oblatum,</span> <span class='ocrx_word' id='word_1_9' title='bbox 863 627 900 688; x_wconf 94' lang='lat' dir='ltr'>in</span> <span class='ocrx_word' id='word_1_10' title='bbox 917 644 990 706; x_wconf 92' lang='lat' dir='ltr'>quo</span> <span class='ocrx_word' id='word_1_11' title='bbox 1009 627 1222 707; x_wconf 84' lang='lat' dir='ltr'>complures,</span> <span class='ocrx_word' id='word_1_12' title='bbox 1242 629 1302 706; x_wconf 93' lang='lat' dir='ltr'>qui</span> <span class='ocrx_word' id='word_1_13' title='bbox 1321 645 1403 690; x_wconf 88' lang='lat' dir='ltr'>eum</span> <span class='ocrx_word' id='word_1_14' title='bbox 1419 629 1592 694; x_wconf 79' lang='lat' dir='ltr'>audiendi</span> 
     </span>
     <span class='ocr_line' id='line_1_3' title="bbox 356 733 1584 814; baseline -0.002 -17"><span class='ocrx_word' id='word_1_15' title='bbox 356 733 540 814; x_wconf 86' lang='lat' dir='ltr'>percupidi</span> <span class='ocrx_word' id='word_1_16' title='bbox 554 743 668 810; x_wconf 89' lang='lat' dir='ltr'>erant,</span> <span class='ocrx_word' id='word_1_17' title='bbox 684 733 758 795; x_wconf 91' lang='lat' dir='ltr'>suis</span> <span class='ocrx_word' id='word_1_18' title='bbox 771 745 891 811; x_wconf 88' lang='lat' dir='ltr'>posset</span> <span class='ocrx_word' id='word_1_19' title='bbox 905 733 1137 796; x_wconf 87' lang='lat' dir='ltr'>concionibus</span> <span class='ocrx_word' id='word_1_20' title='bbox 1149 734 1340 810; x_wconf 87' lang='lat' dir='ltr'>consolari,</span> <span class='ocrx_word' id='word_1_21' title='bbox 1356 747 1391 796; x_wconf 91' lang='lat' dir='ltr'>et</span> <span class='ocrx_word' id='word_1_22' title='bbox 1405 735 1545 798; x_wconf 91' lang='lat' dir='ltr'>erudire</span> <span class='ocrx_word' id='word_1_23' title='bbox 1560 733 1584 794; x_wconf 89' lang='lat'>¹.</span> 
     </span>
     <span class='ocr_line' id='line_1_4' title="bbox 355 838 1585 921; baseline 0.001 -18"><span class='ocrx_word' id='word_1_24' title='bbox 355 840 501 904; x_wconf 81' lang='lat' dir='ltr'>Interim</span> <span class='ocrx_word' id='word_1_25' title='bbox 516 839 554 902; x_wconf 91' lang='lat' dir='ltr'>P.</span> <span class='ocrx_word' id='word_1_26' title='bbox 567 840 746 903; x_wconf 89' lang='lat' dir='ltr'>Antonius</span> <span class='ocrx_word' id='word_1_27' title='bbox 759 839 947 914; x_wconf 91' lang='lat' dir='ltr'>Cordeses,</span> <span class='ocrx_word' id='word_1_28' title='bbox 960 838 1123 903; x_wconf 90' lang='lat' dir='ltr'>Gandiae</span> <span class='ocrx_word' id='word_1_29' title='bbox 1136 839 1280 918; x_wconf 89' lang='lat' dir='ltr'>Rector,</span> <span class='ocrx_word' id='word_1_30' title='bbox 1290 839 1497 904; x_wconf 84' lang='lat' dir='ltr'><strong>Valentiam</strong></span> <span class='ocrx_word' id='word_1_31' title='bbox 1506 841 1585 921; x_wconf 85' lang='lat' dir='ltr'>ejus</span> 
     </span>
     <span class='ocr_line' id='line_1_5' title="bbox 356 944 1584 1027; baseline 0 -17"><span class='ocrx_word' id='word_1_32' title='bbox 356 949 436 1011; x_wconf 92' lang='lat' dir='ltr'>loco</span> <span class='ocrx_word' id='word_1_33' title='bbox 450 947 559 1024; x_wconf 89' lang='lat' dir='ltr'>venit,</span> <span class='ocrx_word' id='word_1_34' title='bbox 576 947 741 1027; x_wconf 90' lang='lat' dir='ltr'>quamvis</span> <span class='ocrx_word' id='word_1_35' title='bbox 754 944 970 1009; x_wconf 90' lang='lat' dir='ltr'>Gandieusis</span> <span class='ocrx_word' id='word_1_36' title='bbox 980 946 1132 1026; x_wconf 91' lang='lat' dir='ltr'>Collegii</span> <span class='ocrx_word' id='word_1_37' title='bbox 1144 965 1270 1011; x_wconf 90' lang='lat' dir='ltr'>curam</span> <span class='ocrx_word' id='word_1_38' title='bbox 1283 965 1354 1010; x_wconf 89' lang='lat' dir='ltr'>non</span> <span class='ocrx_word' id='word_1_39' title='bbox 1368 948 1545 1011; x_wconf 89' lang='lat' dir='ltr'>omitteret</span> <span class='ocrx_word' id='word_1_40' title='bbox 1558 951 1584 1010; x_wconf 76' lang='lat'>³.</span> 
     </span>
    </p>

    <p class='ocr_par' dir='ltr' id='par_1_3' title="bbox 358 1051 1587 1668">
     <span class='ocr_line' id='line_1_6' title="bbox 417 1051 1583 1132; baseline 0.002 -16"><span class='ocrx_word' id='word_1_41' title='bbox 417 1051 488 1116; x_wconf 88' lang='grc'>970.</span> <span class='ocrx_word' id='word_1_42' title='bbox 533 1052 637 1132; x_wconf 90' lang='lat' dir='ltr'>Quod</span> <span class='ocrx_word' id='word_1_43' title='bbox 648 1054 694 1117; x_wconf 90' lang='lat' dir='ltr'>ad</span> <span class='ocrx_word' id='word_1_44' title='bbox 705 1053 947 1116; x_wconf 72' lang='lat' dir='ltr'>consessiones</span> <span class='ocrx_word' id='word_1_45' title='bbox 960 1055 1099 1130; x_wconf 85' lang='lat' dir='ltr'><strong>attinet,</strong></span> <span class='ocrx_word' id='word_1_46' title='bbox 1112 1053 1268 1117; x_wconf 82' lang='lat' dir='ltr'>fructum</span> <span class='ocrx_word' id='word_1_47' title='bbox 1281 1072 1354 1117; x_wconf 93' lang='lat' dir='ltr'>non</span> <span class='ocrx_word' id='word_1_48' title='bbox 1368 1055 1583 1118; x_wconf 85' lang='lat' dir='ltr'>mediocrem</span> 
     </span>
     <span class='ocr_line' id='line_1_7' title="bbox 358 1161 1587 1242; baseline 0.001 -18"><span class='ocrx_word' id='word_1_49' title='bbox 358 1161 564 1225; x_wconf 83' lang='lat' dir='ltr'>sacerdotes</span> <span class='ocrx_word' id='word_1_50' title='bbox 584 1161 696 1224; x_wconf 83' lang='lat' dir='ltr'>nostri</span> <span class='ocrx_word' id='word_1_51' title='bbox 717 1161 974 1240; x_wconf 85' lang='lat' dir='ltr'>percipiebant,</span> <span class='ocrx_word' id='word_1_52' title='bbox 988 1171 1025 1224; x_wconf 93' lang='lat' dir='ltr'>et</span> <span class='ocrx_word' id='word_1_53' title='bbox 1049 1179 1095 1224; x_wconf 86' lang='lat' dir='ltr'>ex</span> <span class='ocrx_word' id='word_1_54' title='bbox 1118 1161 1200 1238; x_wconf 88' lang='lat' dir='ltr'>illis,</span> <span class='ocrx_word' id='word_1_55' title='bbox 1216 1162 1278 1242; x_wconf 91' lang='lat' dir='ltr'>qui</span> <span class='ocrx_word' id='word_1_56' title='bbox 1295 1164 1406 1225; x_wconf 88' lang='lat' dir='ltr'>semel</span> <span class='ocrx_word' id='word_1_57' title='bbox 1423 1161 1587 1226; x_wconf 87' lang='lat' dir='ltr'>confiteri</span> 
     </span>
     <span class='ocr_line' id='line_1_8' title="bbox 359 1267 1584 1348; baseline 0.002 -18"><span class='ocrx_word' id='word_1_58' title='bbox 359 1277 563 1348; x_wconf 84' lang='lat' dir='ltr'>coeperant,</span> <span class='ocrx_word' id='word_1_59' title='bbox 579 1269 680 1330; x_wconf 93' lang='lat' dir='ltr'>multi</span> <span class='ocrx_word' id='word_1_60' title='bbox 704 1267 982 1343; x_wconf 82' lang='lat' dir='ltr'>adducebantur,</span> <span class='ocrx_word' id='word_1_61' title='bbox 1003 1278 1042 1330; x_wconf 93' lang='lat' dir='ltr'>ut</span> <span class='ocrx_word' id='word_1_62' title='bbox 1060 1279 1286 1331; x_wconf 89' lang='lat' dir='ltr'>sacramenta</span> <span class='ocrx_word' id='word_1_63' title='bbox 1306 1268 1584 1348; x_wconf 81' lang='lat' dir='ltr'>frequentarent.</span> 
     </span>
     <span class='ocr_line' id='line_1_9' title="bbox 358 1373 1586 1457; baseline 0.001 -19"><span class='ocrx_word' id='word_1_64' title='bbox 358 1375 521 1455; x_wconf 87' lang='lat' dir='ltr'>Longum</span> <span class='ocrx_word' id='word_1_65' title='bbox 537 1386 656 1438; x_wconf 90' lang='lat' dir='ltr'>autem</span> <span class='ocrx_word' id='word_1_66' title='bbox 670 1384 763 1438; x_wconf 90' lang='lat' dir='ltr'>esset</span> <span class='ocrx_word' id='word_1_67' title='bbox 779 1375 911 1438; x_wconf 84' lang='lat' dir='ltr'>referre</span> <span class='ocrx_word' id='word_1_68' title='bbox 929 1376 1112 1454; x_wconf 82' lang='lat' dir='ltr'>sigillatim</span> <span class='ocrx_word' id='word_1_69' title='bbox 1126 1393 1219 1457; x_wconf 92' lang='lat' dir='ltr'>quae</span> <span class='ocrx_word' id='word_1_70' title='bbox 1233 1376 1280 1439; x_wconf 92' lang='lat' dir='ltr'>ad</span> <span class='ocrx_word' id='word_1_71' title='bbox 1297 1373 1366 1439; x_wconf 92' lang='lat' dir='ltr'>Dei</span> <span class='ocrx_word' id='word_1_72' title='bbox 1383 1375 1537 1454; x_wconf 86' lang='lat' dir='ltr'>gloriam</span> <span class='ocrx_word' id='word_1_73' title='bbox 1550 1386 1586 1439; x_wconf 89' lang='lat' dir='ltr'>et</span> 
     </span>
     <span class='ocr_line' id='line_1_10' title="bbox 359 1482 1585 1562; baseline 0.002 -18"><span class='ocrx_word' id='word_1_74' title='bbox 359 1483 560 1545; x_wconf 88' lang='lat' dir='ltr'>animarum</span> <span class='ocrx_word' id='word_1_75' title='bbox 586 1484 735 1545; x_wconf 89' lang='lat' dir='ltr'>salutem</span> <span class='ocrx_word' id='word_1_76' title='bbox 761 1482 829 1544; x_wconf 91' lang='lat' dir='ltr'>hoc</span> <span class='ocrx_word' id='word_1_77' title='bbox 853 1483 1050 1544; x_wconf 91' lang='lat' dir='ltr'>ministerio</span> <span class='ocrx_word' id='word_1_78' title='bbox 1073 1500 1237 1560; x_wconf 88' lang='lat' dir='ltr'>evenere;</span> <span class='ocrx_word' id='word_1_79' title='bbox 1262 1483 1381 1562; x_wconf 91' lang='lat' dir='ltr'>aliqua</span> <span class='ocrx_word' id='word_1_80' title='bbox 1405 1493 1526 1545; x_wconf 90' lang='lat' dir='ltr'>tamen</span> <span class='ocrx_word' id='word_1_81' title='bbox 1539 1501 1585 1546; x_wconf 88' lang='lat' dir='ltr'>ex</span> 
     </span>
     <span class='ocr_line' id='line_1_11' title="bbox 360 1588 871 1668; baseline -0.004 -18"><span class='ocrx_word' id='word_1_82' title='bbox 360 1590 479 1652; x_wconf 90' lang='lat' dir='ltr'>multis</span> <span class='ocrx_word' id='word_1_83' title='bbox 495 1589 692 1668; x_wconf 85' lang='lat' dir='ltr'>insigniora</span> <span class='ocrx_word' id='word_1_84' title='bbox 706 1588 871 1652; x_wconf 86' lang='lat' dir='ltr'>referam.</span> 
     </span>
    </p>

    <p class='ocr_par' dir='ltr' id='par_1_4' title="bbox 272 1695 1600 3489">
     <span class='ocr_line' id='line_1_12' title="bbox 418 1695 1588 1775; baseline 0 -18"><span class='ocrx_word' id='word_1_85' title='bbox 418 1695 490 1757; x_wconf 84' lang='lat'>971.</span> <span class='ocrx_word' id='word_1_86' title='bbox 535 1695 687 1774; x_wconf 87' lang='lat' dir='ltr'>Quidam</span> <span class='ocrx_word' id='word_1_87' title='bbox 701 1705 852 1758; x_wconf 90' lang='lat' dir='ltr'>mortem</span> <span class='ocrx_word' id='word_1_88' title='bbox 866 1696 934 1758; x_wconf 92' lang='lat' dir='ltr'>sibi</span> <span class='ocrx_word' id='word_1_89' title='bbox 954 1695 1085 1758; x_wconf 80' lang='lat' dir='ltr'>inferre</span> <span class='ocrx_word' id='word_1_90' title='bbox 1098 1697 1262 1775; x_wconf 90' lang='lat' dir='ltr'>parabat,</span> <span class='ocrx_word' id='word_1_91' title='bbox 1276 1697 1436 1760; x_wconf 92' lang='lat' dir='ltr'>dolorem</span> <span class='ocrx_word' id='word_1_92' title='bbox 1454 1713 1525 1758; x_wconf 90' lang='lat' dir='ltr'>non</span> <span class='ocrx_word' id='word_1_93' title='bbox 1539 1695 1588 1757; x_wconf 83' lang='lat' dir='ltr'>fe-</span> 
     </span>
     <span class='ocr_line' id='line_1_13' title="bbox 360 1803 1589 1882; baseline -0.001 -17"><span class='ocrx_word' id='word_1_94' title='bbox 360 1819 572 1866; x_wconf 91' lang='lat' dir='ltr'>rensrerum</span> <span class='ocrx_word' id='word_1_95' title='bbox 587 1803 833 1880; x_wconf 90' lang='lat' dir='ltr'>adversarum,</span> <span class='ocrx_word' id='word_1_96' title='bbox 859 1820 951 1881; x_wconf 90' lang='lat' dir='ltr'>quae</span> <span class='ocrx_word' id='word_1_97' title='bbox 973 1803 1041 1882; x_wconf 91' lang='lat' dir='ltr'>ipsi</span> <span class='ocrx_word' id='word_1_98' title='bbox 1065 1803 1282 1881; x_wconf 89' lang='lat' dir='ltr'>acciderant,</span> <span class='ocrx_word' id='word_1_99' title='bbox 1305 1814 1341 1866; x_wconf 93' lang='lat' dir='ltr'>et</span> <span class='ocrx_word' id='word_1_100' title='bbox 1365 1803 1589 1867; x_wconf 89' lang='lat' dir='ltr'>commodam</span> 
     </span>
     <span class='ocr_line' id='line_1_14' title="bbox 361 1909 1588 1990; baseline -0.003 -16"><span class='ocrx_word' id='word_1_101' title='bbox 361 1921 488 1974; x_wconf 90' lang='lat' dir='ltr'>nactus</span> <span class='ocrx_word' id='word_1_102' title='bbox 503 1909 739 1986; x_wconf 88' lang='lat' dir='ltr'>occasionem,</span> <span class='ocrx_word' id='word_1_103' title='bbox 756 1911 882 1989; x_wconf 91' lang='lat' dir='ltr'>laqueo</span> <span class='ocrx_word' id='word_1_104' title='bbox 894 1927 934 1972; x_wconf 92' lang='lat' dir='ltr'>se</span> <span class='ocrx_word' id='word_1_105' title='bbox 947 1909 1142 1990; x_wconf 89' lang='lat' dir='ltr'>suspendit;</span> <span class='ocrx_word' id='word_1_106' title='bbox 1157 1910 1220 1972; x_wconf 91' lang='lat' dir='ltr'>sed</span> <span class='ocrx_word' id='word_1_107' title='bbox 1234 1927 1315 1972; x_wconf 92' lang='lat' dir='ltr'>cum</span> <span class='ocrx_word' id='word_1_108' title='bbox 1331 1912 1454 1974; x_wconf 89' lang='lat' dir='ltr'>divina</span> <span class='ocrx_word' id='word_1_109' title='bbox 1473 1909 1588 1989; x_wconf 89' lang='lat' dir='ltr'>pietas</span> 
     </span>
     <span class='ocr_line' id='line_1_15' title="bbox 360 2016 1593 2096; baseline 0.001 -16"><span class='ocrx_word' id='word_1_110' title='bbox 360 2017 455 2080; x_wconf 88' lang='lat' dir='ltr'>bunc</span> <span class='ocrx_word' id='word_1_111' title='bbox 470 2017 649 2080; x_wconf 90' lang='lat' dir='ltr'>hominem</span> <span class='ocrx_word' id='word_1_112' title='bbox 663 2020 770 2080; x_wconf 90' lang='lat' dir='ltr'>nollet</span> <span class='ocrx_word' id='word_1_113' title='bbox 781 2018 910 2096; x_wconf 92' lang='lat' dir='ltr'>perire,</span> <span class='ocrx_word' id='word_1_114' title='bbox 925 2017 995 2080; x_wconf 94' lang='lat' dir='ltr'>hac</span> <span class='ocrx_word' id='word_1_115' title='bbox 1013 2017 1065 2080; x_wconf 91' lang='lat' dir='ltr'>illi</span> <span class='ocrx_word' id='word_1_116' title='bbox 1084 2018 1223 2080; x_wconf 89' lang='lat' dir='ltr'>ratione</span> <span class='ocrx_word' id='word_1_117' title='bbox 1238 2018 1414 2080; x_wconf 87' lang='lat' dir='ltr'>subvenit.</span> <span class='ocrx_word' id='word_1_118' title='bbox 1433 2016 1593 2096; x_wconf 86' lang='lat' dir='ltr'>Quidam</span> 
     </span>
     <span class='ocr_line' id='line_1_16' title="bbox 360 2123 1592 2204; baseline -0.002 -18"><span class='ocrx_word' id='word_1_119' title='bbox 360 2125 455 2187; x_wconf 90' lang='lat' dir='ltr'>enim</span> <span class='ocrx_word' id='word_1_120' title='bbox 470 2125 572 2204; x_wconf 76' lang='lat' dir='ltr'>aliuS,</span> <span class='ocrx_word' id='word_1_121' title='bbox 588 2143 670 2187; x_wconf 90' lang='lat' dir='ltr'>cum</span> <span class='ocrx_word' id='word_1_122' title='bbox 689 2141 900 2204; x_wconf 91' lang='lat' dir='ltr'>suspensum</span> <span class='ocrx_word' id='word_1_123' title='bbox 921 2125 1071 2200; x_wconf 90' lang='lat' dir='ltr'>videret,</span> <span class='ocrx_word' id='word_1_124' title='bbox 1093 2125 1265 2202; x_wconf 88' lang='lat' dir='ltr'>accurrit,</span> <span class='ocrx_word' id='word_1_125' title='bbox 1282 2135 1318 2186; x_wconf 94' lang='lat' dir='ltr'>et</span> <span class='ocrx_word' id='word_1_126' title='bbox 1334 2123 1409 2203; x_wconf 87' lang='lat' dir='ltr'>jam</span> <span class='ocrx_word' id='word_1_127' title='bbox 1427 2124 1501 2187; x_wconf 87' lang='lat' dir='ltr'>sere</span> <span class='ocrx_word' id='word_1_128' title='bbox 1513 2141 1592 2186; x_wconf 88' lang='lat' dir='ltr'>mo·-</span> 
     </span>
     <span class='ocr_line' id='line_1_17' title="bbox 272 2227 1587 2312; baseline -0.001 -18"><span class='ocrx_word' id='word_1_129' title='bbox 272 2255 276 2262; x_wconf 95' lang='lat'>·</span> <span class='ocrx_word' id='word_1_130' title='bbox 361 2231 509 2294; x_wconf 89' lang='lat' dir='ltr'>rientem</span> <span class='ocrx_word' id='word_1_131' title='bbox 525 2250 547 2294; x_wconf 88' lang='lat' dir='ltr'>a</span> <span class='ocrx_word' id='word_1_132' title='bbox 561 2232 723 2311; x_wconf 90' lang='lat' dir='ltr'>corporis</span> <span class='ocrx_word' id='word_1_133' title='bbox 744 2241 779 2294; x_wconf 93' lang='lat' dir='ltr'>et</span> <span class='ocrx_word' id='word_1_134' title='bbox 798 2232 907 2295; x_wconf 88' lang='lat' dir='ltr'>animi</span> <span class='ocrx_word' id='word_1_135' title='bbox 922 2227 1037 2295; x_wconf 91' lang='lat' dir='ltr'>m&#39;orte</span> <span class='ocrx_word' id='word_1_136' title='bbox 1060 2232 1200 2312; x_wconf 89' lang='lat' dir='ltr'>eripuit.</span> <span class='ocrx_word' id='word_1_137' title='bbox 1222 2230 1292 2294; x_wconf 91' lang='lat' dir='ltr'>Sed</span> <span class='ocrx_word' id='word_1_138' title='bbox 1312 2248 1395 2293; x_wconf 93' lang='lat' dir='ltr'>cum</span> <span class='ocrx_word' id='word_1_139' title='bbox 1412 2231 1466 2294; x_wconf 93' lang='lat' dir='ltr'>rei</span> <span class='ocrx_word' id='word_1_140' title='bbox 1483 2229 1587 2309; x_wconf 90' lang='lat' dir='ltr'>hujus</span> 
     </span>
     <span class='ocr_line' id='line_1_18' title="bbox 360 2337 1596 2418; baseline -0.002 -18"><span class='ocrx_word' id='word_1_141' title='bbox 360 2337 456 2401; x_wconf 81' lang='lat' dir='ltr'>sama</span> <span class='ocrx_word' id='word_1_142' title='bbox 469 2339 709 2418; x_wconf 89' lang='lat' dir='ltr'>evulgaretur,</span> <span class='ocrx_word' id='word_1_143' title='bbox 726 2347 825 2402; x_wconf 90' lang='lat' dir='ltr'>tanta</span> <span class='ocrx_word' id='word_1_144' title='bbox 840 2338 990 2402; x_wconf 84' lang='lat' dir='ltr'>aflectus</span> <span class='ocrx_word' id='word_1_145' title='bbox 1005 2339 1070 2402; x_wconf 87' lang='lat' dir='ltr'>suit</span> <span class='ocrx_word' id='word_1_146' title='bbox 1090 2340 1234 2402; x_wconf 91' lang='lat' dir='ltr'>tristitia</span> <span class='ocrx_word' id='word_1_147' title='bbox 1255 2339 1313 2401; x_wconf 92' lang='lat' dir='ltr'>ille</span> <span class='ocrx_word' id='word_1_148' title='bbox 1334 2339 1422 2417; x_wconf 88' lang='lat' dir='ltr'>ipse,</span> <span class='ocrx_word' id='word_1_149' title='bbox 1444 2345 1484 2400; x_wconf 91' lang='lat' dir='ltr'>ut</span> <span class='ocrx_word' id='word_1_150' title='bbox 1498 2354 1596 2400; x_wconf 70' lang='lat' dir='ltr'>mor·</span> 
     </span>
     <span class='ocr_line' id='line_1_19' title="bbox 361 2444 1590 2524; baseline -0.001 -17"><span class='ocrx_word' id='word_1_151' title='bbox 361 2456 432 2508; x_wconf 92' lang='lat' dir='ltr'>tem</span> <span class='ocrx_word' id='word_1_152' title='bbox 447 2445 563 2509; x_wconf 90' lang='lat' dir='ltr'>denuo</span> <span class='ocrx_word' id='word_1_153' title='bbox 576 2454 716 2523; x_wconf 87' lang='lat' dir='ltr'>putaret</span> <span class='ocrx_word' id='word_1_154' title='bbox 731 2446 806 2510; x_wconf 88' lang='lat' dir='ltr'>vita</span> <span class='ocrx_word' id='word_1_155' title='bbox 821 2446 887 2509; x_wconf 92' lang='lat' dir='ltr'>sibi</span> <span class='ocrx_word' id='word_1_156' title='bbox 899 2444 1144 2524; x_wconf 88' lang='lat' dir='ltr'>jucundiorem</span> <span class='ocrx_word' id='word_1_157' title='bbox 1160 2445 1248 2523; x_wconf 86' lang='lat' dir='ltr'>lore;</span> <span class='ocrx_word' id='word_1_158' title='bbox 1260 2455 1296 2508; x_wconf 91' lang='lat' dir='ltr'>et</span> <span class='ocrx_word' id='word_1_159' title='bbox 1310 2445 1360 2507; x_wconf 91' lang='lat' dir='ltr'>ita</span> <span class='ocrx_word' id='word_1_160' title='bbox 1372 2444 1466 2524; x_wconf 93' lang='lat' dir='ltr'>quod</span> <span class='ocrx_word' id='word_1_161' title='bbox 1480 2445 1590 2507; x_wconf 90' lang='lat' dir='ltr'>semel</span> 
     </span>
     <span class='ocr_line' id='line_1_20' title="bbox 362 2551 1597 2634; baseline -0.002 -20"><span class='ocrx_word' id='word_1_162' title='bbox 362 2561 612 2628; x_wconf 89' lang='lat' dir='ltr'>attentaverat,</span> <span class='ocrx_word' id='word_1_163' title='bbox 630 2552 823 2632; x_wconf 87' lang='lat' dir='ltr'>perducere</span> <span class='ocrx_word' id='word_1_164' title='bbox 844 2553 890 2616; x_wconf 92' lang='lat' dir='ltr'>ad</span> <span class='ocrx_word' id='word_1_165' title='bbox 905 2552 1009 2616; x_wconf 91' lang='lat' dir='ltr'>finem</span> <span class='ocrx_word' id='word_1_166' title='bbox 1022 2570 1134 2634; x_wconf 91' lang='lat' dir='ltr'>usque</span> <span class='ocrx_word' id='word_1_167' title='bbox 1148 2553 1342 2630; x_wconf 90' lang='lat' dir='ltr'>cogitabat.</span> <span class='ocrx_word' id='word_1_168' title='bbox 1364 2551 1515 2630; x_wconf 88' lang='lat' dir='ltr'>Quidam</span> <span class='ocrx_word' id='word_1_169' title='bbox 1529 2567 1597 2612; x_wconf 78' lang='lat' dir='ltr'>au··</span> 
     </span>
     <span class='ocr_line' id='line_1_21' title="bbox 362 2657 1597 2738; baseline 0 -15"><span class='ocrx_word' id='word_1_170' title='bbox 362 2670 431 2723; x_wconf 91' lang='lat' dir='ltr'>tem</span> <span class='ocrx_word' id='word_1_171' title='bbox 444 2677 489 2722; x_wconf 87' lang='lat' dir='ltr'>ex</span> <span class='ocrx_word' id='word_1_172' title='bbox 503 2659 635 2723; x_wconf 92' lang='lat' dir='ltr'>nostris</span> <span class='ocrx_word' id='word_1_173' title='bbox 649 2659 816 2724; x_wconf 87' lang='lat' dir='ltr'>Patribus</span> <span class='ocrx_word' id='word_1_174' title='bbox 830 2662 898 2723; x_wconf 87' lang='lat' dir='ltr'>hac</span> <span class='ocrx_word' id='word_1_175' title='bbox 913 2660 958 2723; x_wconf 91' lang='lat' dir='ltr'>de</span> <span class='ocrx_word' id='word_1_176' title='bbox 972 2678 1011 2724; x_wconf 89' lang='lat' dir='ltr'>re</span> <span class='ocrx_word' id='word_1_177' title='bbox 1025 2660 1155 2723; x_wconf 90' lang='lat' dir='ltr'>certior</span> <span class='ocrx_word' id='word_1_178' title='bbox 1167 2658 1297 2737; x_wconf 84' lang='lat' dir='ltr'>factus,</span> <span class='ocrx_word' id='word_1_179' title='bbox 1309 2659 1346 2722; x_wconf 93' lang='lat' dir='ltr'>in</span> <span class='ocrx_word' id='word_1_180' title='bbox 1360 2657 1466 2738; x_wconf 87' lang='lat' dir='ltr'>hujus</span> <span class='ocrx_word' id='word_1_181' title='bbox 1479 2658 1597 2723; x_wconf 66' lang='lat' dir='ltr'>homi-</span> 
     </span>
     <span class='ocr_line' id='line_1_22' title="bbox 361 2765 1591 2846; baseline -0.002 -15"><span class='ocrx_word' id='word_1_182' title='bbox 361 2768 417 2831; x_wconf 92' lang='lat' dir='ltr'>nis</span> <span class='ocrx_word' id='word_1_183' title='bbox 431 2767 574 2830; x_wconf 91' lang='lat' dir='ltr'>domum</span> <span class='ocrx_word' id='word_1_184' title='bbox 589 2784 627 2830; x_wconf 92' lang='lat' dir='ltr'>se</span> <span class='ocrx_word' id='word_1_185' title='bbox 648 2768 847 2845; x_wconf 69' lang='lat' dir='ltr'>conserens</span> <span class='ocrx_word' id='word_1_186' title='bbox 868 2786 950 2831; x_wconf 91' lang='lat' dir='ltr'>eum</span> <span class='ocrx_word' id='word_1_187' title='bbox 968 2770 1174 2831; x_wconf 87' lang='lat' dir='ltr'>consolatus</span> <span class='ocrx_word' id='word_1_188' title='bbox 1192 2778 1257 2846; x_wconf 91' lang='lat' dir='ltr'>est,</span> <span class='ocrx_word' id='word_1_189' title='bbox 1279 2778 1314 2830; x_wconf 92' lang='lat' dir='ltr'>et</span> <span class='ocrx_word' id='word_1_190' title='bbox 1335 2768 1382 2829; x_wconf 90' lang='lat' dir='ltr'>ad</span> <span class='ocrx_word' id='word_1_191' title='bbox 1399 2765 1591 2829; x_wconf 81' lang='lat' dir='ltr'>confessio·</span> 
     </span>
     <span class='ocr_line' id='line_1_23' title="bbox 360 2872 1590 2955; baseline 0 -19"><span class='ocrx_word' id='word_1_192' title='bbox 360 2891 442 2937; x_wconf 90' lang='lat' dir='ltr'>nem</span> <span class='ocrx_word' id='word_1_193' title='bbox 457 2872 678 2953; x_wconf 65' lang='lat' dir='ltr'>adhortatus</span> <span class='ocrx_word' id='word_1_194' title='bbox 696 2892 802 2953; x_wconf 88' lang='lat' dir='ltr'>quam</span> <span class='ocrx_word' id='word_1_195' title='bbox 816 2875 921 2937; x_wconf 90' lang='lat' dir='ltr'>simul</span> <span class='ocrx_word' id='word_1_196' title='bbox 936 2884 1041 2955; x_wconf 92' lang='lat' dir='ltr'>atque</span> <span class='ocrx_word' id='word_1_197' title='bbox 1055 2876 1112 2937; x_wconf 90' lang='lat' dir='ltr'>ille</span> <span class='ocrx_word' id='word_1_198' title='bbox 1126 2875 1221 2952; x_wconf 83' lang='lat' dir='ltr'>lecit,</span> <span class='ocrx_word' id='word_1_199' title='bbox 1238 2877 1290 2937; x_wconf 90' lang='lat' dir='ltr'>sic</span> <span class='ocrx_word' id='word_1_200' title='bbox 1305 2893 1327 2937; x_wconf 91' lang='lat' dir='ltr'>a</span> <span class='ocrx_word' id='word_1_201' title='bbox 1350 2874 1506 2937; x_wconf 92' lang='lat' dir='ltr'>Domino</span> <span class='ocrx_word' id='word_1_202' title='bbox 1526 2891 1590 2953; x_wconf 89' lang='lat' dir='ltr'>per</span> 
     </span>
     <span class='ocr_line' id='line_1_24' title="bbox 361 2979 1592 3061; baseline -0.002 -18"><span class='ocrx_word' id='word_1_203' title='bbox 361 2990 626 3046; x_wconf 88' lang='lat' dir='ltr'>sacramentum</span> <span class='ocrx_word' id='word_1_204' title='bbox 641 2992 675 3045; x_wconf 93' lang='lat' dir='ltr'>et</span> <span class='ocrx_word' id='word_1_205' title='bbox 689 2982 922 3045; x_wconf 90' lang='lat' dir='ltr'>ministerium</span> <span class='ocrx_word' id='word_1_206' title='bbox 937 2979 1014 3060; x_wconf 87' lang='lat' dir='ltr'>ejus</span> <span class='ocrx_word' id='word_1_207' title='bbox 1027 2981 1168 3061; x_wconf 77' lang='lat' dir='ltr'>adiutus</span> <span class='ocrx_word' id='word_1_208' title='bbox 1182 2991 1248 3060; x_wconf 91' lang='lat' dir='ltr'>est,</span> <span class='ocrx_word' id='word_1_209' title='bbox 1265 2992 1303 3045; x_wconf 95' lang='lat' dir='ltr'>ut</span> <span class='ocrx_word' id='word_1_210' title='bbox 1313 2980 1388 3061; x_wconf 88' lang='lat' dir='ltr'>jam</span> <span class='ocrx_word' id='word_1_211' title='bbox 1402 2998 1469 3043; x_wconf 92' lang='lat' dir='ltr'>nec</span> <span class='ocrx_word' id='word_1_212' title='bbox 1485 2979 1592 3042; x_wconf 80' lang='lat' dir='ltr'>infor·</span> 
     </span>
     <span class='ocr_line' id='line_1_25' title="bbox 362 3088 1600 3168; baseline -0.001 -19"><span class='ocrx_word' id='word_1_213' title='bbox 362 3088 449 3151; x_wconf 91' lang='lat' dir='ltr'>tunii</span> <span class='ocrx_word' id='word_1_214' title='bbox 464 3089 595 3168; x_wconf 92' lang='lat' dir='ltr'>prioris</span> <span class='ocrx_word' id='word_1_215' title='bbox 609 3106 675 3151; x_wconf 90' lang='lat' dir='ltr'>nec</span> <span class='ocrx_word' id='word_1_216' title='bbox 690 3088 906 3167; x_wconf 89' lang='lat' dir='ltr'>ignominiae</span> <span class='ocrx_word' id='word_1_217' title='bbox 918 3088 1177 3152; x_wconf 75' lang='lat' dir='ltr'>recordaretur,</span> <span class='ocrx_word' id='word_1_218' title='bbox 1191 3088 1236 3151; x_wconf 90' lang='lat' dir='ltr'>Et</span> <span class='ocrx_word' id='word_1_219' title='bbox 1250 3089 1355 3151; x_wconf 93' lang='lat' dir='ltr'>domo</span> <span class='ocrx_word' id='word_1_220' title='bbox 1369 3104 1435 3149; x_wconf 92' lang='lat' dir='ltr'>sua</span> <span class='ocrx_word' id='word_1_221' title='bbox 1448 3103 1600 3166; x_wconf 74' lang='lat' dir='ltr'>eggres-</span> 
     </span>
     <span class='ocr_line' id='line_1_26' title="bbox 361 3196 1600 3275; baseline -0.001 -19"><span class='ocrx_word' id='word_1_222' title='bbox 361 3210 422 3257; x_wconf 89' lang='lat' dir='ltr'>sus</span> <span class='ocrx_word' id='word_1_223' title='bbox 449 3196 561 3275; x_wconf 90' lang='lat' dir='ltr'>(prius</span> <span class='ocrx_word' id='word_1_224' title='bbox 580 3196 673 3258; x_wconf 90' lang='lat' dir='ltr'>enim</span> <span class='ocrx_word' id='word_1_225' title='bbox 694 3196 729 3258; x_wconf 90' lang='lat' dir='ltr'>in</span> <span class='ocrx_word' id='word_1_226' title='bbox 746 3197 872 3259; x_wconf 89' lang='lat' dir='ltr'>cellula</span> <span class='ocrx_word' id='word_1_227' title='bbox 895 3213 934 3259; x_wconf 92' lang='lat' dir='ltr'>se</span> <span class='ocrx_word' id='word_1_228' title='bbox 953 3197 1168 3275; x_wconf 88' lang='lat' dir='ltr'>continebat,</span> <span class='ocrx_word' id='word_1_229' title='bbox 1189 3213 1256 3258; x_wconf 90' lang='lat' dir='ltr'>nec</span> <span class='ocrx_word' id='word_1_230' title='bbox 1278 3212 1490 3275; x_wconf 85' lang='lat' dir='ltr'>quemquam</span> <span class='ocrx_word' id='word_1_231' title='bbox 1505 3211 1600 3273; x_wconf 88' lang='lat' dir='ltr'>prae-</span> 
     </span>
     <span class='ocr_line' id='line_1_27' title="bbox 361 3302 1591 3383; baseline -0.001 -19"><span class='ocrx_word' id='word_1_232' title='bbox 361 3302 496 3380; x_wconf 90' lang='lat' dir='ltr'>pudore</span> <span class='ocrx_word' id='word_1_233' title='bbox 511 3303 744 3382; x_wconf 81' lang='lat' dir='ltr'>loquebatur),</span> <span class='ocrx_word' id='word_1_234' title='bbox 762 3304 807 3366; x_wconf 91' lang='lat' dir='ltr'>ad</span> <span class='ocrx_word' id='word_1_235' title='bbox 823 3304 1022 3383; x_wconf 89' lang='lat' dir='ltr'>Collegium</span> <span class='ocrx_word' id='word_1_236' title='bbox 1035 3313 1198 3366; x_wconf 90' lang='lat' dir='ltr'>nostrum</span> <span class='ocrx_word' id='word_1_237' title='bbox 1212 3304 1336 3366; x_wconf 91' lang='lat' dir='ltr'>venire</span> <span class='ocrx_word' id='word_1_238' title='bbox 1351 3302 1479 3381; x_wconf 92' lang='lat' dir='ltr'>coepit,</span> <span class='ocrx_word' id='word_1_239' title='bbox 1492 3311 1528 3363; x_wconf 91' lang='lat' dir='ltr'>et</span> <span class='ocrx_word' id='word_1_240' title='bbox 1541 3311 1591 3363; x_wconf 91' lang='lat' dir='ltr'>te-</span> 
     </span>
     <span class='ocr_line' id='line_1_28' title="bbox 362 3407 1600 3489; baseline 0.002 -18"><span class='ocrx_word' id='word_1_241' title='bbox 362 3407 510 3489; x_wconf 91' lang='lat' dir='ltr'>piditate</span> <span class='ocrx_word' id='word_1_242' title='bbox 527 3407 677 3489; x_wconf 89' lang='lat' dir='ltr'>abjecta,</span> <span class='ocrx_word' id='word_1_243' title='bbox 694 3409 873 3474; x_wconf 84' lang='lat' dir='ltr'>ferventer</span> <span class='ocrx_word' id='word_1_244' title='bbox 889 3427 927 3473; x_wconf 93' lang='lat' dir='ltr'>se</span> <span class='ocrx_word' id='word_1_245' title='bbox 946 3410 1089 3474; x_wconf 89' lang='lat' dir='ltr'>tradere</span> <span class='ocrx_word' id='word_1_246' title='bbox 1108 3410 1287 3473; x_wconf 88' lang='lat' dir='ltr'>exercitiis</span> <span class='ocrx_word' id='word_1_247' title='bbox 1306 3409 1448 3489; x_wconf 90' lang='lat' dir='ltr'>pietatis</span> <span class='ocrx_word' id='word_1_248' title='bbox 1462 3408 1600 3487; x_wconf 90' lang='lat' dir='ltr'>coepit..</span> 
     </span>
    </p>

    <p class='ocr_par' dir='ltr' id='par_1_5' title="bbox 362 3514 1606 4449">
     <span class='ocr_line' id='line_1_29' title="bbox 423 3514 1594 3598; baseline -0.002 -20"><span class='ocrx_word' id='word_1_249' title='bbox 423 3514 494 3579; x_wconf 86' lang='grc'>972.</span> <span class='ocrx_word' id='word_1_250' title='bbox 536 3516 694 3580; x_wconf 88' lang='lat' dir='ltr'>Alterius</span> <span class='ocrx_word' id='word_1_251' title='bbox 706 3518 849 3597; x_wconf 86' lang='lat' dir='ltr'>generis</span> <span class='ocrx_word' id='word_1_252' title='bbox 858 3516 924 3581; x_wconf 86' lang='lat' dir='ltr'>fuit</span> <span class='ocrx_word' id='word_1_253' title='bbox 937 3518 1022 3581; x_wconf 92' lang='lat' dir='ltr'>illud</span> <span class='ocrx_word' id='word_1_254' title='bbox 1033 3534 1132 3598; x_wconf 91' lang='lat' dir='ltr'>opus,</span> <span class='ocrx_word' id='word_1_255' title='bbox 1145 3518 1239 3598; x_wconf 91' lang='lat' dir='ltr'>quod</span> <span class='ocrx_word' id='word_1_256' title='bbox 1250 3516 1406 3579; x_wconf 88' lang='lat' dir='ltr'>foemina</span> <span class='ocrx_word' id='word_1_257' title='bbox 1418 3514 1594 3595; x_wconf 89' lang='lat' dir='ltr'>quaedam</span> 
     </span>
     <span class='ocr_line' id='line_1_30' title="bbox 363 3618 1594 3704; baseline -0.002 -19"><span class='ocrx_word' id='word_1_258' title='bbox 363 3618 466 3704; x_wconf 87' lang='lat' dir='ltr'>[luit],</span> <span class='ocrx_word' id='word_1_259' title='bbox 483 3638 573 3702; x_wconf 91' lang='lat' dir='ltr'>quae</span> <span class='ocrx_word' id='word_1_260' title='bbox 589 3625 808 3687; x_wconf 91' lang='lat' dir='ltr'>clandestino</span> <span class='ocrx_word' id='word_1_261' title='bbox 824 3624 1050 3688; x_wconf 90' lang='lat' dir='ltr'>matrimonio</span> <span class='ocrx_word' id='word_1_262' title='bbox 1066 3632 1271 3702; x_wconf 91' lang='lat' dir='ltr'>contracto,</span> <span class='ocrx_word' id='word_1_263' title='bbox 1291 3640 1373 3687; x_wconf 91' lang='lat' dir='ltr'>cum</span> <span class='ocrx_word' id='word_1_264' title='bbox 1389 3620 1594 3685; x_wconf 90' lang='lat' dir='ltr'>admonere·</span> 
     </span>
     <span class='ocr_line' id='line_1_31' title="bbox 363 3728 1604 3809; baseline -0.001 -17"><span class='ocrx_word' id='word_1_265' title='bbox 363 3740 424 3793; x_wconf 93' lang='lat' dir='ltr'>tur</span> <span class='ocrx_word' id='word_1_266' title='bbox 438 3740 477 3792; x_wconf 89' lang='lat' dir='ltr'>ut</span> <span class='ocrx_word' id='word_1_267' title='bbox 491 3731 630 3809; x_wconf 91' lang='lat' dir='ltr'>publice</span> <span class='ocrx_word' id='word_1_268' title='bbox 644 3731 681 3793; x_wconf 91' lang='lat' dir='ltr'>in</span> <span class='ocrx_word' id='word_1_269' title='bbox 697 3729 789 3793; x_wconf 84' lang='lat' dir='ltr'>facie</span> <span class='ocrx_word' id='word_1_270' title='bbox 803 3732 986 3795; x_wconf 87' lang='lat' dir='ltr'>Ecclesiae</span> <span class='ocrx_word' id='word_1_271' title='bbox 1001 3732 1086 3794; x_wconf 91' lang='lat' dir='ltr'>illud</span> <span class='ocrx_word' id='word_1_272' title='bbox 1100 3731 1342 3806; x_wconf 90' lang='lat' dir='ltr'>contraheret,</span> <span class='ocrx_word' id='word_1_273' title='bbox 1360 3730 1533 3792; x_wconf 89' lang='lat' dir='ltr'>maluerat</span> <span class='ocrx_word' id='word_1_274' title='bbox 1553 3728 1604 3791; x_wconf 70' lang='lat'>25</span> 
     </span>
     <span class='ocr_line' id='line_1_32' title="bbox 362 3835 1595 3915; baseline -0.001 -17"><span class='ocrx_word' id='word_1_275' title='bbox 362 3836 465 3899; x_wconf 89' lang='lat' dir='ltr'>annis</span> <span class='ocrx_word' id='word_1_276' title='bbox 479 3835 731 3900; x_wconf 86' lang='lat' dir='ltr'>aconlessione</span> <span class='ocrx_word' id='word_1_277' title='bbox 743 3837 933 3915; x_wconf 89' lang='lat' dir='ltr'>abstinere,</span> <span class='ocrx_word' id='word_1_278' title='bbox 946 3838 1094 3902; x_wconf 90' lang='lat' dir='ltr'>nimium</span> <span class='ocrx_word' id='word_1_279' title='bbox 1103 3838 1230 3901; x_wconf 88' lang='lat' dir='ltr'>timens</span> <span class='ocrx_word' id='word_1_280' title='bbox 1241 3854 1286 3899; x_wconf 90' lang='lat' dir='ltr'>ne</span> <span class='ocrx_word' id='word_1_281' title='bbox 1301 3835 1522 3915; x_wconf 89' lang='lat' dir='ltr'>dispendium</span> <span class='ocrx_word' id='word_1_282' title='bbox 1535 3836 1595 3897; x_wconf 89' lang='lat' dir='ltr'>ho·</span> 
     </span>
     <span class='ocr_line' id='line_1_33' title="bbox 362 3942 1595 4024; baseline -0.001 -19"><span class='ocrx_word' id='word_1_283' title='bbox 362 3944 461 4006; x_wconf 89' lang='lat' dir='ltr'>noris</span> <span class='ocrx_word' id='word_1_284' title='bbox 472 3942 617 4023; x_wconf 83' lang='lat' dir='ltr'>laceret,</span> <span class='ocrx_word' id='word_1_285' title='bbox 630 3962 711 4007; x_wconf 90' lang='lat' dir='ltr'>cum</span> <span class='ocrx_word' id='word_1_286' title='bbox 723 3946 883 4008; x_wconf 91' lang='lat' dir='ltr'>homines</span> <span class='ocrx_word' id='word_1_287' title='bbox 894 3946 1004 4024; x_wconf 90' lang='lat' dir='ltr'>aliqui</span> <span class='ocrx_word' id='word_1_288' title='bbox 1014 3944 1248 4008; x_wconf 90' lang='lat' dir='ltr'>concubinam</span> <span class='ocrx_word' id='word_1_289' title='bbox 1259 3944 1373 4023; x_wconf 91' lang='lat' dir='ltr'>ipsam</span> <span class='ocrx_word' id='word_1_290' title='bbox 1385 3952 1418 4005; x_wconf 94' lang='lat' dir='ltr'>et</span> <span class='ocrx_word' id='word_1_291' title='bbox 1427 3961 1497 4005; x_wconf 93' lang='lat' dir='ltr'>non</span> <span class='ocrx_word' id='word_1_292' title='bbox 1510 3959 1595 4005; x_wconf 87' lang='lat' dir='ltr'>uxo·</span> 
     </span>
     <span class='ocr_line' id='line_1_34' title="bbox 363 4049 1596 4132; baseline -0.001 -20"><span class='ocrx_word' id='word_1_293' title='bbox 363 4067 439 4113; x_wconf 91' lang='lat' dir='ltr'>rem</span> <span class='ocrx_word' id='word_1_294' title='bbox 451 4050 611 4113; x_wconf 84' lang='lat' dir='ltr'>extitisse</span> <span class='ocrx_word' id='word_1_295' title='bbox 626 4052 801 4131; x_wconf 85' lang='lat' dir='ltr'>suspicari</span> <span class='ocrx_word' id='word_1_296' title='bbox 812 4062 987 4132; x_wconf 90' lang='lat' dir='ltr'>poterant,</span> <span class='ocrx_word' id='word_1_297' title='bbox 1000 4053 1031 4114; x_wconf 89' lang='lat' dir='ltr'>si</span> <span class='ocrx_word' id='word_1_298' title='bbox 1041 4069 1120 4114; x_wconf 90' lang='lat' dir='ltr'>eam</span> <span class='ocrx_word' id='word_1_299' title='bbox 1132 4051 1400 4113; x_wconf 89' lang='lat' dir='ltr'>contrahentem</span> <span class='ocrx_word' id='word_1_300' title='bbox 1415 4049 1596 4112; x_wconf 91' lang='lat' dir='ltr'>matrimo-</span> 
     </span>
     <span class='ocr_line' id='line_1_35' title="bbox 364 4156 1597 4238; baseline -0.001 -20"><span class='ocrx_word' id='word_1_301' title='bbox 364 4157 462 4219; x_wconf 91' lang='lat' dir='ltr'>nium</span> <span class='ocrx_word' id='word_1_302' title='bbox 477 4158 513 4220; x_wconf 90' lang='lat' dir='ltr'>in</span> <span class='ocrx_word' id='word_1_303' title='bbox 528 4156 620 4220; x_wconf 84' lang='lat' dir='ltr'>facie</span> <span class='ocrx_word' id='word_1_304' title='bbox 640 4159 822 4221; x_wconf 90' lang='lat' dir='ltr'>Ecclesiae</span> <span class='ocrx_word' id='word_1_305' title='bbox 841 4158 1014 4222; x_wconf 92' lang='lat' dir='ltr'>viderent.</span> <span class='ocrx_word' id='word_1_306' title='bbox 1036 4158 1126 4222; x_wconf 90' lang='lat' dir='ltr'>Cum</span> <span class='ocrx_word' id='word_1_307' title='bbox 1145 4157 1288 4238; x_wconf 90' lang='lat' dir='ltr'>quidam</span> <span class='ocrx_word' id='word_1_308' title='bbox 1310 4176 1356 4220; x_wconf 84' lang='lat' dir='ltr'>ex</span> <span class='ocrx_word' id='word_1_309' title='bbox 1374 4156 1507 4219; x_wconf 90' lang='lat' dir='ltr'>nostris</span> <span class='ocrx_word' id='word_1_310' title='bbox 1527 4156 1597 4217; x_wconf 90' lang='lat' dir='ltr'>hoc</span> 
     </span>
     <span class='ocr_line' id='line_1_36' title="bbox 366 4261 1599 4344; baseline -0.002 -19"><span class='ocrx_word' id='word_1_311' title='bbox 366 4262 609 4342; x_wconf 85' lang='lat' dir='ltr'>intellexisset,</span> <span class='ocrx_word' id='word_1_312' title='bbox 626 4280 795 4343; x_wconf 86' lang='lat' dir='ltr'>magnam</span> <span class='ocrx_word' id='word_1_313' title='bbox 811 4265 1030 4344; x_wconf 88' lang='lat' dir='ltr'>diligentiam</span> <span class='ocrx_word' id='word_1_314' title='bbox 1045 4265 1221 4340; x_wconf 91' lang='lat' dir='ltr'>adhibuit,</span> <span class='ocrx_word' id='word_1_315' title='bbox 1238 4274 1275 4327; x_wconf 92' lang='lat' dir='ltr'>ut</span> <span class='ocrx_word' id='word_1_316' title='bbox 1290 4265 1366 4327; x_wconf 90' lang='lat' dir='ltr'>sine</span> <span class='ocrx_word' id='word_1_317' title='bbox 1380 4262 1526 4325; x_wconf 90' lang='lat' dir='ltr'>honoris</span> <span class='ocrx_word' id='word_1_318' title='bbox 1540 4261 1599 4323; x_wconf 88' lang='lat' dir='ltr'>de·</span> 
     </span>
     <span class='ocr_line' id='line_1_37' title="bbox 367 4368 1606 4449; baseline -0.002 -16"><span class='ocrx_word' id='word_1_319' title='bbox 367 4368 534 4433; x_wconf 89' lang='lat' dir='ltr'>trimento</span> <span class='ocrx_word' id='word_1_320' title='bbox 560 4380 680 4449; x_wconf 91' lang='lat' dir='ltr'>posset</span> <span class='ocrx_word' id='word_1_321' title='bbox 699 4372 789 4435; x_wconf 89' lang='lat' dir='ltr'>haec</span> <span class='ocrx_word' id='word_1_322' title='bbox 810 4372 936 4435; x_wconf 89' lang='lat' dir='ltr'>mulier</span> <span class='ocrx_word' id='word_1_323' title='bbox 954 4372 1220 4435; x_wconf 86' lang='lat' dir='ltr'>matrimonium</span> <span class='ocrx_word' id='word_1_324' title='bbox 1244 4371 1472 4447; x_wconf 87' lang='lat' dir='ltr'>contrahere;</span> <span class='ocrx_word' id='word_1_325' title='bbox 1498 4369 1606 4447; x_wconf 83' lang='lat' dir='ltr'>prius</span> 
     </span>
    </p>
   </div>
   <div class='ocr_carea' id='block_1_3' title="bbox 407 4645 799 4773">
    <p class='ocr_par' dir='ltr' id='par_1_6' title="bbox 407 4645 799 4773">
     <span class='ocr_line' id='line_1_38' title="bbox 409 4645 799 4703; baseline 0.005 -14"><span class='ocrx_word' id='word_1_326' title='bbox 409 4646 416 4677; x_wconf 83' lang='lat'><strong>¹</strong></span> <span class='ocrx_word' id='word_1_327' title='bbox 446 4645 514 4689; x_wconf 87' lang='lat' dir='ltr'>Vide</span> <span class='ocrx_word' id='word_1_328' title='bbox 525 4646 601 4695; x_wconf 84' lang='lat' dir='ltr'>inira.</span> <span class='ocrx_word' id='word_1_329' title='bbox 613 4659 637 4690; x_wconf 87' lang='lat' dir='ltr'>n.</span> <span class='ocrx_word' id='word_1_330' title='bbox 649 4646 702 4691; x_wconf 70' lang='lat'>10⁴9</span> <span class='ocrx_word' id='word_1_331' title='bbox 711 4656 737 4691; x_wconf 87' lang='lat' dir='ltr'>et</span> <span class='ocrx_word' id='word_1_332' title='bbox 746 4660 799 4703; x_wconf 80' lang='lat' dir='ltr'>req.</span> 
     </span>
     <span class='ocr_line' id='line_1_39' title="bbox 407 4718 692 4773; baseline 0 -10"><span class='ocrx_word' id='word_1_333' title='bbox 407 4720 420 4752; x_wconf 76' lang='lat'><strong>¹</strong></span> <span class='ocrx_word' id='word_1_334' title='bbox 445 4718 512 4763; x_wconf 88' lang='lat' dir='ltr'>Vide</span> <span class='ocrx_word' id='word_1_335' title='bbox 522 4720 598 4773; x_wconf 83' lang='lat' dir='ltr'>inira,</span> <span class='ocrx_word' id='word_1_336' title='bbox 610 4731 634 4762; x_wconf 88' lang='lat' dir='ltr'>n.</span> <span class='ocrx_word' id='word_1_337' title='bbox 644 4718 692 4763; x_wconf 83' lang='grc'>996.</span> 
     </span>
    </p>
   </div>
   <div class='ocr_carea' id='block_1_4' title="bbox 0 0 1876 5400">
    <p class='ocr_par' dir='ltr' id='par_1_7' title="bbox 0 0 1876 5400">
     <span class='ocr_line' id='line_1_40' title="bbox 0 0 1876 5400; baseline 0 0"><span class='ocrx_word' id='word_1_338' title='bbox 0 0 1876 5400; x_wconf 95' lang='lat' dir='ltr'> </span> 
     </span>
    </p>
   </div>
  </div>
 </body>
</html>
