3717 5400
371 463 433 523 -ttltl
835 463 962 523 emor.
985 462 1062 523 Soc.
1083 466 1153 535 las.

443 608 529 672 1304.
574 609 664 672 Cum
678 617 796 671 autem
809 608 938 673 Martio
949 626 1071 673 mense
1083 608 1120 671 P.
1138 607 1353 673 Franciscus
1370 607 1391 685 ¹,
1408 607 1547 689 Hispali
1562 627 1612 673 re·

379 717 482 779 diens
496 716 533 779 in
547 715 749 793 castellam,
766 715 948 778 Placentia
968 716 1149 791 transiret,
1165 714 1347 794 negotium
1362 714 1511 795 Collegii
1530 733 1611 779 cum

380 823 557 903 Episcopo
572 821 749 885 tractandi
764 821 862 885 Patri
877 822 1092 885 Vilianovae
1106 820 1259 901 reliquit,
1272 821 1332 901 qui
1343 838 1387 884 ne
1399 821 1521 885 audire
1537 822 1609 903 qui-

381 929 461 993 dem
476 931 619 994 volebat
633 928 728 1010 quod
743 929 787 992 de
801 945 945 993 recessu
960 946 1026 991 suo
1041 937 1176 1008 ageret;
1199 938 1234 991 et
1255 928 1305 992 ita
1326 945 1438 1009 usque
1460 928 1506 991 ad
1527 930 1611 993 anni

379 1037 486 1101 finem
499 1037 629 1101 ibidem
640 1037 789 1100 haerere
800 1036 921 1099 debuit
934 1041 957 1098 ¹.
976 1034 1080 1115 Quod
1092 1044 1209 1098 autem
1222 1036 1336 1116 primo
1348 1037 1426 1099 ioco
1440 1052 1521 1101 cum
1531 1036 1610 1116 Epi·

373 1162 490 1226 ·scopo
515 1152 671 1207 tractare
691 1144 831 1223 coepit,
853 1142 939 1207 iliud
964 1141 1053 1221 fuit,
1078 1152 1117 1207 ut
1142 1142 1339 1221 spiritualia
1364 1143 1533 1207 exercitia
1560 1160 1612 1206 se·

378 1252 601 1329 riosubiret;
617 1264 748 1313 etcum
768 1250 998 1331 responderet
1013 1267 1051 1313 se
1068 1248 1142 1331 jam
1165 1266 1207 1313 ee
1227 1250 1437 1330 suscepisse,
1458 1250 1611 1315 subdidit

378 1361 486 1438 longe
507 1358 603 1422 aliud
624 1374 704 1421 esse
724 1356 815 1420 inter
840 1358 986 1435 negotia
1012 1374 1090 1419 sese
1112 1356 1147 1419 in
1169 1357 1410 1436 spiritualibus
1430 1374 1610 1436 exercere,

382 1466 478 1529 aliud
493 1475 698 1546 separatum
719 1483 741 1527 a
762 1482 883 1527 rerum
906 1464 1058 1527 tumultu
1079 1463 1157 1526 Deo
1178 1481 1322 1527 vacare.
1345 1463 1403 1527 Sic
1427 1464 1521 1528 enim
1542 1464 1612 1527 sru-

372 1584 477 1636 ctum
491 1572 693 1653 hujusmodi
707 1570 962 1635 exercitiorum
980 1570 1090 1633 multo
1104 1570 1303 1635 uberiorem
1317 1587 1406 1633 esse.
1428 1570 1612 1649 Quaedam

371 1680 488 1743 etiam
502 1678 723 1759 providenda
738 1679 774 1741 in
789 1679 900 1758 ipsius
916 1676 1082 1741 Dioecesi
1099 1678 1295 1757 suggessit,
1312 1686 1346 1741 et
1368 1696 1450 1741 cum
1469 1679 1612 1761 Episco-

380 1803 448 1867 pus
461 1786 595 1849 diceret
609 1803 648 1848 se
661 1784 839 1849 facturum
854 1784 950 1866 quod
965 1784 1023 1847 iile
1038 1794 1257 1864 suggereret,
1274 1802 1318 1848 ac
1333 1785 1481 1866 proinde
1496 1786 1612 1851 horta·

381 1903 479 1956 retur
508 1902 545 1957 ut
574 1893 763 1973 dispiceret
791 1892 876 1972 quid
902 1890 999 1955 sacto
1025 1908 1115 1972 opus
1143 1900 1259 1971 esset,
1289 1892 1404 1956 denuo
1434 1894 1613 1975 suggessit

363 2000 419 2063 -Ρ,
436 2000 628 2064 Vilianova
643 2010 681 2061 ut
694 2000 823 2078 viginti
838 2002 895 2062 vel
910 1998 1060 2079 triginta
1072 1999 1147 2064 dies
1162 2018 1181 2061 a
1195 2000 1350 2078 negotiis
1366 1999 1558 2077 recederet;
1575 2018 1613 2063 se

377 2124 463 2170 cum
482 2126 524 2170 eo
543 2107 676 2170 iturum
695 2124 773 2169 esse
793 2116 828 2169 et
847 2105 1006 2186 quotidie
1029 2106 1205 2169 dicturum
1219 2122 1257 2169 se
1277 2106 1327 2169 iili
1347 2106 1495 2186 aliquid,
1518 2106 1614 2187 quod

375 2213 500 2277 tacere
515 2213 669 2277 deberet.
686 2212 840 2276 Demum
858 2211 1057 2293 Episcopus
1076 2228 1235 2276 mensem
1250 2212 1452 2292 designavit
1473 2212 1613 2292 quando

380 2322 417 2384 id
431 2321 592 2384 facturus
608 2331 712 2383 esset.
729 2319 866 2385 Deinde
881 2318 925 2382 de
941 2320 1047 2383 rebus
1061 2318 1222 2398 Collegii,
1240 2320 1333 2399 quod
1349 2319 1395 2382 ad
1415 2319 1615 2383 aedificium

377 2439 417 2489 et
430 2427 565 2490 reditus
581 2427 717 2505 attinet,
734 2444 816 2489 cum
830 2444 873 2489 eo
888 2426 973 2505 egit.
990 2425 1034 2489 Et
1055 2425 1137 2506 qnia
1157 2426 1331 2505 quosdam
1352 2426 1613 2505 assignaverat,

361 2534 443 2612 soni
467 2551 539 2597 non
563 2532 776 2596 videbantur
800 2533 1002 2614 opportuni,
1029 2532 1134 2595 facile
1160 2532 1348 2595 dissuassit
1374 2532 1550 2613 Episcopo
1577 2542 1614 2597 ut

364 2641 472 2704 >⁸aiios
487 2640 658 2704 certiores
673 2648 708 2702 et
723 2656 794 2704 non
808 2640 995 2720 expositos
1012 2639 1131 2702 litibus
1145 2656 1210 2702 nec
1226 2638 1371 2702 odiosos
1387 2640 1613 2720 relinqueret,

383 2759 417 2811 et
438 2764 589 2826 quorum
607 2747 788 2827 perceptio
807 2746 1091 2810 aedificationem
1112 2747 1233 2827 populi
1253 2764 1325 2809 non
1350 2747 1547 2826 impediret.
1571 2747 1615 2810 Et

376 2856 434 2918 ita
446 2852 490 2916 de
509 2853 721 2933 quibusdam
741 2853 896 2934 praediis
911 2869 956 2917 ac
972 2853 1084 2932 sylvis
1107 2853 1152 2917 ab
1172 2854 1389 2934 Episcopatu
1410 2853 1614 2918 abscinden-

364 2962 438 3023 dis
452 2958 464 2990 ³
478 2961 524 3024 ad
539 2961 607 3024 hoc
622 2961 719 3040 pium
734 2977 824 3040 opus
846 2961 1006 3041 cogitare
1027 2960 1225 3041 Episcopus
1247 2961 1379 3040 coepit;
1401 2979 1484 3024 narn
1506 2961 1615 3042 quiin

376 3067 599 3147 :Episcopatu
625 3066 832 3130 Placentino
857 3085 939 3130 eum
963 3077 1245 3146 praecesserant,
1273 3068 1407 3149 aliquid
1432 3068 1544 3132 simile
1570 3067 1615 3130 ad

376 3174 462 3254 ‚pios
475 3191 561 3237 usus
575 3175 866 3253 impetraverant;
884 3185 918 3236 et
933 3173 982 3236 ita
1005 3191 1124 3237 mense
1146 3173 1251 3256 Junio
1272 3191 1382 3254 usque
1403 3175 1449 3238 ad
1469 3175 1616 3254 triginta

377 3280 602 3343 dotationem
626 3280 785 3343 extendit
809 3278 832 3359 *ς
859 3290 893 3344 et
920 3297 1004 3344 cum
1028 3281 1126 3361 prius
1148 3282 1319 3345 sacellum
1343 3281 1461 3344 iacere
1488 3282 1615 3346 consti·

383 3387 520 3464 tuisset,
533 3385 665 3466 justam
681 3387 869 3450 ecclesiam
884 3397 919 3450 et
935 3404 1104 3466 capacem
1116 3386 1190 3467 Jarn
1205 3388 1343 3468 erigere
1358 3389 1547 3452 statuebat.
1571 3388 1615 3451 Et

381 3494 559 3574 triplicem
574 3511 696 3557 aream
710 3494 746 3556 in
760 3492 919 3572 Collegio
943 3493 1148 3568 aedificare,
1165 3511 1273 3558 unam
1293 3495 1436 3576 quidem
1456 3495 1501 3558 ad
1515 3496 1616 3559 scho-

376 3602 500 3664 larum
514 3601 721 3677 ministeria,
739 3601 889 3664 alteram
903 3601 951 3664 ad
965 3602 1219 3664 habitationem
1233 3615 1457 3681 nostrorum,
1474 3602 1615 3667 tertiam

375 3706 431 3770 -ad
449 3707 638 3770 ecclesiam
656 3707 868 3786 designavit,
896 3720 931 3770 et
954 3709 1074 3772 statim
1096 3709 1236 3772 curavit
1261 3708 1390 3789 viginti
1413 3709 1521 3772 miliia
1544 3727 1615 3773 mo-

377 3813 525 3878 diorum
547 3814 657 3877 calcis
678 3824 713 3877 et
733 3831 903 3893 magnam
922 3815 1061 3894 copiam
1084 3814 1240 3894 lapidum
1256 3827 1290 3878 et
1311 3815 1462 3880 laterum
1484 3817 1616 3896 (quam-

379 3921 441 3983 vis
455 3938 500 3983 ex
515 3920 594 3999 ipso
613 3921 683 3982 situ
706 3919 751 3982 ad
775 3921 959 4001 planitiem
984 3920 1129 3984 redacto
1152 3918 1164 3952 ⁸
1189 3939 1297 4002 supra
1324 3933 1467 3986 centum
1490 3940 1616 3987 currus

426 4201 435 4232 ¹
466 4197 494 4241 P.
505 4197 661 4242 Franciecns
669 4197 775 4252 Borgia.

427 4271 438 4302 ¹
463 4269 554 4314 Melius
564 4269 629 4314 baec
639 4270 849 4324 intelligerentur
856 4271 904 4314 hoc
911 4271 995 4314 modo:
1005 4269 1083 4314 Patri
1096 4269 1251 4315 Vilianouae
1262 4271 1413 4326 injuncium
1424 4273 1534 4328 reliquit
1545 4274 1618 4318 uide

377 4341 496 4396 collegit
509 4342 663 4395 placentini
670 4340 837 4395 fundatione
851 4345 983 4386 tractaret
998 4353 1060 4386 cum
1070 4341 1211 4396 Episcopo,
1221 4349 1267 4397 qut·
1283 4354 1316 4388 ne
1326 4345 1422 4389 audire
1433 4346 1541 4399 quidem
1551 4345 1619 4390 vole·

391 4414 436 4456 bat
447 4411 517 4467 quod
526 4413 561 4456 de
570 4422 678 4456 recessu
688 4422 737 4454 suo
746 4415 839 4466 ageret
854 4411 1005 4464 Vilianova,
1014 4413 1059 4457 cui
1066 4413 1182 4468 proinde
1192 4425 1277 4468 usque
1287 4415 1322 4458 ad
1332 4416 1401 4460 anni
1409 4416 1496 4470 finem
1512 4416 1622 4462 Placen·

378 4485 445 4528 siae
454 4483 623 4528 haerendum
628 4484 696 4537 suit.

425 4555 437 4587 ³
463 4554 578 4608 Quarum
587 4554 819 4599 abscindendam
829 4562 856 4600 et
866 4556 983 4600 abscisse
993 4556 1066 4609 ligna
1077 4556 1203 4600 vendendi
1211 4556 1382 4612 jusEpiecopi
1391 4557 1536 4604 Pincentini
1548 4567 1616 4604 eret.

426 4629 438 4659 ⁴
465 4624 570 4670 Scilicet
580 4625 748 4680 dotationem,
758 4637 824 4680 qnae
834 4628 866 4670 ad
878 4628 988 4682 triginta
998 4627 1181 4672 sustentandos
1191 4627 1328 4681 addiceret,
1339 4630 1485 4679 constitnit.

426 4697 439 4728 Ι
465 4696 532 4739 Vide
541 4707 628 4751 snpra,
638 4708 699 4751 pag.
710 4697 758 4751 ⁴76,
769 4709 794 4741 n.
808 4697 867 4742 12⁹8.
