3717 5400
821 495 885 554 Aa.
907 494 977 553 labo
1463 491 1516 554 tat

278 638 431 713 dierum,
446 638 642 703 nescilicet
666 640 702 704 in
728 639 798 703 situ
822 638 1014 720 quidquam
1036 641 1120 702 novi
1144 640 1263 720 operis
1287 639 1509 720 inchoarent,

279 745 394 808 donec
405 746 455 808 illi
468 744 605 810 Ducem
616 745 765 810 adirent.
781 745 827 810 Et
842 764 882 810 re
902 746 1165 809 communicata
1188 762 1269 808 cum
1284 745 1460 827 Episcopo
1475 755 1511 810 et

278 849 539 928 Gubernatore‚
556 853 592 916 id
607 870 815 916 concessum
829 862 883 917 est
898 853 1048 916 civitati.

340 957 410 1024 437.
454 957 622 1022 Monachi
642 959 750 1023 etiam
772 956 833 1024 S.t¹
850 959 1029 1022 Dominici
1056 959 1186 1022 nostris
1216 958 1309 1023 serio
1338 976 1514 1040 repugna·

280 1065 377 1144 baut,
393 1067 489 1146 quod
503 1068 635 1129 nollent
650 1067 687 1130 in
701 1085 743 1130 eo
757 1068 837 1131 loco
853 1066 1046 1145 aedificari,
1063 1076 1098 1129 et
1113 1083 1178 1130 sua
1192 1066 1382 1147 privilegia
1394 1075 1509 1131 osten·

276 1171 415 1252 dentes,
431 1171 614 1236 civitatem
628 1174 910 1251 commovebant,
928 1184 963 1236 et
974 1190 1012 1236 se
1025 1173 1142 1252 potius
1153 1172 1320 1254 quidquid
1333 1174 1511 1238 habebant

279 1280 370 1342 velle
393 1280 594 1361 expendere
618 1280 798 1358 dicebant,
826 1297 933 1360 quam
958 1288 995 1342 ut
1017 1280 1148 1343 nostris
1173 1281 1435 1360 permitteretur
1459 1281 1509 1344 ibi

274 1385 467 1451 aedificare
479 1384 500 1450 ¹.
510 1385 631 1466 ltaque
643 1386 888 1466 undecumque
899 1386 1087 1465 angustiae
1099 1395 1133 1448 et
1142 1385 1348 1450 afflictiones
1357 1403 1509 1466 magnac

276 1503 419 1556 nostros
433 1494 659 1557 exercebant.
676 1492 819 1556 Interim
830 1492 1019 1557 Ferrariae
1031 1491 1118 1556 nihil
1129 1492 1355 1557 obtinuerunt
1370 1511 1391 1555 a
1406 1493 1508 1558 Duce

273 1599 336 1678 qui
352 1600 450 1663 missi
462 1601 604 1664 fuerant
618 1617 640 1662 a
662 1599 807 1663 civitate
822 1597 1030 1679 Mutinensi,
1048 1601 1132 1680 quia
1152 1599 1339 1679 originalia
1360 1616 1506 1664 suarum

271 1707 546 1771 concessionum
561 1723 683 1770 secum
696 1723 767 1769 non
782 1707 948 1785 tulerant,
962 1723 1052 1787 quae
1067 1705 1150 1770 Dux
1164 1706 1286 1770 videre
1301 1708 1455 1787 volebat;
1471 1716 1506 1771 et

276 1813 428 1892 iuterim,
445 1823 483 1877 ut
508 1815 621 1877 nostri
635 1813 907 1895 supersederent
923 1814 967 1876 ab
979 1831 1086 1894 opere
1097 1811 1162 1876 suit
1173 1822 1371 1877 contentus
1385 1813 1508 1895 Itaque

274 1920 406 1984 nostris
419 1931 454 1984 et
465 1922 575 1984 verba
591 1930 625 1984 et
639 1920 735 1984 sacta
750 1921 940 1985 multorum
952 1920 1097 1984 ferenda
1112 1929 1230 1998 erant;
1246 1938 1312 1983 nec
1329 1929 1447 1984 tamen
1462 1920 1507 1984 ob

273 2026 311 2088 id
321 2026 529 2092 desinebant
541 2027 820 2092 confessionibus
835 2026 921 2090 dare
933 2043 1091 2108 operam,
1104 2043 1195 2107 quae
1209 2027 1327 2107 potius
1344 2043 1507 2092 crescere

274 2133 344 2197 hoc
359 2141 518 2214 tempore
533 2152 640 2215 quam
653 2133 813 2197 imminui
828 2133 1051 2198 videbantur.

333 2239 378 2304 Et
392 2243 480 2305 haec
496 2241 540 2306 de
554 2240 746 2305 Mutinensi
761 2239 969 2320 Collegiolo.

330 2882 400 2948 438.
444 2884 628 2966 Argentae
648 2886 717 2949 hoc
743 2904 836 2950 anno
859 2886 1012 2960 praefuit
1035 2886 1166 2950 nostris
1187 2885 1226 2949 Ρ.
1252 2885 1416 2950 Andreas
1436 2885 1501 2949 Bo·

268 2994 479 3073 nainsegna,
496 2993 556 3074 qui
571 3010 652 3056 cum
667 3010 776 3057 unum
789 3003 926 3058 tautum
942 2995 1087 3058 haberet
1101 2994 1236 3057 socium
1251 2996 1274 3073 ¹,
1291 2991 1501 3057 duosRoma

268 3100 397 3163 missos
408 3100 555 3180 accepit.
570 3099 704 3179 Itaque,
718 3109 868 3181 quatuor
879 3101 1009 3166 ibidem
1021 3102 1256 3164 versabantur
1271 3100 1308 3163 in
1322 3100 1502 3165 conducti·

266 3207 319 3270 tia
333 3207 450 3284 domo,
466 3207 502 3269 in
515 3223 585 3287 qua
599 3224 680 3270 cum
695 3208 891 3271 oratorium
905 3209 1084 3289 quoddam
1105 3208 1283 3285 fecissent,
1300 3217 1335 3271 et
1355 3222 1502 3287 sugges·

265 3322 342 3377 tum
356 3330 400 3377 ac
410 3330 586 3393 campana
601 3314 650 3378 ibi
664 3314 828 3395 ponenda
840 3314 1029 3394 diceretur,
1044 3313 1211 3378 Vicarius
1223 3313 1423 3399 cardinalis
1433 3311 1495 3377 Sil

266 3419 398 3500 Angeli
411 3418 423 3450 ⁸
437 3421 591 3497 cuidam,
607 3437 628 3482 a
644 3439 713 3501 quo
728 3423 879 3485 relatum
894 3422 945 3486 illi
959 3432 1025 3499 est,
1042 3421 1133 3485 dixit
1143 3440 1182 3485 se
1194 3432 1379 3501 utrumque
1391 3420 1498 3500 impe·

263 3525 431 3605 diturum,
447 3526 479 3590 si
493 3525 602 3590 fieret.
619 3525 689 3591 Sed
704 3545 785 3591 cum
800 3528 898 3593 illum
912 3526 924 3559 ⁴
940 3528 1085 3593 adiisset
1108 3528 1146 3593 P.
1173 3528 1339 3593 Andreas
1364 3536 1398 3591 et
1416 3544 1498 3591 con·

262 3634 402 3697 tulisset
417 3630 536 3715 [quod]
548 3645 623 3698 tam
636 3635 680 3698 de
695 3647 878 3715 suggestu,
894 3636 1060 3717 quamde
1081 3652 1256 3717 campana
1279 3636 1348 3715 ipsi
1366 3634 1496 3698 sacien-

261 3740 349 3804 dum
362 3740 544 3806 videretur
559 3740 642 3819 (aon
654 3751 774 3805 autem
784 3741 1011 3822 significabat
1025 3759 1064 3805 sc
1076 3742 1268 3822 quidquam
1279 3734 1494 3804 intellexisse

265 3848 309 3911 de
323 3848 503 3912 contraria
516 3848 628 3927 ipsius
641 3848 847 3925 voluntate),
864 3848 1093 3913 dissuadebat
1107 3849 1176 3927 ille,
1193 3864 1235 3911 eo
1250 3847 1344 3927 quod
1354 3846 1495 3926 privata

261 3955 390 4019 domus
414 3965 524 4033 esset,
545 3966 580 4018 et
606 3954 792 4019 videbatur
817 3972 859 4019 eo
884 3955 989 4020 modo
1014 3972 1118 4019 sacra
1144 3954 1254 4019 reddi.
1281 3952 1351 4019 Sed
1373 3970 1430 4016 res
1449 3953 1495 4016 ad

260 4060 548 4142 Suffraganeum,
561 4062 664 4125 brevi
674 4060 874 4142 Argentam
888 4073 1088 4140 venturum,
1107 4060 1237 4141 rejecta
1253 4070 1317 4139 est,
1338 4060 1495 4141 quicum

301 4304 311 4337 ¹
339 4302 484 4349 ilemlnlsse
494 4309 596 4358 oportet
605 4305 808 4357 purtentuosae.
817 4306 935 4349 nostrisa
945 4304 1016 4349 Duce
1027 4283 1188 4357 concessam,
1201 4302 1365 4355 coniunctum
1374 4302 1494 4345 esseloco

258 4376 372 4421 fratrum
380 4375 483 4420 Ordinls
492 4374 582 4419 Sancti
593 4375 719 4420 Domlulcl
727 4374 803 4431 (Vide
813 4387 901 4431 supra,
910 4386 972 4431 pag.
983 4376 1022 4419 137
1032 4382 1058 4420 et
1069 4375 1116 4429 138,
1127 4386 1151 4419 u.
1159 4374 1216 4429 889);
1227 4374 1284 4418 ideo
1294 4384 1342 4418 suu
1351 4372 1492 4429 privilezls

258 4448 278 4491 tr
288 4448 465 4503 proferebant.

299 4517 312 4551 ¹
338 4518 476 4564 Laurum.
486 4516 555 4563 vtae
564 4530 651 4574 supra,
662 4526 681 4564 t.
691 4530 727 4571 tv,
738 4528 799 4574 m.
807 4518 842 4573 86,
855 4530 878 4563 n.
890 4518 937 4564 157.

299 4590 313 4623 ⁸
339 4589 498 4646 Sublacebat
506 4590 627 4645 Argenta
636 4590 828 4635 Ravennatensl
840 4590 1052 4647 Archleplscopo,
1068 4592 1199 4637 Ranucclo
1215 4591 1343 4645 Farnese,
1360 4589 1494 4635 Cardluull

259 4661 463 4716 SanctlAugell.

300 4736 313 4767 ⁴
339 4734 473 4779 vicarium
483 4732 638 4778 cardinalis.
