3717 5400
356 483 411 543 1⁰⁶
814 485 942 548 Canon.
963 484 1042 546 Soc.
1063 485 1133 558 Jas.

354 629 491 693 nobiles
513 631 611 694 cives
632 633 877 711 interfuerunt;
897 648 970 712 qua
994 630 1104 710 linita,
1121 630 1319 713 Episcopus
1340 633 1376 696 in
1392 629 1590 712 Collegium

354 751 436 798 cum
455 735 532 817 ipso
551 735 657 802 Patre
676 738 822 819 Laynez
844 739 956 816 venit,
978 748 1012 801 et
1035 753 1118 801 cum
1137 739 1269 802 nostris
1291 755 1445 819 pransus
1466 747 1530 816 est,
1553 746 1589 802 et

353 859 437 905 cum
457 844 490 906 ei
505 843 701 924 Collegium
717 845 755 908 P.
771 845 916 926 Laynez
930 843 1214 924 commendaret,
1233 861 1374 908 ornnem
1388 861 1493 908 suam
1506 861 1588 925 ope·

353 965 432 1012 ram
447 960 501 1013 est
519 952 707 1031 pollicitus.

412 1055 484 1120 289.
528 1055 646 1122 Senex
659 1059 815 1139 quidam,
831 1060 889 1123 vir
903 1059 1027 1139 gravis
1042 1069 1077 1124 et
1093 1060 1128 1124 in
1143 1061 1289 1124 civitate
1304 1058 1506 1140 primarius,
1520 1075 1586 1122 nec

352 1162 469 1226 minus
484 1165 573 1244 pius,
598 1173 672 1228 tam
696 1174 816 1229 tenere
831 1165 869 1229 P.
885 1167 1032 1246 Laynez
1045 1166 1227 1246 diligebat,
1243 1175 1297 1244 ut,
1314 1166 1396 1228 licet
1409 1167 1517 1228 vellet
1533 1174 1585 1229 ta·

353 1263 558 1334 citurnitatd
568 1271 729 1336 dolorem
742 1290 847 1337 suum
856 1275 987 1350 celare,
1003 1273 1174 1353 lacrymis
1186 1283 1304 1336 tamen
1320 1273 1585 1352 erumpentibus

351 1383 387 1439 et
398 1377 612 1457 singultibus
623 1380 721 1443 illum
732 1380 892 1444 indicare
906 1391 1106 1458 cogeretur.
1121 1377 1194 1443 Sub
1209 1378 1314 1443 finem
1326 1395 1413 1458 ergo
1424 1379 1586 1461 Januarii

352 1482 434 1547 inde
448 1484 666 1549 Florentiam
681 1502 808 1550 versus
828 1488 988 1550 recessit.

411 1590 484 1655 290.
526 1591 656 1672 Locus,
683 1594 719 1656 in
745 1611 814 1675 quo
839 1595 953 1657 nostri
978 1593 1204 1672 habitabant,
1227 1594 1315 1656 satis
1340 1593 1585 1657 incommodus

351 1707 430 1761 erat
444 1700 490 1784 ad
505 1701 760 1780 poenitentium
776 1716 1001 1775 concursum,
1018 1710 1052 1762 et
1066 1700 1292 1763 nihilominus
1304 1710 1377 1763 tam
1391 1701 1491 1763 multi
1503 1718 1584 1764 con-

351 1804 517 1884 fluebant,
538 1819 587 1884 ut,
610 1825 683 1870 non
701 1810 816 1870 solum
838 1806 938 1870 festis
958 1807 1092 1886 diebuS,
1115 1805 1177 1869 sed
1200 1825 1266 1871 nec
1290 1807 1436 1884 feriatiS,
1460 1825 1584 1870 eorum

352 1913 566 1978 multitudini
587 1927 709 1995 posset
731 1914 907 1979 satisfieri.
925 1913 964 1978 In
984 1915 1154 1978 bellorum
1178 1924 1296 1977 autern
1321 1914 1527 1978 tumultibus
1548 1929 1583 1978 et

351 2019 477 2083 classis
499 2030 681 2085 turcarum
703 2031 799 2085 metu
820 2023 957 2100 ablato,
980 2021 1189 2101 praesertim
1209 2021 1398 2085 occasione
1418 2021 1513 2085 sacri
1530 2017 1582 2101 ju·

352 2125 467 2204 bilaei,
483 2137 557 2191 tam
575 2129 676 2192 multi
699 2128 935 2192 confessionis
955 2127 1073 2207 gratia
1095 2136 1238 2191 nostros
1261 2128 1436 2203 adierunt,
1458 2139 1498 2191 ut
1519 2128 1583 2192 vix

349 2230 472 2296 liceret
496 2235 742 2299 sacerdotibus
763 2235 870 2299 etiam
895 2235 1071 2315 operariis
1097 2234 1220 2297 diebus
1240 2253 1262 2297 a
1286 2236 1416 2316 templo
1439 2235 1577 2298 abesse.

350 2336 569 2421 Complures,
586 2344 645 2422 qui
660 2359 732 2406 non
747 2343 816 2406 nisi
830 2343 939 2406 semel
954 2342 990 2404 in
1005 2359 1099 2405 anno
1111 2339 1273 2405 confiteri
1288 2359 1352 2405 sua
1364 2351 1514 2422 peccata
1524 2359 1583 2406 so·

349 2446 404 2509 liti
418 2458 531 2526 erant,
548 2449 594 2512 ad
607 2449 830 2530 frequentem
844 2467 947 2514 usum
962 2448 1195 2512 confessionis
1209 2457 1244 2511 et
1258 2448 1506 2513 Eucharistiae
1516 2466 1588 2530 per·

350 2562 492 2617 nostros
506 2555 645 2620 reducti
659 2567 753 2634 sunt;
768 2558 833 2621 sed
847 2558 1052 2636 generalem
1074 2555 1333 2620 confessionem
1355 2556 1463 2620 totius
1485 2557 1581 2620 vitae

350 2661 411 2741 qui
424 2661 665 2743 instituebant,
682 2674 717 2729 et
731 2663 858 2729 deinde
870 2665 997 2729 crebro
1012 2663 1057 2729 ad
1068 2663 1332 2728 Eucharistiam
1347 2663 1577 2742 accedebant,

349 2766 509 2848 Genuae,
525 2771 618 2835 sicut
636 2782 671 2835 et
692 2772 787 2851 alibi,
811 2788 1024 2853 progressus
1044 2772 1080 2834 in
1099 2772 1231 2852 pietate
1249 2770 1439 2849 faciebant,
1466 2771 1580 2834 multi·

349 2892 429 2955 que,
446 2879 612 2943 revocati
632 2896 653 2942 a
671 2879 784 2943 libera
800 2878 992 2943 admodum
1012 2878 1158 2941 vivendi
1179 2878 1333 2957 ratione,
1353 2877 1580 2959 moribusque

349 2982 507 3061 perditis,
524 2984 570 3047 ad
585 3002 752 3064 magnam
763 2986 955 3066 puritatem
971 3002 1013 3049 ac
1025 2985 1061 3048 in
1077 2984 1193 3049 Deum
1207 2985 1446 3063 devotionem,
1460 3001 1579 3049 sacra-

349 3099 549 3154 mentorum
565 3092 696 3155 auxilio
710 3092 874 3173 promoti,
891 3101 1022 3155 octavo
1038 3108 1177 3172 quoque
1192 3092 1248 3155 die
1263 3091 1309 3154 ad
1324 3108 1484 3154 mensam
1506 3088 1578 3154 Do·

349 3198 436 3261 mini
449 3198 680 3261 accedebant.

407 3302 479 3368 291.
522 3304 602 3369 Non
617 3305 763 3368 deerant
779 3306 888 3385 aliqui
903 3304 1142 3380 detractores,
1164 3305 1224 3385 qui
1244 3304 1467 3385 despicerent
1488 3319 1579 3383 quae

347 3411 409 3474 alii
423 3421 457 3475 et
471 3411 671 3491 probabant
689 3422 724 3475 et
745 3412 910 3491 perutilia
932 3412 1224 3493 experiebantur3
1245 3411 1308 3475 sed
1328 3428 1393 3474 nec
1417 3409 1578 3490 e‘xpedie-

347 3516 622 3599 bathujusmodi
636 3519 930 3582 exercitationem
943 3518 1079 3595 deesse,
1093 3534 1184 3599 quae
1196 3517 1241 3580 ad
1256 3517 1455 3598 profectum
1467 3517 1576 3580 virtu·

347 3624 393 3687 tis
407 3642 450 3687 ac
466 3625 583 3688 meriti
596 3641 668 3688 non
682 3631 811 3705 parum
825 3626 994 3689 momenti
1005 3626 1138 3689 habere
1153 3625 1253 3688 solet.

404 3730 476 3795 292.
519 3732 571 3795 Ne
599 3732 731 3796 scholis
758 3731 898 3812 quidem
925 3732 1132 3796 commodus
1155 3740 1233 3795 erat
1258 3733 1369 3809 locus;
1396 3740 1575 3797 ettamen

345 3839 641 3903 scholasticorum
655 3855 825 3903 numerus
839 3840 1120 3902 ducentesimum
1136 3854 1177 3900 ac
1194 3838 1415 3917 trigesimum
1430 3836 1574 3901 excede·

344 3943 406 4009 bat
420 3944 524 4024 hujus
538 3946 621 4009 anni
637 3946 747 4024 initio,
761 3956 797 4009 et
810 3963 881 4009 non
896 3948 1012 4008 solum
1027 3944 1249 4023 magistrum,
1266 3943 1328 4007 sed
1340 3944 1448 4007 etiam
1459 3945 1584 4006 locum.

344 4059 419 4115 tam
447 4053 566 4115 multis
598 4052 849 4116 accedentibus
876 4052 1078 4116 defuturum
1107 4051 1304 4114 videbatur.
1335 4050 1380 4114 Et
1413 4050 1576 4130 quamvis

342 4158 498 4237 quinque
513 4161 647 4223 classes
662 4168 791 4236 essent,
808 4157 902 4239 quod
923 4159 1045 4221 ultima
1063 4174 1255 4221 numerosa
1274 4156 1379 4221 nimis
1393 4166 1502 4237 esset,
1526 4156 1575 4219 di·

344 4262 418 4327 vidi
437 4282 516 4328 eam
535 4266 703 4345 oportuit;
729 4275 764 4328 et
787 4282 853 4329 sex
877 4264 1050 4329 classibus
1076 4282 1140 4327 sex
1167 4273 1416 4344 praeceptores
1442 4262 1575 4326 dabant

344 4388 491 4451 operam
508 4372 529 4435 ¹.
546 4370 650 4435 Pueri
670 4381 788 4435 autem
809 4388 878 4435 non
901 4374 1015 4435 solum
1033 4372 1070 4434 in
1089 4370 1214 4435 litteris
1237 4387 1279 4433 ac
1300 4369 1495 4433 christiana
1516 4368 1577 4433 do·

383 4646 391 4679 ¹
421 4646 624 4699 praeceptorum
633 4648 739 4690 nomina
748 4646 857 4700 singulis
867 4647 908 4690 his
917 4646 1015 4690 scholis
1024 4646 1215 4700 praefectorum
1230 4647 1310 4690 babes
1321 4644 1348 4689 ln
1364 4644 1486 4689 Litterae
1503 4644 1574 4697 Qua·

341 4718 513 4771 drfmestres,
522 4722 542 4762 t.
552 4728 593 4771 m,
601 4728 661 4772 pag.
672 4718 720 4761 295.
