<?xml version="1.0" encoding="UTF-8"?>
<!DOCTYPE html PUBLIC "-//W3C//DTD XHTML 1.0 Transitional//EN"
    "http://www.w3.org/TR/xhtml1/DTD/xhtml1-transitional.dtd">
<html xmlns="http://www.w3.org/1999/xhtml" xml:lang="en" lang="en">
 <head>
  <title>
</title>
<meta http-equiv="Content-Type" content="text/html;charset=utf-8" />
  <meta name='ocr-system' content='tesseract 3.04.00' />
  <meta name='ocr-capabilities' content='ocr_page ocr_carea ocr_par ocr_line ocrx_word'/>
</head>
<body>
  <div class='ocr_page' id='page_1' title='image "./vitaignatiiloio01polagoog_0268.png"; bbox 0 0 3717 5400; ppageno 0'>
   <div class='ocr_carea' id='block_1_1' title="bbox 386 459 1159 536">
    <p class='ocr_par' dir='ltr' id='par_1_1' title="bbox 386 459 1159 536">
     <span class='ocr_line' id='line_1_1' title="bbox 386 459 1159 536; baseline 0.003 -16"><span class='ocrx_word' id='word_1_1' title='bbox 386 459 442 520; x_wconf 83' lang='lat'><strong>262</strong></span> <span class='ocrx_word' id='word_1_2' title='bbox 814 509 816 520; x_wconf 77' lang='grc'><strong>,</strong></span> <span class='ocrx_word' id='word_1_3' title='bbox 842 463 969 523; x_wconf 74' lang='lat' dir='ltr'><strong>Canon,</strong></span> <span class='ocrx_word' id='word_1_4' title='bbox 991 461 1067 522; x_wconf 89' lang='lat' dir='ltr'>Soc.</span> <span class='ocrx_word' id='word_1_5' title='bbox 1088 463 1159 536; x_wconf 80' lang='lat' dir='ltr'><strong>Jns</strong></span> 
     </span>
    </p>
   </div>
   <div class='ocr_carea' id='block_1_2' title="bbox 378 606 1655 2168">
    <p class='ocr_par' dir='ltr' id='par_1_2' title="bbox 378 606 1655 2168">
     <span class='ocr_line' id='line_1_2' title="bbox 380 606 1614 688; baseline 0.006 -19"><span class='ocrx_word' id='word_1_6' title='bbox 380 606 607 671; x_wconf 83' lang='lat' dir='ltr'><strong>occasionem</strong></span> <span class='ocrx_word' id='word_1_7' title='bbox 631 617 757 672; x_wconf 86' lang='lat' dir='ltr'><strong>nactus</strong></span> <span class='ocrx_word' id='word_1_8' title='bbox 777 619 829 671; x_wconf 91' lang='lat' dir='ltr'><strong>est</strong></span> <span class='ocrx_word' id='word_1_9' title='bbox 844 609 1053 688; x_wconf 88' lang='lat' dir='ltr'><strong>patientiam</strong></span> <span class='ocrx_word' id='word_1_10' title='bbox 1076 610 1284 684; x_wconf 88' lang='lat' dir='ltr'><strong>exercendi;</strong></span> <span class='ocrx_word' id='word_1_11' title='bbox 1300 611 1415 674; x_wconf 90' lang='lat' dir='ltr'><strong>editus</strong></span> <span class='ocrx_word' id='word_1_12' title='bbox 1434 612 1527 676; x_wconf 92' lang='lat' dir='ltr'><strong>enim</strong></span> <span class='ocrx_word' id='word_1_13' title='bbox 1549 611 1614 676; x_wconf 85' lang='lat' dir='ltr'><strong>suit</strong></span> 
     </span>
     <span class='ocr_line' id='line_1_3' title="bbox 378 713 1613 799; baseline 0.003 -23"><span class='ocrx_word' id='word_1_14' title='bbox 378 713 523 792; x_wconf 90' lang='lat' dir='ltr'><strong>quidam</strong></span> <span class='ocrx_word' id='word_1_15' title='bbox 538 715 625 779; x_wconf 90' lang='lat' dir='ltr'><strong>liber</strong></span> <span class='ocrx_word' id='word_1_16' title='bbox 641 724 765 780; x_wconf 89' lang='lat' dir='ltr'><strong>contra</strong></span> <span class='ocrx_word' id='word_1_17' title='bbox 778 716 904 795; x_wconf 90' lang='lat' dir='ltr'><strong>ipsum,</strong></span> <span class='ocrx_word' id='word_1_18' title='bbox 919 727 1087 795; x_wconf 89' lang='lat' dir='ltr'><strong>tanquam</strong></span> <span class='ocrx_word' id='word_1_19' title='bbox 1099 717 1295 796; x_wconf 87' lang='lat' dir='ltr'>principem</span> <span class='ocrx_word' id='word_1_20' title='bbox 1306 734 1349 781; x_wconf 91' lang='lat' dir='ltr'><strong>ac</strong></span> <span class='ocrx_word' id='word_1_21' title='bbox 1364 727 1514 782; x_wconf 88' lang='lat' dir='ltr'><strong>matrem</strong></span> <span class='ocrx_word' id='word_1_22' title='bbox 1528 717 1613 799; x_wconf 83' lang='lat' dir='ltr'><strong>(sic)</strong></span> 
     </span>
     <span class='ocr_line' id='line_1_4' title="bbox 380 823 1612 906; baseline 0.006 -24"><span class='ocrx_word' id='word_1_23' title='bbox 380 830 499 884; x_wconf 89' lang='lat' dir='ltr'><strong>sectae</strong></span> <span class='ocrx_word' id='word_1_24' title='bbox 512 823 790 902; x_wconf 87' lang='lat' dir='ltr'><strong>hypocritarum;</strong></span> <span class='ocrx_word' id='word_1_25' title='bbox 807 823 859 885; x_wconf 88' lang='lat' dir='ltr'><strong>sic</strong></span> <span class='ocrx_word' id='word_1_26' title='bbox 871 824 964 886; x_wconf 92' lang='lat' dir='ltr'><strong>enim</strong></span> <span class='ocrx_word' id='word_1_27' title='bbox 976 823 1159 902; x_wconf 88' lang='lat' dir='ltr'><strong>haeretici,</strong></span> <span class='ocrx_word' id='word_1_28' title='bbox 1177 841 1257 886; x_wconf 91' lang='lat' dir='ltr'><strong>cum</strong></span> <span class='ocrx_word' id='word_1_29' title='bbox 1273 826 1553 904; x_wconf 85' lang='lat' dir='ltr'><strong>stomachantur,</strong></span> <span class='ocrx_word' id='word_1_30' title='bbox 1563 824 1612 906; x_wconf 88' lang='lat' dir='ltr'><strong>je-</strong></span> 
     </span>
     <span class='ocr_line' id='line_1_5' title="bbox 386 928 1611 1016; baseline 0.005 -26"><span class='ocrx_word' id='word_1_31' title='bbox 386 928 498 991; x_wconf 92' lang='lat' dir='ltr'><strong>suitas</strong></span> <span class='ocrx_word' id='word_1_32' title='bbox 512 938 643 992; x_wconf 89' lang='lat' dir='ltr'><strong>vocant</strong></span> <span class='ocrx_word' id='word_1_33' title='bbox 658 934 678 992; x_wconf 85' lang='lat'><strong>¹.</strong></span> <span class='ocrx_word' id='word_1_34' title='bbox 696 930 789 1006; x_wconf 89' lang='lat' dir='ltr'><strong>Inde,</strong></span> <span class='ocrx_word' id='word_1_35' title='bbox 808 932 912 993; x_wconf 87' lang='lat' dir='ltr'><strong>rebus</strong></span> <span class='ocrx_word' id='word_1_36' title='bbox 927 931 1109 1008; x_wconf 66' lang='lat' dir='ltr'><strong>consectis</strong></span> <span class='ocrx_word' id='word_1_37' title='bbox 1123 942 1268 1016; x_wconf 78' lang='lat' dir='ltr'><strong>propter</strong></span> <span class='ocrx_word' id='word_1_38' title='bbox 1280 948 1369 1012; x_wconf 87' lang='lat' dir='ltr'><strong>quas</strong></span> <span class='ocrx_word' id='word_1_39' title='bbox 1379 943 1539 1012; x_wconf 87' lang='lat' dir='ltr'><strong>venerat,</strong></span> <span class='ocrx_word' id='word_1_40' title='bbox 1551 933 1611 996; x_wconf 91' lang='lat' dir='ltr'><strong>ubi</strong></span> 
     </span>
     <span class='ocr_line' id='line_1_6' title="bbox 382 1035 1608 1118; baseline 0.002 -21"><span class='ocrx_word' id='word_1_41' title='bbox 382 1045 523 1098; x_wconf 91' lang='lat' dir='ltr'><strong>nostros</strong></span> <span class='ocrx_word' id='word_1_42' title='bbox 532 1055 576 1099; x_wconf 89' lang='lat' dir='ltr'><strong>ex</strong></span> <span class='ocrx_word' id='word_1_43' title='bbox 585 1037 679 1100; x_wconf 85' lang='lat' dir='ltr'>Urbe</span> <span class='ocrx_word' id='word_1_44' title='bbox 689 1051 858 1099; x_wconf 79' lang='lat' dir='ltr'><strong>venturos</strong></span> <span class='ocrx_word' id='word_1_45' title='bbox 871 1035 1056 1099; x_wconf 90' lang='lat' dir='ltr'><strong>commode</strong></span> <span class='ocrx_word' id='word_1_46' title='bbox 1070 1036 1251 1118; x_wconf 86' lang='lat' dir='ltr'><strong>expectari</strong></span> <span class='ocrx_word' id='word_1_47' title='bbox 1267 1054 1373 1117; x_wconf 90' lang='lat' dir='ltr'><strong>posse</strong></span> <span class='ocrx_word' id='word_1_48' title='bbox 1384 1038 1572 1102; x_wconf 87' lang='lat' dir='ltr'><strong>videbatur</strong></span> <span class='ocrx_word' id='word_1_49' title='bbox 1585 1038 1608 1099; x_wconf 61' lang='lat'><strong>2.</strong></span> 
     </span>
     <span class='ocr_line' id='line_1_7' title="bbox 383 1141 1612 1226; baseline -0.002 -16"><span class='ocrx_word' id='word_1_50' title='bbox 383 1207 385 1210; x_wconf 84' lang='lat'>.</span> <span class='ocrx_word' id='word_1_51' title='bbox 442 1141 512 1206; x_wconf 89' lang='grc'><strong>730.</strong></span> <span class='ocrx_word' id='word_1_52' title='bbox 556 1142 860 1222; x_wconf 85' lang='lat' dir='ltr'><strong>Archiepiscopus</strong></span> <span class='ocrx_word' id='word_1_53' title='bbox 874 1152 992 1206; x_wconf 90' lang='lat' dir='ltr'><strong>autem</strong></span> <span class='ocrx_word' id='word_1_54' title='bbox 1005 1141 1259 1223; x_wconf 83' lang='lat' dir='ltr'><strong>strigoniensis</strong></span> <span class='ocrx_word' id='word_1_55' title='bbox 1274 1143 1489 1224; x_wconf 80' lang='lat' dir='ltr'><strong>³(ngariae</strong></span> <span class='ocrx_word' id='word_1_56' title='bbox 1505 1155 1612 1226; x_wconf 88' lang='lat' dir='ltr'><strong>caput</strong></span> 
     </span>
     <span class='ocr_line' id='line_1_8' title="bbox 387 1248 1613 1331; baseline 0.003 -20"><span class='ocrx_word' id='word_1_57' title='bbox 387 1266 429 1311; x_wconf 91' lang='lat' dir='ltr'><strong>ea</strong></span> <span class='ocrx_word' id='word_1_58' title='bbox 444 1250 530 1312; x_wconf 92' lang='lat' dir='ltr'><strong>urbs</strong></span> <span class='ocrx_word' id='word_1_59' title='bbox 544 1259 620 1312; x_wconf 91' lang='lat' dir='ltr'><strong>erat</strong></span> <span class='ocrx_word' id='word_1_60' title='bbox 636 1248 659 1328; x_wconf 83' lang='lat'><strong>⁴)</strong></span> <span class='ocrx_word' id='word_1_61' title='bbox 676 1251 719 1312; x_wconf 90' lang='lat' dir='ltr'><strong>ab</strong></span> <span class='ocrx_word' id='word_1_62' title='bbox 735 1250 953 1329; x_wconf 77' lang='lat' dir='ltr'><strong>Imperatore</strong></span> <span class='ocrx_word' id='word_1_63' title='bbox 969 1248 981 1281; x_wconf 81' lang='lat'>⁸</span> <span class='ocrx_word' id='word_1_64' title='bbox 995 1268 1057 1330; x_wconf 86' lang='lat' dir='ltr'><strong>per</strong></span> <span class='ocrx_word' id='word_1_65' title='bbox 1072 1251 1210 1313; x_wconf 83' lang='lat' dir='ltr'><strong>litteras</strong></span> <span class='ocrx_word' id='word_1_66' title='bbox 1230 1251 1448 1331; x_wconf 86' lang='lat' dir='ltr'><strong>postulabat,</strong></span> <span class='ocrx_word' id='word_1_67' title='bbox 1466 1269 1613 1315; x_wconf 91' lang='lat' dir='ltr'><strong>consen·</strong></span> 
     </span>
     <span class='ocr_line' id='line_1_9' title="bbox 382 1354 1611 1437; baseline 0.005 -21"><span class='ocrx_word' id='word_1_68' title='bbox 382 1355 490 1417; x_wconf 91' lang='lat' dir='ltr'><strong>tiente</strong></span> <span class='ocrx_word' id='word_1_69' title='bbox 506 1354 603 1434; x_wconf 84' lang='lat' dir='ltr'><strong>Rege</strong></span> <span class='ocrx_word' id='word_1_70' title='bbox 618 1356 870 1434; x_wconf 89' lang='lat' dir='ltr'><strong>Romanorum,</strong></span> <span class='ocrx_word' id='word_1_71' title='bbox 887 1366 943 1436; x_wconf 92' lang='lat' dir='ltr'><strong>ut,</strong></span> <span class='ocrx_word' id='word_1_72' title='bbox 961 1369 1034 1420; x_wconf 88' lang='lat' dir='ltr'><strong>tam</strong></span> <span class='ocrx_word' id='word_1_73' title='bbox 1056 1357 1130 1437; x_wconf 89' lang='lat' dir='ltr'><strong>ipse</strong></span> <span class='ocrx_word' id='word_1_74' title='bbox 1149 1357 1161 1388; x_wconf 69' lang='lat'>⁰</span> <span class='ocrx_word' id='word_1_75' title='bbox 1177 1375 1284 1437; x_wconf 87' lang='lat' dir='ltr'><strong>quam</strong></span> <span class='ocrx_word' id='word_1_76' title='bbox 1307 1357 1344 1420; x_wconf 88' lang='grc' dir='ltr'><strong>Ρ.</strong></span> <span class='ocrx_word' id='word_1_77' title='bbox 1366 1356 1561 1422; x_wconf 89' lang='lat' dir='ltr'><strong>Gaudanus</strong></span> <span class='ocrx_word' id='word_1_78' title='bbox 1574 1359 1611 1422; x_wconf 93' lang='lat' dir='ltr'><strong>in</strong></span> 
     </span>
     <span class='ocr_line' id='line_1_10' title="bbox 383 1459 1655 1544; baseline 0.003 -20"><span class='ocrx_word' id='word_1_79' title='bbox 383 1461 681 1541; x_wconf 88' lang='lat' dir='ltr'><strong>Transylvaniam</strong></span> <span class='ocrx_word' id='word_1_80' title='bbox 706 1481 786 1525; x_wconf 88' lang='lat' dir='ltr'><strong>curn</strong></span> <span class='ocrx_word' id='word_1_81' title='bbox 807 1481 849 1526; x_wconf 88' lang='lat' dir='ltr'><strong>eo</strong></span> <span class='ocrx_word' id='word_1_82' title='bbox 869 1463 1179 1544; x_wconf 89' lang='lat' dir='ltr'><strong>proficiscerentur</strong></span> <span class='ocrx_word' id='word_1_83' title='bbox 1199 1464 1245 1526; x_wconf 87' lang='lat' dir='ltr'><strong>ad</strong></span> <span class='ocrx_word' id='word_1_84' title='bbox 1265 1465 1400 1544; x_wconf 85' lang='lat' dir='ltr'><strong>aliquot</strong></span> <span class='ocrx_word' id='word_1_85' title='bbox 1424 1465 1612 1528; x_wconf 88' lang='lat' dir='ltr'><strong>hebdoma·</strong></span> <span class='ocrx_word' id='word_1_86' title='bbox 1652 1459 1655 1462; x_wconf 69' lang='grc'><strong>’</strong></span> 
     </span>
     <span class='ocr_line' id='line_1_11' title="bbox 383 1568 1611 1651; baseline 0.004 -21"><span class='ocrx_word' id='word_1_87' title='bbox 383 1568 463 1647; x_wconf 90' lang='lat' dir='ltr'><strong>das;</strong></span> <span class='ocrx_word' id='word_1_88' title='bbox 484 1580 522 1630; x_wconf 87' lang='lat' dir='ltr'><strong>ut</strong></span> <span class='ocrx_word' id='word_1_89' title='bbox 536 1569 651 1649; x_wconf 91' lang='lat' dir='ltr'><strong>ipsum</strong></span> <span class='ocrx_word' id='word_1_90' title='bbox 674 1569 993 1651; x_wconf 83' lang='lat' dir='ltr'><strong>Archiepiscopum</strong></span> <span class='ocrx_word' id='word_1_91' title='bbox 1013 1577 1226 1634; x_wconf 87' lang='lat' dir='ltr'><strong>comitantes</strong></span> <span class='ocrx_word' id='word_1_92' title='bbox 1248 1569 1488 1643; x_wconf 88' lang='lat' dir='ltr'><strong>(Provinciam</strong></span> <span class='ocrx_word' id='word_1_93' title='bbox 1515 1572 1611 1635; x_wconf 87' lang='lat' dir='ltr'><strong>iilam</strong></span> 
     </span>
     <span class='ocr_line' id='line_1_12' title="bbox 385 1676 1610 1758; baseline 0.004 -20"><span class='ocrx_word' id='word_1_94' title='bbox 385 1676 564 1754; x_wconf 89' lang='lat' dir='ltr'><strong>visitabat)</strong></span> <span class='ocrx_word' id='word_1_95' title='bbox 580 1689 734 1757; x_wconf 80' lang='lat' dir='ltr'><strong>possent,</strong></span> <span class='ocrx_word' id='word_1_96' title='bbox 751 1679 956 1757; x_wconf 83' lang='lat' dir='ltr'><strong>germanice</strong></span> <span class='ocrx_word' id='word_1_97' title='bbox 971 1678 1233 1758; x_wconf 87' lang='lat' dir='ltr'><strong>concionando,</strong></span> <span class='ocrx_word' id='word_1_98' title='bbox 1250 1678 1416 1741; x_wconf 91' lang='lat' dir='ltr'><strong>seductos</strong></span> <span class='ocrx_word' id='word_1_99' title='bbox 1431 1679 1477 1741; x_wconf 85' lang='lat' dir='ltr'><strong>ad</strong></span> <span class='ocrx_word' id='word_1_100' title='bbox 1491 1679 1610 1743; x_wconf 91' lang='lat' dir='ltr'><strong>Eccle-</strong></span> 
     </span>
     <span class='ocr_line' id='line_1_13' title="bbox 383 1782 1608 1866; baseline 0.003 -21"><span class='ocrx_word' id='word_1_101' title='bbox 383 1782 474 1846; x_wconf 88' lang='lat' dir='ltr'><strong>siam</strong></span> <span class='ocrx_word' id='word_1_102' title='bbox 498 1785 710 1847; x_wconf 90' lang='lat' dir='ltr'><strong>catholicam</strong></span> <span class='ocrx_word' id='word_1_103' title='bbox 735 1785 915 1862; x_wconf 82' lang='lat' dir='ltr'><strong>reducere,</strong></span> <span class='ocrx_word' id='word_1_104' title='bbox 943 1786 1014 1865; x_wconf 91' lang='lat' dir='ltr'><strong>qui,</strong></span> <span class='ocrx_word' id='word_1_105' title='bbox 1040 1794 1185 1865; x_wconf 89' lang='lat' dir='ltr'><strong>propter</strong></span> <span class='ocrx_word' id='word_1_106' title='bbox 1211 1796 1357 1866; x_wconf 86' lang='lat' dir='ltr'><strong>pestem,</strong></span> <span class='ocrx_word' id='word_1_107' title='bbox 1384 1804 1475 1866; x_wconf 89' lang='lat' dir='ltr'><strong>quae</strong></span> <span class='ocrx_word' id='word_1_108' title='bbox 1495 1788 1608 1849; x_wconf 88' lang='lat' dir='ltr'><strong>ineos</strong></span> 
     </span>
     <span class='ocr_line' id='line_1_14' title="bbox 384 1891 1611 1974; baseline 0.003 -22"><span class='ocrx_word' id='word_1_109' title='bbox 384 1891 572 1970; x_wconf 85' lang='lat' dir='ltr'><strong>saevierat,</strong></span> <span class='ocrx_word' id='word_1_110' title='bbox 589 1891 751 1971; x_wconf 90' lang='lat' dir='ltr'><strong>dispositi</strong></span> <span class='ocrx_word' id='word_1_111' title='bbox 767 1893 880 1970; x_wconf 84' lang='lat' dir='ltr'><strong>magis</strong></span> <span class='ocrx_word' id='word_1_112' title='bbox 901 1892 1007 1954; x_wconf 78' lang='lat' dir='ltr'><strong>futuri</strong></span> <span class='ocrx_word' id='word_1_113' title='bbox 1024 1893 1251 1970; x_wconf 88' lang='lat' dir='ltr'><strong>videbantur,</strong></span> <span class='ocrx_word' id='word_1_114' title='bbox 1268 1894 1371 1956; x_wconf 88' lang='lat' dir='ltr'><strong>adea</strong></span> <span class='ocrx_word' id='word_1_115' title='bbox 1386 1910 1478 1974; x_wconf 87' lang='lat' dir='ltr'><strong>quae</strong></span> <span class='ocrx_word' id='word_1_116' title='bbox 1494 1894 1538 1956; x_wconf 87' lang='lat' dir='ltr'><strong>ad</strong></span> <span class='ocrx_word' id='word_1_117' title='bbox 1554 1910 1611 1956; x_wconf 91' lang='lat' dir='ltr'><strong>sa·</strong></span> 
     </span>
     <span class='ocr_line' id='line_1_15' title="bbox 383 1996 1606 2079; baseline 0.004 -20"><span class='ocrx_word' id='word_1_118' title='bbox 383 1996 490 2060; x_wconf 90' lang='lat' dir='ltr'><strong>lutcm</strong></span> <span class='ocrx_word' id='word_1_119' title='bbox 509 1998 874 2077; x_wconf 89' lang='lat' dir='ltr'><strong>solumpertinebant.</strong></span> <span class='ocrx_word' id='word_1_120' title='bbox 897 1998 968 2062; x_wconf 91' lang='lat' dir='ltr'><strong>Sed</strong></span> <span class='ocrx_word' id='word_1_121' title='bbox 987 1999 1075 2061; x_wconf 89' lang='lat' dir='ltr'><strong>haec</strong></span> <span class='ocrx_word' id='word_1_122' title='bbox 1094 1999 1169 2079; x_wconf 89' lang='lat' dir='ltr'><strong>jam</strong></span> <span class='ocrx_word' id='word_1_123' title='bbox 1188 2000 1253 2062; x_wconf 91' lang='lat' dir='ltr'><strong>sub</strong></span> <span class='ocrx_word' id='word_1_124' title='bbox 1274 1999 1378 2062; x_wconf 84' lang='lat' dir='ltr'><strong>linem</strong></span> <span class='ocrx_word' id='word_1_125' title='bbox 1398 1999 1606 2064; x_wconf 89' lang='lat' dir='ltr'><strong>Decembris</strong></span> 
     </span>
     <span class='ocr_line' id='line_1_16' title="bbox 383 2104 640 2168; baseline 0.008 -2"><span class='ocrx_word' id='word_1_126' title='bbox 383 2104 640 2168; x_wconf 85' lang='lat' dir='ltr'><strong>tractabantur.</strong></span> 
     </span>
    </p>
   </div>
   <div class='ocr_carea' id='block_1_3' title="bbox 379 2425 1611 2615">
    <p class='ocr_par' dir='ltr' id='par_1_3' title="bbox 379 2425 1611 2615">
     <span class='ocr_line' id='line_1_17' title="bbox 441 2425 1609 2494; baseline 0.005 -7"><span class='ocrx_word' id='word_1_127' title='bbox 441 2425 511 2488; x_wconf 88' lang='grc'><strong>731.</strong></span> <span class='ocrx_word' id='word_1_128' title='bbox 556 2425 685 2490; x_wconf 90' lang='lat' dir='ltr'><strong>Missus</strong></span> <span class='ocrx_word' id='word_1_129' title='bbox 708 2427 824 2490; x_wconf 85' lang='lat' dir='ltr'><strong>fuerat</strong></span> <span class='ocrx_word' id='word_1_130' title='bbox 849 2426 1043 2490; x_wconf 88' lang='lat' dir='ltr'><strong>Februario</strong></span> <span class='ocrx_word' id='word_1_131' title='bbox 1068 2444 1190 2490; x_wconf 90' lang='lat' dir='ltr'><strong>mense</strong></span> <span class='ocrx_word' id='word_1_132' title='bbox 1216 2427 1252 2491; x_wconf 89' lang='lat' dir='ltr'><strong>P.</strong></span> <span class='ocrx_word' id='word_1_133' title='bbox 1278 2427 1418 2492; x_wconf 89' lang='lat' dir='ltr'><strong>Natalis</strong></span> <span class='ocrx_word' id='word_1_134' title='bbox 1442 2447 1488 2492; x_wconf 82' lang='lat' dir='ltr'><strong>ex</strong></span> <span class='ocrx_word' id='word_1_135' title='bbox 1514 2431 1609 2494; x_wconf 88' lang='lat' dir='ltr'><strong>Urbe</strong></span> 
     </span>
     <span class='ocr_line' id='line_1_18' title="bbox 379 2531 1611 2615; baseline 0.004 -21"><span class='ocrx_word' id='word_1_136' title='bbox 379 2549 460 2594; x_wconf 89' lang='lat' dir='ltr'><strong>cum</strong></span> <span class='ocrx_word' id='word_1_137' title='bbox 476 2531 612 2612; x_wconf 83' lang='lat' dir='ltr'><strong>Legato</strong></span> <span class='ocrx_word' id='word_1_138' title='bbox 627 2533 775 2596; x_wconf 88' lang='lat' dir='ltr'><strong>Morono</strong></span> <span class='ocrx_word' id='word_1_139' title='bbox 791 2533 836 2596; x_wconf 89' lang='lat' dir='ltr'><strong>ad</strong></span> <span class='ocrx_word' id='word_1_140' title='bbox 852 2533 1006 2597; x_wconf 87' lang='lat' dir='ltr'><strong>diaetam</strong></span> <span class='ocrx_word' id='word_1_141' title='bbox 1025 2545 1280 2614; x_wconf 86' lang='lat' dir='ltr'><strong>augustanam,</strong></span> <span class='ocrx_word' id='word_1_142' title='bbox 1299 2544 1335 2597; x_wconf 93' lang='lat' dir='ltr'><strong>ut</strong></span> <span class='ocrx_word' id='word_1_143' title='bbox 1356 2536 1519 2615; x_wconf 86' lang='lat' dir='ltr'><strong>superius</strong></span> <span class='ocrx_word' id='word_1_144' title='bbox 1534 2538 1611 2599; x_wconf 89' lang='lat' dir='ltr'><strong>teti·</strong></span> 
     </span>
    </p>
   </div>
   <div class='ocr_carea' id='block_1_4' title="bbox 322 2775 1614 4774">
    <p class='ocr_par' dir='ltr' id='par_1_4' title="bbox 322 2775 1611 3837">
     <span class='ocr_line' id='line_1_19' title="bbox 420 2775 1610 2832; baseline 0.001 -11"><span class='ocrx_word' id='word_1_145' title='bbox 420 2778 428 2809; x_wconf 85' lang='lat'><strong>¹</strong></span> <span class='ocrx_word' id='word_1_146' title='bbox 457 2777 547 2821; x_wconf 85' lang='lat' dir='ltr'><strong>Sermo</strong></span> <span class='ocrx_word' id='word_1_147' title='bbox 564 2788 620 2821; x_wconf 86' lang='lat' dir='ltr'><strong>esse</strong></span> <span class='ocrx_word' id='word_1_148' title='bbox 636 2778 741 2821; x_wconf 86' lang='lat' dir='ltr'><strong>videtur</strong></span> <span class='ocrx_word' id='word_1_149' title='bbox 752 2778 782 2820; x_wconf 94' lang='lat' dir='ltr'><strong>de</strong></span> <span class='ocrx_word' id='word_1_150' title='bbox 794 2777 906 2831; x_wconf 87' lang='lat' dir='ltr'><strong>quodam</strong></span> <span class='ocrx_word' id='word_1_151' title='bbox 920 2775 1029 2829; x_wconf 74' lang='lat' dir='ltr'><strong>‚loannis</strong></span> <span class='ocrx_word' id='word_1_152' title='bbox 1040 2776 1163 2830; x_wconf 87' lang='lat' dir='ltr'><strong>wigandi</strong></span> <span class='ocrx_word' id='word_1_153' title='bbox 1181 2778 1283 2827; x_wconf 91' lang='lat' dir='ltr'><strong>iibeilo,</strong></span> <span class='ocrx_word' id='word_1_154' title='bbox 1302 2778 1333 2820; x_wconf 91' lang='lat' dir='ltr'><strong>de</strong></span> <span class='ocrx_word' id='word_1_155' title='bbox 1349 2789 1398 2832; x_wconf 86' lang='lat' dir='ltr'><strong>qno</strong></span> <span class='ocrx_word' id='word_1_156' title='bbox 1410 2780 1474 2822; x_wconf 82' lang='lat' dir='ltr'><strong>haec</strong></span> <span class='ocrx_word' id='word_1_157' title='bbox 1491 2778 1610 2823; x_wconf 80' lang='lat' dir='ltr'><strong>canisius</strong></span> 
     </span>
     <span class='ocr_line' id='line_1_20' title="bbox 382 2848 1611 2903; baseline 0.002 -11"><span class='ocrx_word' id='word_1_158' title='bbox 382 2849 484 2903; x_wconf 86' lang='lat' dir='ltr'><strong>ignatio</strong></span> <span class='ocrx_word' id='word_1_159' title='bbox 496 2850 521 2893; x_wconf 83' lang='lat'><strong>17</strong></span> <span class='ocrx_word' id='word_1_160' title='bbox 530 2849 629 2893; x_wconf 83' lang='lat' dir='ltr'><strong>Martii?</strong></span> <span class='ocrx_word' id='word_1_161' title='bbox 640 2850 697 2892; x_wconf 73' lang='lat' dir='ltr'><strong>ibbo:</strong></span> <span class='ocrx_word' id='word_1_162' title='bbox 708 2850 821 2893; x_wconf 76' lang='lat' dir='ltr'><strong>“Prodiit</strong></span> <span class='ocrx_word' id='word_1_163' title='bbox 833 2848 874 2892; x_wconf 89' lang='lat' dir='ltr'><strong>hic</strong></span> <span class='ocrx_word' id='word_1_164' title='bbox 885 2850 945 2901; x_wconf 70' lang='lat' dir='ltr'><strong>(sic,</strong></span> <span class='ocrx_word' id='word_1_165' title='bbox 954 2850 1041 2899; x_wconf 75' lang='lat' dir='ltr'><strong>nuncil</strong></span> <span class='ocrx_word' id='word_1_166' title='bbox 1051 2852 1077 2892; x_wconf 92' lang='lat' dir='ltr'><strong>in</strong></span> <span class='ocrx_word' id='word_1_167' title='bbox 1088 2852 1171 2893; x_wconf 91' lang='lat' dir='ltr'><strong>lucem</strong></span> <span class='ocrx_word' id='word_1_168' title='bbox 1182 2849 1338 2893; x_wconf 89' lang='lat' dir='ltr'><strong>Germanico</strong></span> <span class='ocrx_word' id='word_1_169' title='bbox 1352 2849 1479 2894; x_wconf 81' lang='lat' dir='ltr'><strong>idiomate</strong></span> <span class='ocrx_word' id='word_1_170' title='bbox 1495 2853 1611 2894; x_wconf 87' lang='lat' dir='ltr'><strong>conscri-</strong></span> 
     </span>
     <span class='ocr_line' id='line_1_21' title="bbox 380 2920 1610 2976; baseline 0.001 -11"><span class='ocrx_word' id='word_1_171' title='bbox 380 2930 440 2975; x_wconf 90' lang='lat' dir='ltr'><strong>ptus</strong></span> <span class='ocrx_word' id='word_1_172' title='bbox 450 2923 476 2965; x_wconf 91' lang='lat' dir='ltr'><strong>in</strong></span> <span class='ocrx_word' id='word_1_173' title='bbox 486 2921 677 2967; x_wconf 88' lang='lat' dir='ltr'><strong>Catechismum</strong></span> <span class='ocrx_word' id='word_1_174' title='bbox 687 2930 804 2965; x_wconf 89' lang='lat' dir='ltr'><strong>nostrum</strong></span> <span class='ocrx_word' id='word_1_175' title='bbox 814 2928 840 2964; x_wconf 89' lang='lat' dir='ltr'><strong>et</strong></span> <span class='ocrx_word' id='word_1_176' title='bbox 850 2920 1009 2973; x_wconf 84' lang='lat' dir='ltr'><strong>Jesuitarum</strong></span> <span class='ocrx_word' id='word_1_177' title='bbox 1024 2932 1115 2964; x_wconf 90' lang='lat' dir='ltr'><strong>nomen</strong></span> <span class='ocrx_word' id='word_1_178' title='bbox 1126 2924 1199 2972; x_wconf 87' lang='lat' dir='ltr'><strong>liber,</strong></span> <span class='ocrx_word' id='word_1_179' title='bbox 1216 2926 1255 2964; x_wconf 89' lang='lat' dir='ltr'><strong>tor</strong></span> <span class='ocrx_word' id='word_1_180' title='bbox 1266 2922 1402 2976; x_wconf 76' lang='lat' dir='ltr'><strong>calumniis</strong></span> <span class='ocrx_word' id='word_1_181' title='bbox 1412 2923 1566 2973; x_wconf 82' lang='lat' dir='ltr'><strong>maledictis,</strong></span> <span class='ocrx_word' id='word_1_182' title='bbox 1583 2928 1610 2966; x_wconf 89' lang='lat' dir='ltr'><strong>et</strong></span> 
     </span>
     <span class='ocr_line' id='line_1_22' title="bbox 322 2992 1610 3047; baseline -0.002 -8"><span class='ocrx_word' id='word_1_183' title='bbox 322 3028 324 3039; x_wconf 84' lang='grc'>,</span> <span class='ocrx_word' id='word_1_184' title='bbox 382 2993 594 3047; x_wconf 77' lang='lat' dir='ltr'><strong>splendidissimis</strong></span> <span class='ocrx_word' id='word_1_185' title='bbox 604 3001 753 3047; x_wconf 84' lang='lat' dir='ltr'><strong>compactus</strong></span> <span class='ocrx_word' id='word_1_186' title='bbox 763 2992 913 3045; x_wconf 88' lang='lat' dir='ltr'><strong>mendaciis,</strong></span> <span class='ocrx_word' id='word_1_187' title='bbox 924 2999 951 3035; x_wconf 92' lang='lat' dir='ltr'><strong>ut</strong></span> <span class='ocrx_word' id='word_1_188' title='bbox 960 3002 1052 3046; x_wconf 84' lang='lat' dir='ltr'><strong>partus</strong></span> <span class='ocrx_word' id='word_1_189' title='bbox 1059 2994 1251 3037; x_wconf 86' lang='lat' dir='ltr'><strong>mendaciorum</strong></span> <span class='ocrx_word' id='word_1_190' title='bbox 1259 3001 1368 3047; x_wconf 86' lang='lat' dir='ltr'><strong>parente</strong></span> <span class='ocrx_word' id='word_1_191' title='bbox 1376 2994 1543 3047; x_wconf 80' lang='lat' dir='ltr'><strong>dignissimus</strong></span> <span class='ocrx_word' id='word_1_192' title='bbox 1553 3005 1610 3037; x_wconf 84' lang='lat' dir='ltr'><strong>esse</strong></span> 
     </span>
     <span class='ocr_line' id='line_1_23' title="bbox 381 3066 1610 3121; baseline 0 -13"><span class='ocrx_word' id='word_1_193' title='bbox 381 3066 510 3121; x_wconf 85' lang='lat' dir='ltr'><strong>videatur,</strong></span> <span class='ocrx_word' id='word_1_194' title='bbox 520 3078 568 3109; x_wconf 89' lang='lat' dir='ltr'><strong>nec</strong></span> <span class='ocrx_word' id='word_1_195' title='bbox 577 3068 631 3110; x_wconf 90' lang='lat' dir='ltr'><strong>ulia</strong></span> <span class='ocrx_word' id='word_1_196' title='bbox 641 3066 694 3109; x_wconf 88' lang='lat' dir='ltr'><strong>alia</strong></span> <span class='ocrx_word' id='word_1_197' title='bbox 705 3066 864 3109; x_wconf 82' lang='lat' dir='ltr'><strong>refutatione</strong></span> <span class='ocrx_word' id='word_1_198' title='bbox 874 3076 951 3119; x_wconf 87' lang='lat' dir='ltr'><strong>quam</strong></span> <span class='ocrx_word' id='word_1_199' title='bbox 963 3066 1066 3118; x_wconf 89' lang='lat' dir='ltr'><strong>proprio</strong></span> <span class='ocrx_word' id='word_1_200' title='bbox 1077 3066 1291 3109; x_wconf 85' lang='lat' dir='ltr'><strong>contradictionis</strong></span> <span class='ocrx_word' id='word_1_201' title='bbox 1299 3067 1394 3119; x_wconf 84' lang='lat' dir='ltr'><strong>spiritu</strong></span> <span class='ocrx_word' id='word_1_202' title='bbox 1402 3073 1429 3108; x_wconf 88' lang='lat' dir='ltr'><strong>et</strong></span> <span class='ocrx_word' id='word_1_203' title='bbox 1440 3066 1610 3109; x_wconf 83' lang='lat' dir='ltr'><strong>immoderato</strong></span> 
     </span>
     <span class='ocr_line' id='line_1_24' title="bbox 379 3136 1610 3192; baseline 0 -11"><span class='ocrx_word' id='word_1_204' title='bbox 379 3140 463 3181; x_wconf 88' lang='lat' dir='ltr'><strong>liuore</strong></span> <span class='ocrx_word' id='word_1_205' title='bbox 480 3150 567 3192; x_wconf 83' lang='lat' dir='ltr'><strong>egena.</strong></span> <span class='ocrx_word' id='word_1_206' title='bbox 585 3138 740 3181; x_wconf 87' lang='lat' dir='ltr'><strong>Benedictus</strong></span> <span class='ocrx_word' id='word_1_207' title='bbox 760 3136 834 3189; x_wconf 84' lang='lat' dir='ltr'><strong>Jrsus</strong></span> <span class='ocrx_word' id='word_1_208' title='bbox 855 3148 901 3190; x_wconf 92' lang='lat' dir='ltr'><strong>pro</strong></span> <span class='ocrx_word' id='word_1_209' title='bbox 921 3137 995 3179; x_wconf 89' lang='lat' dir='ltr'><strong>cuius</strong></span> <span class='ocrx_word' id='word_1_210' title='bbox 1015 3138 1115 3180; x_wconf 90' lang='lat' dir='ltr'><strong>nomine</strong></span> <span class='ocrx_word' id='word_1_211' title='bbox 1136 3138 1206 3191; x_wconf 85' lang='lat' dir='ltr'><strong>digni</strong></span> <span class='ocrx_word' id='word_1_212' title='bbox 1222 3138 1304 3180; x_wconf 84' lang='lat' dir='ltr'><strong>habiti</strong></span> <span class='ocrx_word' id='word_1_213' title='bbox 1320 3148 1408 3180; x_wconf 90' lang='lat' dir='ltr'><strong>sumus</strong></span> <span class='ocrx_word' id='word_1_214' title='bbox 1427 3139 1610 3181; x_wconf 87' lang='lat' dir='ltr'><strong>contumeliam</strong></span> 
     </span>
     <span class='ocr_line' id='line_1_25' title="bbox 382 3208 1611 3264; baseline -0.001 -11"><span class='ocrx_word' id='word_1_215' title='bbox 382 3209 460 3264; x_wconf 77' lang='lat' dir='ltr'><strong>pati„</strong></span> <span class='ocrx_word' id='word_1_216' title='bbox 471 3209 566 3263; x_wconf 80' lang='lat' dir='ltr'><strong>Quibus</strong></span> <span class='ocrx_word' id='word_1_217' title='bbox 577 3210 642 3253; x_wconf 89' lang='lat' dir='ltr'><strong>haec</strong></span> <span class='ocrx_word' id='word_1_218' title='bbox 652 3210 739 3253; x_wconf 88' lang='lat' dir='ltr'><strong>subdit</strong></span> <span class='ocrx_word' id='word_1_219' title='bbox 749 3210 833 3252; x_wconf 88' lang='lat' dir='ltr'><strong>editor</strong></span> <span class='ocrx_word' id='word_1_220' title='bbox 844 3208 1056 3252; x_wconf 77' lang='lat' dir='ltr'><strong>Banuusaarruaa:</strong></span> <span class='ocrx_word' id='word_1_221' title='bbox 1066 3208 1192 3260; x_wconf 77' lang='lat' dir='ltr'><strong>“joannes</strong></span> <span class='ocrx_word' id='word_1_222' title='bbox 1202 3208 1316 3262; x_wconf 87' lang='lat' dir='ltr'><strong>Wigand</strong></span> <span class='ocrx_word' id='word_1_223' title='bbox 1328 3209 1472 3261; x_wconf 60' lang='lat' dir='ltr'><strong>ribR-ibd&#39;b,</strong></span> <span class='ocrx_word' id='word_1_224' title='bbox 1481 3208 1611 3252; x_wconf 83' lang='lat' dir='ltr'><strong>Lutlaera-</strong></span> 
     </span>
     <span class='ocr_line' id='line_1_26' title="bbox 382 3279 1609 3335; baseline -0.002 -10"><span class='ocrx_word' id='word_1_225' title='bbox 382 3292 472 3325; x_wconf 87' lang='lat' dir='ltr'><strong>norum</strong></span> <span class='ocrx_word' id='word_1_226' title='bbox 483 3282 742 3335; x_wconf 74' lang='lat' dir='ltr'><strong>magdeburgensium</strong></span> <span class='ocrx_word' id='word_1_227' title='bbox 755 3280 1005 3334; x_wconf 53' lang='lat' dir='ltr'><strong>superintendens,</strong></span> <span class='ocrx_word' id='word_1_228' title='bbox 1020 3291 1086 3323; x_wconf 88' lang='lat' dir='ltr'><strong>anno</strong></span> <span class='ocrx_word' id='word_1_229' title='bbox 1097 3281 1149 3323; x_wconf 60' lang='lat'><strong>1556</strong></span> <span class='ocrx_word' id='word_1_230' title='bbox 1159 3279 1328 3334; x_wconf 84' lang='lat' dir='ltr'><strong>Magdeburgi</strong></span> <span class='ocrx_word' id='word_1_231' title='bbox 1339 3281 1419 3324; x_wconf 85' lang='lat' dir='ltr'><strong>edidit</strong></span> <span class='ocrx_word' id='word_1_232' title='bbox 1431 3282 1533 3325; x_wconf 88' lang='lat' dir='ltr'><strong>librum:</strong></span> <span class='ocrx_word' id='word_1_233' title='bbox 1545 3281 1609 3323; x_wconf 88' lang='lat' dir='ltr'><strong>Ver·</strong></span> 
     </span>
     <span class='ocr_line' id='line_1_27' title="bbox 378 3351 1611 3408; baseline -0.001 -11"><span class='ocrx_word' id='word_1_234' title='bbox 378 3354 478 3408; x_wconf 83' lang='lat' dir='ltr'><strong>legung</strong></span> <span class='ocrx_word' id='word_1_235' title='bbox 488 3365 534 3397; x_wconf 85' lang='lat' dir='ltr'><strong>aus</strong></span> <span class='ocrx_word' id='word_1_236' title='bbox 546 3354 551 3405; x_wconf 88' lang='grc' dir='ltr'>Ι</span> <span class='ocrx_word' id='word_1_237' title='bbox 563 3352 656 3397; x_wconf 87' lang='lat' dir='ltr'><strong>Gottes</strong></span> <span class='ocrx_word' id='word_1_238' title='bbox 670 3352 761 3405; x_wconf 73' lang='lat' dir='ltr'><strong>worm,</strong></span> <span class='ocrx_word' id='word_1_239' title='bbox 773 3354 816 3395; x_wconf 88' lang='lat' dir='ltr'><strong>des</strong></span> <span class='ocrx_word' id='word_1_240' title='bbox 828 3351 903 3395; x_wconf 86' lang='lat' dir='ltr'><strong>Cate—</strong></span> <span class='ocrx_word' id='word_1_241' title='bbox 915 3360 919 3405; x_wconf 84' lang='grc' dir='ltr'>ι</span> <span class='ocrx_word' id='word_1_242' title='bbox 932 3352 1022 3395; x_wconf 88' lang='lat' dir='ltr'><strong>chismi</strong></span> <span class='ocrx_word' id='word_1_243' title='bbox 1032 3352 1078 3394; x_wconf 89' lang='lat' dir='ltr'><strong>der</strong></span> <span class='ocrx_word' id='word_1_244' title='bbox 1088 3351 1221 3403; x_wconf 83' lang='lat' dir='ltr'><strong>Jhesuiten</strong></span> <span class='ocrx_word' id='word_1_245' title='bbox 1238 3352 1355 3406; x_wconf 85' lang='lat' dir='ltr'><strong>(Summa</strong></span> <span class='ocrx_word' id='word_1_246' title='bbox 1366 3354 1371 3406; x_wconf 89' lang='grc' dir='ltr'>Ι</span> <span class='ocrx_word' id='word_1_247' title='bbox 1384 3352 1525 3397; x_wconf 72' lang='lat' dir='ltr'><strong>Doctrinae</strong></span> <span class='ocrx_word' id='word_1_248' title='bbox 1536 3352 1611 3396; x_wconf 84' lang='lat' dir='ltr'><strong>Chri·</strong></span> 
     </span>
     <span class='ocr_line' id='line_1_28' title="bbox 381 3423 1600 3479; baseline 0 -12"><span class='ocrx_word' id='word_1_249' title='bbox 381 3426 482 3468; x_wconf 89' lang='lat' dir='ltr'><strong>stiauae</strong></span> <span class='ocrx_word' id='word_1_250' title='bbox 495 3425 554 3479; x_wconf 84' lang='lat' dir='ltr'><strong>(sic)</strong></span> <span class='ocrx_word' id='word_1_251' title='bbox 564 3436 605 3477; x_wconf 88' lang='lat' dir='ltr'><strong>ge·</strong></span> <span class='ocrx_word' id='word_1_252' title='bbox 617 3426 622 3476; x_wconf 95' lang='grc' dir='ltr'>Ι</span> <span class='ocrx_word' id='word_1_253' title='bbox 634 3425 715 3467; x_wconf 64' lang='lat' dir='ltr'><strong>nandi</strong></span> <span class='ocrx_word' id='word_1_254' title='bbox 726 3424 836 3467; x_wconf 90' lang='lat' dir='ltr'><strong>newiich</strong></span> <span class='ocrx_word' id='word_1_255' title='bbox 849 3424 882 3467; x_wconf 89' lang='lat' dir='ltr'><strong>hu</strong></span> <span class='ocrx_word' id='word_1_256' title='bbox 894 3424 899 3477; x_wconf 88' lang='grc'>1</span> <span class='ocrx_word' id='word_1_257' title='bbox 911 3425 994 3468; x_wconf 87' lang='lat' dir='ltr'><strong>druck</strong></span> <span class='ocrx_word' id='word_1_258' title='bbox 1008 3434 1118 3478; x_wconf 86' lang='lat' dir='ltr'><strong>ausgan-</strong></span> <span class='ocrx_word' id='word_1_259' title='bbox 1130 3425 1135 3475; x_wconf 86' lang='grc' dir='ltr'>Ι</span> <span class='ocrx_word' id='word_1_260' title='bbox 1147 3434 1204 3478; x_wconf 89' lang='lat' dir='ltr'><strong>gen.</strong></span> <span class='ocrx_word' id='word_1_261' title='bbox 1217 3424 1222 3476; x_wconf 93' lang='grc' dir='ltr'>Ι</span> <span class='ocrx_word' id='word_1_262' title='bbox 1234 3424 1323 3468; x_wconf 80' lang='lat' dir='ltr'><strong>Dutch</strong></span> <span class='ocrx_word' id='word_1_263' title='bbox 1332 3424 1366 3469; x_wconf 82' lang='grc' dir='ltr'><strong>Μ.</strong></span> <span class='ocrx_word' id='word_1_264' title='bbox 1376 3423 1521 3477; x_wconf 87' lang='lat' dir='ltr'><strong>Johannem</strong></span> <span class='ocrx_word' id='word_1_265' title='bbox 1530 3424 1600 3478; x_wconf 82' lang='lat' dir='ltr'><strong>Wi·l</strong></span> 
     </span>
     <span class='ocr_line' id='line_1_29' title="bbox 384 3495 1609 3550; baseline 0 -11"><span class='ocrx_word' id='word_1_266' title='bbox 384 3495 506 3549; x_wconf 80' lang='lat' dir='ltr'><strong>gendum.</strong></span> <span class='ocrx_word' id='word_1_267' title='bbox 520 3499 525 3549; x_wconf 89' lang='grc' dir='ltr'>Ι</span> <span class='ocrx_word' id='word_1_268' title='bbox 536 3496 593 3548; x_wconf 89' lang='lat' dir='ltr'><strong>Joh.</strong></span> <span class='ocrx_word' id='word_1_269' title='bbox 604 3496 634 3539; x_wconf 82' lang='lat' dir='ltr'><strong>X.</strong></span> <span class='ocrx_word' id='word_1_270' title='bbox 648 3498 653 3549; x_wconf 82' lang='lat' dir='ltr'><strong>l</strong></span> <span class='ocrx_word' id='word_1_271' title='bbox 665 3495 746 3539; x_wconf 89' lang='lat' dir='ltr'><strong>Meine</strong></span> <span class='ocrx_word' id='word_1_272' title='bbox 756 3496 886 3539; x_wconf 85' lang='lat' dir='ltr'><strong>scheiiiein</strong></span> <span class='ocrx_word' id='word_1_273' title='bbox 894 3496 975 3538; x_wconf 76' lang='lat' dir='ltr'><strong>boren</strong></span> <span class='ocrx_word' id='word_1_274' title='bbox 984 3496 1065 3539; x_wconf 90' lang='lat' dir='ltr'><strong>melne</strong></span> <span class='ocrx_word' id='word_1_275' title='bbox 1076 3496 1186 3547; x_wconf 86' lang='lat' dir='ltr'><strong>stimme,</strong></span> <span class='ocrx_word' id='word_1_276' title='bbox 1199 3497 1204 3548; x_wconf 88' lang='grc' dir='ltr'>Ι</span> <span class='ocrx_word' id='word_1_277' title='bbox 1216 3497 1279 3538; x_wconf 91' lang='lat' dir='ltr'><strong>aber</strong></span> <span class='ocrx_word' id='word_1_278' title='bbox 1287 3496 1512 3540; x_wconf 84' lang='lat' dir='ltr'><strong>einemirembden</strong></span> <span class='ocrx_word' id='word_1_279' title='bbox 1522 3496 1609 3550; x_wconf 86' lang='lat' dir='ltr'><strong>iolgen</strong></span> 
     </span>
     <span class='ocr_line' id='line_1_30' title="bbox 379 3565 1609 3621; baseline -0.002 -10"><span class='ocrx_word' id='word_1_280' title='bbox 379 3568 418 3611; x_wconf 90' lang='lat' dir='ltr'><strong>sle</strong></span> <span class='ocrx_word' id='word_1_281' title='bbox 429 3568 501 3611; x_wconf 89' lang='lat' dir='ltr'><strong>nicht</strong></span> <span class='ocrx_word' id='word_1_282' title='bbox 512 3568 579 3611; x_wconf 86' lang='lat' dir='ltr'><strong>nacii</strong></span> <span class='ocrx_word' id='word_1_283' title='bbox 590 3570 595 3619; x_wconf 81' lang='lat' dir='ltr'><strong>i</strong></span> <span class='ocrx_word' id='word_1_284' title='bbox 607 3567 655 3610; x_wconf 92' lang='lat' dir='ltr'><strong>den</strong></span> <span class='ocrx_word' id='word_1_285' title='bbox 666 3568 702 3611; x_wconf 86' lang='lat' dir='ltr'><strong>sie</strong></span> <span class='ocrx_word' id='word_1_286' title='bbox 713 3570 815 3610; x_wconf 86' lang='lat' dir='ltr'><strong>kennen</strong></span> <span class='ocrx_word' id='word_1_287' title='bbox 825 3568 896 3610; x_wconf 85' lang='lat' dir='ltr'><strong>seiae</strong></span> <span class='ocrx_word' id='word_1_288' title='bbox 907 3565 1014 3610; x_wconf 88' lang='lat' dir='ltr'><strong>Stimme</strong></span> <span class='ocrx_word' id='word_1_289' title='bbox 1023 3565 1160 3609; x_wconf 77' lang='lat' dir='ltr'><strong>nicht-ln</strong></span> <span class='ocrx_word' id='word_1_290' title='bbox 1170 3573 1289 3610; x_wconf 83' lang='lat' dir='ltr'><strong>extrema</strong></span> <span class='ocrx_word' id='word_1_291' title='bbox 1297 3567 1359 3610; x_wconf 90' lang='lat' dir='ltr'><strong>libri</strong></span> <span class='ocrx_word' id='word_1_292' title='bbox 1367 3572 1451 3621; x_wconf 87' lang='lat' dir='ltr'><strong>parte:</strong></span> <span class='ocrx_word' id='word_1_293' title='bbox 1460 3567 1609 3611; x_wconf 78' lang='lat' dir='ltr'><strong>¹‘Gedruclrt</strong></span> 
     </span>
     <span class='ocr_line' id='line_1_31' title="bbox 382 3638 1608 3693; baseline 0 -10"><span class='ocrx_word' id='word_1_294' title='bbox 382 3650 413 3683; x_wconf 88' lang='lat' dir='ltr'><strong>au</strong></span> <span class='ocrx_word' id='word_1_295' title='bbox 423 3638 601 3693; x_wconf 76' lang='lat' dir='ltr'><strong>Magdeburgir</strong></span> <span class='ocrx_word' id='word_1_296' title='bbox 612 3640 694 3683; x_wconf 87' lang='lat' dir='ltr'><strong>durch</strong></span> <span class='ocrx_word' id='word_1_297' title='bbox 705 3638 813 3683; x_wconf 86' lang='lat' dir='ltr'><strong>Michael</strong></span> <span class='ocrx_word' id='word_1_298' title='bbox 824 3638 932 3683; x_wconf 87' lang='lat' dir='ltr'><strong>Lother.</strong></span> <span class='ocrx_word' id='word_1_299' title='bbox 945 3638 1019 3691; x_wconf 70' lang='lat' dir='ltr'><strong>lbos,</strong></span> <span class='ocrx_word' id='word_1_300' title='bbox 1028 3639 1043 3681; x_wconf 86' lang='grc'>8</span> <span class='ocrx_word' id='word_1_301' title='bbox 1052 3638 1064 3662; x_wconf 88' lang='lat'><strong>⁰</strong></span> <span class='ocrx_word' id='word_1_302' title='bbox 1075 3639 1145 3689; x_wconf 82' lang='lat' dir='ltr'><strong>min..</strong></span> <span class='ocrx_word' id='word_1_303' title='bbox 1158 3638 1196 3681; x_wconf 81' lang='lat' dir='ltr'><strong>tot</strong></span> <span class='ocrx_word' id='word_1_304' title='bbox 1206 3638 1235 3682; x_wconf 83' lang='lat' dir='ltr'><strong>ft.</strong></span> <span class='ocrx_word' id='word_1_305' title='bbox 1246 3649 1297 3681; x_wconf 90' lang='lat' dir='ltr'><strong>non</strong></span> <span class='ocrx_word' id='word_1_306' title='bbox 1307 3639 1498 3693; x_wconf 71' lang='lat' dir='ltr'><strong>signata-Qui</strong></span> <span class='ocrx_word' id='word_1_307' title='bbox 1516 3640 1608 3683; x_wconf 87' lang='lat' dir='ltr'><strong>librum</strong></span> 
     </span>
     <span class='ocr_line' id='line_1_32' title="bbox 381 3709 1611 3767; baseline 0 -13"><span class='ocrx_word' id='word_1_308' title='bbox 381 3713 450 3767; x_wconf 83' lang='lat' dir='ltr'><strong>typis</strong></span> <span class='ocrx_word' id='word_1_309' title='bbox 460 3712 605 3765; x_wconf 84' lang='lat' dir='ltr'><strong>exscripsit,</strong></span> <span class='ocrx_word' id='word_1_310' title='bbox 616 3710 727 3755; x_wconf 84' lang='lat' dir='ltr'><strong>iiiichael</strong></span> <span class='ocrx_word' id='word_1_311' title='bbox 737 3711 845 3763; x_wconf 90' lang='lat' dir='ltr'><strong>Lother,</strong></span> <span class='ocrx_word' id='word_1_312' title='bbox 854 3717 932 3753; x_wconf 86' lang='lat' dir='ltr'><strong>antea</strong></span> <span class='ocrx_word' id='word_1_313' title='bbox 942 3722 1001 3753; x_wconf 89' lang='lat' dir='ltr'><strong>curn</strong></span> <span class='ocrx_word' id='word_1_314' title='bbox 1008 3709 1147 3754; x_wconf 79' lang='lat' dir='ltr'><strong>Melchiore</strong></span> <span class='ocrx_word' id='word_1_315' title='bbox 1156 3709 1239 3754; x_wconf 78' lang='lat' dir='ltr'><strong>fratre</strong></span> <span class='ocrx_word' id='word_1_316' title='bbox 1249 3709 1434 3766; x_wconf 75' lang='lat' dir='ltr'><strong>vitembergae</strong></span> <span class='ocrx_word' id='word_1_317' title='bbox 1441 3711 1611 3755; x_wconf 84' lang='lat' dir='ltr'><strong>habitaverat</strong></span> 
     </span>
     <span class='ocr_line' id='line_1_33' title="bbox 381 3782 1388 3837; baseline 0.001 -11"><span class='ocrx_word' id='word_1_318' title='bbox 381 3791 406 3826; x_wconf 90' lang='lat' dir='ltr'><strong>et</strong></span> <span class='ocrx_word' id='word_1_319' title='bbox 418 3783 526 3827; x_wconf 90' lang='lat' dir='ltr'><strong>Lutherl</strong></span> <span class='ocrx_word' id='word_1_320' title='bbox 537 3784 617 3827; x_wconf 86' lang='lat' dir='ltr'><strong>libros</strong></span> <span class='ocrx_word' id='word_1_321' title='bbox 627 3784 772 3837; x_wconf 87' lang='lat' dir='ltr'><strong>complures</strong></span> <span class='ocrx_word' id='word_1_322' title='bbox 783 3782 924 3835; x_wconf 74' lang='lat' dir='ltr'><strong>ediderat„</strong></span> <span class='ocrx_word' id='word_1_323' title='bbox 935 3782 965 3825; x_wconf 89' lang='lat' dir='ltr'><strong>L.</strong></span> <span class='ocrx_word' id='word_1_324' title='bbox 975 3794 1006 3835; x_wconf 91' lang='lat' dir='ltr'><strong>c.,</strong></span> <span class='ocrx_word' id='word_1_325' title='bbox 1017 3794 1078 3837; x_wconf 87' lang='lat' dir='ltr'><strong>pag.</strong></span> <span class='ocrx_word' id='word_1_326' title='bbox 1088 3782 1137 3825; x_wconf 80' lang='lat'><strong>605.</strong></span> <span class='ocrx_word' id='word_1_327' title='bbox 1383 3818 1388 3827; x_wconf 91' lang='lat'><em>.</em></span> 
     </span>
    </p>

    <p class='ocr_par' dir='ltr' id='par_1_5' title="bbox 381 3852 1612 4123">
     <span class='ocr_line' id='line_1_34' title="bbox 420 3852 1609 3909; baseline -0.001 -10"><span class='ocrx_word' id='word_1_328' title='bbox 420 3856 431 3887; x_wconf 75' lang='lat'>²</span> <span class='ocrx_word' id='word_1_329' title='bbox 458 3854 500 3899; x_wconf 92' lang='lat' dir='ltr'><strong>Sic</strong></span> <span class='ocrx_word' id='word_1_330' title='bbox 511 3858 536 3900; x_wconf 92' lang='lat' dir='ltr'><strong>in</strong></span> <span class='ocrx_word' id='word_1_331' title='bbox 547 3854 603 3907; x_wconf 77' lang='lat' dir='ltr'><strong>his..</strong></span> <span class='ocrx_word' id='word_1_332' title='bbox 613 3856 752 3905; x_wconf 85' lang='lat' dir='ltr'><strong>sententia,</strong></span> <span class='ocrx_word' id='word_1_333' title='bbox 764 3862 792 3897; x_wconf 93' lang='lat' dir='ltr'><strong>ut</strong></span> <span class='ocrx_word' id='word_1_334' title='bbox 803 3862 885 3907; x_wconf 86' lang='lat' dir='ltr'><strong>patet,</strong></span> <span class='ocrx_word' id='word_1_335' title='bbox 898 3866 949 3898; x_wconf 90' lang='lat' dir='ltr'><strong>non</strong></span> <span class='ocrx_word' id='word_1_336' title='bbox 965 3858 1103 3908; x_wconf 85' lang='lat' dir='ltr'><strong>completa.</strong></span> <span class='ocrx_word' id='word_1_337' title='bbox 1120 3852 1518 3909; x_wconf 70' lang='lat' dir='ltr'><strong>completurautemslc:⁶1nde,</strong></span> <span class='ocrx_word' id='word_1_338' title='bbox 1533 3856 1609 3898; x_wconf 88' lang='lat' dir='ltr'><strong>rebus</strong></span> 
     </span>
     <span class='ocr_line' id='line_1_35' title="bbox 381 3926 1612 3981; baseline -0.002 -10"><span class='ocrx_word' id='word_1_339' title='bbox 381 3926 631 3981; x_wconf 83' lang='lat' dir='ltr'><strong>coniectis,propter</strong></span> <span class='ocrx_word' id='word_1_340' title='bbox 641 3938 706 3981; x_wconf 88' lang='lat' dir='ltr'><strong>quas</strong></span> <span class='ocrx_word' id='word_1_341' title='bbox 720 3933 839 3977; x_wconf 80' lang='lat' dir='ltr'><strong>venerat,</strong></span> <span class='ocrx_word' id='word_1_342' title='bbox 852 3926 1000 3978; x_wconf 79' lang='lat' dir='ltr'><strong>Augustam</strong></span> <span class='ocrx_word' id='word_1_343' title='bbox 1010 3931 1036 3969; x_wconf 91' lang='lat' dir='ltr'><strong>et</strong></span> <span class='ocrx_word' id='word_1_344' title='bbox 1046 3926 1138 3969; x_wconf 88' lang='lat' dir='ltr'><strong>deinde</strong></span> <span class='ocrx_word' id='word_1_345' title='bbox 1153 3926 1283 3969; x_wconf 85' lang='lat' dir='ltr'><strong>Viennam</strong></span> <span class='ocrx_word' id='word_1_346' title='bbox 1298 3926 1429 3979; x_wconf 84' lang='lat' dir='ltr'><strong>proiectus</strong></span> <span class='ocrx_word' id='word_1_347' title='bbox 1445 3932 1493 3977; x_wconf 84' lang='lat' dir='ltr'><strong>est,</strong></span> <span class='ocrx_word' id='word_1_348' title='bbox 1509 3926 1553 3969; x_wconf 90' lang='lat' dir='ltr'><strong>ubi</strong></span> <span class='ocrx_word' id='word_1_349' title='bbox 1567 3937 1612 3969; x_wconf 91' lang='lat' dir='ltr'><strong>no·</strong></span> 
     </span>
     <span class='ocr_line' id='line_1_36' title="bbox 381 3996 1611 4052; baseline 0 -11"><span class='ocrx_word' id='word_1_350' title='bbox 381 4006 450 4042; x_wconf 89' lang='lat' dir='ltr'><strong>stros</strong></span> <span class='ocrx_word' id='word_1_351' title='bbox 460 4010 492 4042; x_wconf 82' lang='lat' dir='ltr'><strong>ex</strong></span> <span class='ocrx_word' id='word_1_352' title='bbox 502 3998 571 4042; x_wconf 85' lang='lat' dir='ltr'><strong>Urbe</strong></span> <span class='ocrx_word' id='word_1_353' title='bbox 582 4006 708 4041; x_wconf 85' lang='lat' dir='ltr'><strong>venturos</strong></span> <span class='ocrx_word' id='word_1_354' title='bbox 718 3997 849 4041; x_wconf 84' lang='lat' dir='ltr'><strong>commode</strong></span> <span class='ocrx_word' id='word_1_355' title='bbox 860 4002 1001 4051; x_wconf 84' lang='lat' dir='ltr'><strong>expectare</strong></span> <span class='ocrx_word' id='word_1_356' title='bbox 1013 4008 1088 4052; x_wconf 84' lang='lat' dir='ltr'><strong>posse</strong></span> <span class='ocrx_word' id='word_1_357' title='bbox 1098 3998 1258 4050; x_wconf 86' lang='lat' dir='ltr'><strong>videbatur.„</strong></span> <span class='ocrx_word' id='word_1_358' title='bbox 1274 3996 1314 4040; x_wconf 85' lang='lat' dir='ltr'><strong>Ci.</strong></span> <span class='ocrx_word' id='word_1_359' title='bbox 1325 3997 1539 4051; x_wconf 76' lang='lat' dir='ltr'><strong>Baeuassrmusa,</strong></span> <span class='ocrx_word' id='word_1_360' title='bbox 1549 3998 1567 4041; x_wconf 94' lang='lat' dir='ltr'><strong>l.</strong></span> <span class='ocrx_word' id='word_1_361' title='bbox 1578 4008 1611 4047; x_wconf 82' lang='lat' dir='ltr'><strong>c..</strong></span> 
     </span>
     <span class='ocr_line' id='line_1_37' title="bbox 381 4080 511 4123; baseline 0.023 -11"><span class='ocrx_word' id='word_1_362' title='bbox 381 4080 441 4123; x_wconf 81' lang='lat' dir='ltr'><strong>pag.</strong></span> <span class='ocrx_word' id='word_1_363' title='bbox 452 4080 511 4115; x_wconf 81' lang='lat' dir='ltr'><strong>xav.</strong></span> 
     </span>
    </p>

    <p class='ocr_par' dir='ltr' id='par_1_6' title="bbox 420 4140 1271 4196">
     <span class='ocr_line' id='line_1_38' title="bbox 420 4140 1271 4196; baseline -0.002 -11"><span class='ocrx_word' id='word_1_364' title='bbox 420 4142 432 4171; x_wconf 66' lang='lat'>5</span> <span class='ocrx_word' id='word_1_365' title='bbox 459 4140 580 4185; x_wconf 85' lang='lat' dir='ltr'><strong>Nicolaus</strong></span> <span class='ocrx_word' id='word_1_366' title='bbox 590 4140 688 4185; x_wconf 85' lang='lat' dir='ltr'><strong>Olahus</strong></span> <span class='ocrx_word' id='word_1_367' title='bbox 699 4140 793 4192; x_wconf 79' lang='lat' dir='ltr'><strong>(Oiah).</strong></span> <span class='ocrx_word' id='word_1_368' title='bbox 806 4140 872 4183; x_wconf 91' lang='lat' dir='ltr'><strong>Vide</strong></span> <span class='ocrx_word' id='word_1_369' title='bbox 885 4151 974 4195; x_wconf 82' lang='lat' dir='ltr'><strong>supra.</strong></span> <span class='ocrx_word' id='word_1_370' title='bbox 984 4147 1003 4184; x_wconf 90' lang='lat' dir='ltr'><strong>t.</strong></span> <span class='ocrx_word' id='word_1_371' title='bbox 1013 4152 1050 4194; x_wconf 81' lang='grc' dir='ltr'><strong>ιν,</strong></span> <span class='ocrx_word' id='word_1_372' title='bbox 1062 4153 1122 4196; x_wconf 85' lang='lat' dir='ltr'><strong>pag.</strong></span> <span class='ocrx_word' id='word_1_373' title='bbox 1133 4141 1180 4187; x_wconf 76' lang='grc'><strong>253.</strong></span> <span class='ocrx_word' id='word_1_374' title='bbox 1190 4140 1271 4185; x_wconf 69' lang='lat' dir='ltr'><strong>abio.</strong></span> 
     </span>
    </p>

    <p class='ocr_par' dir='ltr' id='par_1_7' title="bbox 382 4212 1612 4339">
     <span class='ocr_line' id='line_1_39' title="bbox 421 4212 1612 4269; baseline -0.001 -12"><span class='ocrx_word' id='word_1_375' title='bbox 421 4214 433 4246; x_wconf 77' lang='lat'><strong>⁴</strong></span> <span class='ocrx_word' id='word_1_376' title='bbox 459 4214 565 4269; x_wconf 89' lang='lat' dir='ltr'><strong>ibidem,</strong></span> <span class='ocrx_word' id='word_1_377' title='bbox 576 4220 596 4257; x_wconf 92' lang='lat' dir='ltr'><strong>t.</strong></span> <span class='ocrx_word' id='word_1_378' title='bbox 610 4224 646 4268; x_wconf 88' lang='lat' dir='ltr'><strong>rv,</strong></span> <span class='ocrx_word' id='word_1_379' title='bbox 658 4214 717 4256; x_wconf 85' lang='lat' dir='ltr'><strong>vide</strong></span> <span class='ocrx_word' id='word_1_380' title='bbox 728 4224 793 4268; x_wconf 84' lang='lat' dir='ltr'><strong>quae</strong></span> <span class='ocrx_word' id='word_1_381' title='bbox 805 4212 933 4257; x_wconf 85' lang='lat' dir='ltr'><strong>Polancus</strong></span> <span class='ocrx_word' id='word_1_382' title='bbox 949 4214 980 4255; x_wconf 92' lang='lat' dir='ltr'><strong>de</strong></span> <span class='ocrx_word' id='word_1_383' title='bbox 997 4212 1130 4267; x_wconf 91' lang='lat' dir='ltr'><strong>Strigonia</strong></span> <span class='ocrx_word' id='word_1_384' title='bbox 1145 4213 1324 4267; x_wconf 82' lang='lat' dir='ltr'><strong>(Esatergom,</strong></span> <span class='ocrx_word' id='word_1_385' title='bbox 1339 4214 1422 4265; x_wconf 88' lang='lat' dir='ltr'><strong>Gran)</strong></span> <span class='ocrx_word' id='word_1_386' title='bbox 1436 4221 1462 4257; x_wconf 91' lang='lat' dir='ltr'><strong>et</strong></span> <span class='ocrx_word' id='word_1_387' title='bbox 1477 4213 1612 4269; x_wconf 88' lang='lat' dir='ltr'><strong>Tyrnavia</strong></span> 
     </span>
     <span class='ocr_line' id='line_1_40' title="bbox 382 4284 696 4339; baseline 0 -10"><span class='ocrx_word' id='word_1_388' title='bbox 382 4284 613 4339; x_wconf 67' lang='lat' dir='ltr'><strong>(Nugy-Szombat)</strong></span> <span class='ocrx_word' id='word_1_389' title='bbox 624 4288 696 4330; x_wconf 89' lang='lat' dir='ltr'><strong>dicit.</strong></span> 
     </span>
    </p>

    <p class='ocr_par' dir='ltr' id='par_1_8' title="bbox 381 4356 1614 4627">
     <span class='ocr_line' id='line_1_41' title="bbox 422 4356 1613 4412; baseline -0.001 -12"><span class='ocrx_word' id='word_1_390' title='bbox 422 4356 433 4387; x_wconf 82' lang='lat'>¹</span> <span class='ocrx_word' id='word_1_391' title='bbox 460 4356 502 4401; x_wconf 90' lang='lat' dir='ltr'><strong>Sic</strong></span> <span class='ocrx_word' id='word_1_392' title='bbox 511 4359 647 4412; x_wconf 89' lang='lat' dir='ltr'><strong>perspicue</strong></span> <span class='ocrx_word' id='word_1_393' title='bbox 658 4360 683 4401; x_wconf 95' lang='lat' dir='ltr'><strong>in</strong></span> <span class='ocrx_word' id='word_1_394' title='bbox 694 4358 753 4403; x_wconf 87' lang='lat' dir='ltr'><strong>Mss.</strong></span> <span class='ocrx_word' id='word_1_395' title='bbox 765 4356 817 4401; x_wconf 88' lang='lat' dir='ltr'><strong>Cur</strong></span> <span class='ocrx_word' id='word_1_396' title='bbox 828 4366 913 4400; x_wconf 86' lang='lat' dir='ltr'><strong>autern</strong></span> <span class='ocrx_word' id='word_1_397' title='bbox 925 4357 959 4400; x_wconf 87' lang='lat' dir='ltr'><strong>ad</strong></span> <span class='ocrx_word' id='word_1_398' title='bbox 970 4356 1158 4411; x_wconf 82' lang='lat' dir='ltr'><strong>Imperatorem</strong></span> <span class='ocrx_word' id='word_1_399' title='bbox 1168 4368 1215 4411; x_wconf 89' lang='lat' dir='ltr'><strong>pro</strong></span> <span class='ocrx_word' id='word_1_400' title='bbox 1227 4357 1275 4399; x_wconf 89' lang='lat' dir='ltr'><strong>hac</strong></span> <span class='ocrx_word' id='word_1_401' title='bbox 1291 4357 1418 4400; x_wconf 75' lang='lat' dir='ltr'><strong>facultate</strong></span> <span class='ocrx_word' id='word_1_402' title='bbox 1429 4357 1613 4401; x_wconf 84' lang='lat' dir='ltr'><strong>recurrendum</strong></span> 
     </span>
     <span class='ocr_line' id='line_1_42' title="bbox 382 4428 1614 4483; baseline -0.002 -12"><span class='ocrx_word' id='word_1_403' title='bbox 382 4429 430 4471; x_wconf 87' lang='lat' dir='ltr'><strong>sibl</strong></span> <span class='ocrx_word' id='word_1_404' title='bbox 441 4436 558 4473; x_wconf 89' lang='lat' dir='ltr'><strong>censeret</strong></span> <span class='ocrx_word' id='word_1_405' title='bbox 569 4430 754 4483; x_wconf 79' lang='lat' dir='ltr'><strong>strigoniensis</strong></span> <span class='ocrx_word' id='word_1_406' title='bbox 766 4429 994 4483; x_wconf 82' lang='lat' dir='ltr'><strong>Archiepiscopus,</strong></span> <span class='ocrx_word' id='word_1_407' title='bbox 1011 4429 1148 4480; x_wconf 87' lang='lat' dir='ltr'><strong>nescimus;</strong></span> <span class='ocrx_word' id='word_1_408' title='bbox 1159 4440 1206 4472; x_wconf 91' lang='lat' dir='ltr'><strong>nec</strong></span> <span class='ocrx_word' id='word_1_409' title='bbox 1217 4428 1283 4470; x_wconf 85' lang='lat' dir='ltr'><strong>enim</strong></span> <span class='ocrx_word' id='word_1_410' title='bbox 1299 4429 1329 4471; x_wconf 91' lang='lat' dir='ltr'><strong>de</strong></span> <span class='ocrx_word' id='word_1_411' title='bbox 1340 4429 1390 4471; x_wconf 90' lang='lat' dir='ltr'><strong>hac</strong></span> <span class='ocrx_word' id='word_1_412' title='bbox 1399 4439 1437 4481; x_wconf 91' lang='lat' dir='ltr'><strong>re,</strong></span> <span class='ocrx_word' id='word_1_413' title='bbox 1453 4428 1484 4470; x_wconf 91' lang='lat' dir='ltr'><strong>de</strong></span> <span class='ocrx_word' id='word_1_414' title='bbox 1500 4438 1551 4483; x_wconf 88' lang='lat' dir='ltr'><strong>qua</strong></span> <span class='ocrx_word' id='word_1_415' title='bbox 1565 4428 1614 4470; x_wconf 90' lang='lat' dir='ltr'><strong>sub</strong></span> 
     </span>
     <span class='ocr_line' id='line_1_43' title="bbox 383 4498 1611 4555; baseline 0.001 -14"><span class='ocrx_word' id='word_1_416' title='bbox 383 4500 457 4543; x_wconf 79' lang='lat' dir='ltr'><strong>tinent</strong></span> <span class='ocrx_word' id='word_1_417' title='bbox 468 4500 625 4555; x_wconf 85' lang='lat' dir='ltr'><strong>Decembris,</strong></span> <span class='ocrx_word' id='word_1_418' title='bbox 636 4506 667 4545; x_wconf 89' lang='lat' dir='ltr'><strong>ut</strong></span> <span class='ocrx_word' id='word_1_419' title='bbox 677 4503 715 4545; x_wconf 85' lang='lat' dir='ltr'><strong>ait</strong></span> <span class='ocrx_word' id='word_1_420' title='bbox 726 4502 794 4547; x_wconf 84' lang='lat' dir='ltr'><strong>inira</strong></span> <span class='ocrx_word' id='word_1_421' title='bbox 808 4500 944 4553; x_wconf 85' lang='lat' dir='ltr'><strong>Polancus,</strong></span> <span class='ocrx_word' id='word_1_422' title='bbox 956 4508 1044 4543; x_wconf 85' lang='lat' dir='ltr'><strong>actum</strong></span> <span class='ocrx_word' id='word_1_423' title='bbox 1059 4508 1108 4551; x_wconf 86' lang='lat' dir='ltr'><strong>est,</strong></span> <span class='ocrx_word' id='word_1_424' title='bbox 1121 4502 1210 4552; x_wconf 89' lang='lat' dir='ltr'><strong>ulium,</strong></span> <span class='ocrx_word' id='word_1_425' title='bbox 1226 4506 1333 4552; x_wconf 88' lang='lat' dir='ltr'><strong>praeter</strong></span> <span class='ocrx_word' id='word_1_426' title='bbox 1350 4499 1398 4542; x_wconf 90' lang='lat' dir='ltr'><strong>hoc</strong></span> <span class='ocrx_word' id='word_1_427' title='bbox 1412 4498 1525 4551; x_wconf 87' lang='lat' dir='ltr'><strong>Poianci,</strong></span> <span class='ocrx_word' id='word_1_428' title='bbox 1539 4500 1611 4542; x_wconf 87' lang='lat' dir='ltr'><strong>testi·</strong></span> 
     </span>
     <span class='ocr_line' id='line_1_44' title="bbox 381 4574 659 4627; baseline 0.007 -12"><span class='ocrx_word' id='word_1_429' title='bbox 381 4574 494 4616; x_wconf 85' lang='lat' dir='ltr'><strong>monium</strong></span> <span class='ocrx_word' id='word_1_430' title='bbox 509 4574 659 4627; x_wconf 87' lang='lat' dir='ltr'><strong>reperimus.</strong></span> 
     </span>
    </p>

    <p class='ocr_par' dir='ltr' id='par_1_9' title="bbox 382 4642 1611 4774">
     <span class='ocr_line' id='line_1_45' title="bbox 422 4642 1611 4702; baseline -0.001 -14"><span class='ocrx_word' id='word_1_431' title='bbox 422 4642 435 4677; x_wconf 79' lang='lat'>⁸</span> <span class='ocrx_word' id='word_1_432' title='bbox 462 4645 490 4688; x_wconf 88' lang='lat' dir='ltr'><strong>P.</strong></span> <span class='ocrx_word' id='word_1_433' title='bbox 502 4644 631 4690; x_wconf 85' lang='lat' dir='ltr'><strong>Canisius?</strong></span> <span class='ocrx_word' id='word_1_434' title='bbox 643 4646 679 4689; x_wconf 90' lang='lat' dir='ltr'><strong>De</strong></span> <span class='ocrx_word' id='word_1_435' title='bbox 690 4648 745 4702; x_wconf 76' lang='lat' dir='ltr'><strong>ejus</strong></span> <span class='ocrx_word' id='word_1_436' title='bbox 755 4653 781 4689; x_wconf 91' lang='lat' dir='ltr'><strong>et</strong></span> <span class='ocrx_word' id='word_1_437' title='bbox 792 4646 879 4691; x_wconf 89' lang='lat' dir='ltr'><strong>Patris</strong></span> <span class='ocrx_word' id='word_1_438' title='bbox 887 4646 978 4701; x_wconf 88' lang='lat' dir='ltr'><strong>Lanoy</strong></span> <span class='ocrx_word' id='word_1_439' title='bbox 989 4646 1014 4689; x_wconf 93' lang='lat' dir='ltr'><strong>in</strong></span> <span class='ocrx_word' id='word_1_440' title='bbox 1028 4645 1187 4699; x_wconf 84' lang='lat' dir='ltr'><strong>Hungariam</strong></span> <span class='ocrx_word' id='word_1_441' title='bbox 1197 4652 1305 4699; x_wconf 84' lang='lat' dir='ltr'><strong>propter</strong></span> <span class='ocrx_word' id='word_1_442' title='bbox 1314 4643 1443 4700; x_wconf 72' lang='lat' dir='ltr'><strong>Synodum</strong></span> <span class='ocrx_word' id='word_1_443' title='bbox 1451 4644 1611 4699; x_wconf 83' lang='lat' dir='ltr'><strong>proiectione</strong></span> 
     </span>
     <span class='ocr_line' id='line_1_46' title="bbox 382 4717 1570 4774; baseline -0.001 -13"><span class='ocrx_word' id='word_1_444' title='bbox 382 4730 468 4761; x_wconf 89' lang='lat' dir='ltr'><strong>acrum</strong></span> <span class='ocrx_word' id='word_1_445' title='bbox 479 4718 532 4774; x_wconf 78' lang='lat' dir='ltr'><strong>iam</strong></span> <span class='ocrx_word' id='word_1_446' title='bbox 543 4725 583 4761; x_wconf 87' lang='lat' dir='ltr'><strong>est</strong></span> <span class='ocrx_word' id='word_1_447' title='bbox 594 4730 659 4761; x_wconf 90' lang='lat' dir='ltr'><strong>anno</strong></span> <span class='ocrx_word' id='word_1_448' title='bbox 670 4720 786 4773; x_wconf 89' lang='lat' dir='ltr'><strong>proxime</strong></span> <span class='ocrx_word' id='word_1_449' title='bbox 798 4721 885 4773; x_wconf 87' lang='lat' dir='ltr'><strong>elapso</strong></span> <span class='ocrx_word' id='word_1_450' title='bbox 894 4718 955 4762; x_wconf 75' lang='lat'>1551.</span> <span class='ocrx_word' id='word_1_451' title='bbox 966 4718 1032 4760; x_wconf 86' lang='lat' dir='ltr'><strong>Vide</strong></span> <span class='ocrx_word' id='word_1_452' title='bbox 1043 4729 1130 4771; x_wconf 84' lang='lat' dir='ltr'><strong>supra,</strong></span> <span class='ocrx_word' id='word_1_453' title='bbox 1143 4726 1161 4760; x_wconf 87' lang='lat' dir='ltr'><strong>t.</strong></span> <span class='ocrx_word' id='word_1_454' title='bbox 1172 4729 1208 4766; x_wconf 85' lang='lat' dir='ltr'><strong>rv.</strong></span> <span class='ocrx_word' id='word_1_455' title='bbox 1219 4728 1278 4771; x_wconf 83' lang='lat' dir='ltr'><strong>pag.</strong></span> <span class='ocrx_word' id='word_1_456' title='bbox 1290 4718 1338 4766; x_wconf 64' lang='lat' dir='ltr'><strong>Tui.</strong></span> <span class='ocrx_word' id='word_1_457' title='bbox 1350 4729 1375 4760; x_wconf 92' lang='lat' dir='ltr'><strong>n.</strong></span> <span class='ocrx_word' id='word_1_458' title='bbox 1385 4718 1438 4770; x_wconf 69' lang='lat' dir='ltr'><strong>hio,</strong></span> <span class='ocrx_word' id='word_1_459' title='bbox 1449 4724 1538 4760; x_wconf 90' lang='lat' dir='ltr'><strong>annot.</strong></span> <span class='ocrx_word' id='word_1_460' title='bbox 1547 4717 1570 4760; x_wconf 84' lang='grc'><strong>3.</strong></span> 
     </span>
    </p>
   </div>
   <div class='ocr_carea' id='block_1_5' title="bbox 0 0 1867 5400">
    <p class='ocr_par' dir='ltr' id='par_1_10' title="bbox 0 0 1867 5400">
     <span class='ocr_line' id='line_1_47' title="bbox 0 0 1867 5400; baseline 0 0"><span class='ocrx_word' id='word_1_461' title='bbox 0 0 1867 5400; x_wconf 95' lang='lat' dir='ltr'><strong> </strong></span> 
     </span>
    </p>
   </div>
  </div>
 </body>
</html>
