3717 5400
783 497 847 555 Art.
869 498 940 556 lfa'ai')
1427 491 1483 555 705

247 660 340 726 quas
364 644 532 708 Unaaras
548 645 598 707 illi
612 652 754 721 vocant,
771 643 808 707 in
821 640 995 723 Hispania
1011 642 1200 722 Insantas
1219 642 1268 707 lbi
1288 644 1395 707 etiam
1415 642 1480 707 ali·

249 760 339 833 quot
362 768 471 833 paces
497 752 619 831 magni
643 751 811 814 momenti
835 750 990 827 curavit;
1018 751 1142 814 nullibi
1159 751 1253 814 enim
1272 750 1478 815 inimicitiae

250 860 456 939 asperiores
470 876 575 938 quam
591 858 639 921 ibi
653 866 745 920 sunt.

317 965 405 1029 1964.
447 966 500 1029 Eo
520 975 680 1045 tempore
694 964 831 1027 litteras
844 981 891 1027 ex
906 964 1034 1029 castris
1049 962 1157 1043 Regis
1172 964 1321 1045 accepit,
1344 964 1439 1045 quod
1457 972 1479 1027 a

253 1072 353 1153 Rege
367 1072 527 1135 auditum
541 1073 657 1135 suerat
670 1072 785 1151 ipsum
800 1070 937 1134 litteras
956 1088 1001 1134 ex
1022 1070 1120 1135 india
1136 1072 1316 1151 accepisse
1334 1072 1478 1135 arabica

253 1180 388 1259 lingua,
405 1196 449 1242 ne
464 1178 624 1241 crederet
639 1178 777 1256 litteris,
793 1193 882 1257 quas
900 1176 1060 1241 Didacus
1074 1176 1175 1257 Dian,
1192 1180 1355 1261 superius
1369 1179 1479 1242 nomi·
1553 1210 1557 1215 ·

253 1296 372 1364 natus,
393 1303 415 1347 a
434 1285 532 1365 Rege
553 1273 792 1364 Portug'alliae
812 1284 1010 1361 adierebat;
1031 1284 1140 1349 falsas
1163 1285 1256 1349 enirn
1275 1302 1363 1349 esse.
1385 1282 1480 1349 Fieri

216 1380 219 1388 ’
252 1401 372 1475 potest
396 1401 435 1455 ut
455 1392 626 1470 diabolus,
648 1392 695 1455 ad
712 1390 866 1455 fructum
886 1391 1105 1471 spiritualem
1125 1390 1397 1473 impediendum,
1419 1392 1479 1457 ali·

251 1517 360 1581 quem
374 1500 526 1562 moverit
541 1517 586 1562 ex
600 1500 674 1562 suis
689 1498 859 1561 ministris
873 1498 919 1561 ad
935 1499 999 1561 has
1010 1499 1146 1563 litteras
1158 1499 1376 1579 scribendas;
1389 1496 1479 1563 lorte

251 1614 290 1670 et
304 1606 379 1687 ipse
395 1606 471 1669 Rex
486 1608 554 1669 hoc
569 1605 670 1668 finxit
685 1614 733 1680 ut,
757 1606 788 1667 si
809 1605 924 1668 minus
944 1604 1166 1668 satisfaceret
1190 1604 1278 1686 Regi
1297 1600 1480 1685 Porttigal·

252 1714 333 1793 liae,
349 1732 395 1777 ex
410 1715 477 1777 hac
492 1712 692 1794 suspicione
706 1713 931 1775 occasionem
946 1712 1111 1777 habuisse
1125 1712 1318 1776 videretur.

317 1820 405 1885 1965.
448 1820 533 1883 Post
548 1820 678 1883 multos
696 1819 771 1882 dies
790 1838 836 1882 ex
856 1836 899 1881 eo
921 1820 1000 1883 loco
1019 1819 1199 1899 recedenS,
1221 1820 1257 1883 in
1278 1820 1395 1897 alium,
1420 1822 1480 1883 no'·

254 1928 351 1993 mine
373 1928 548 1991 Graream
569 1926 589 2004 ¹,
613 1944 652 1989 se
671 1926 831 2003 contulit,
853 1936 891 1989 ut
912 1938 1048 2007 septem
1066 1927 1125 1989 vel
1144 1936 1223 1990 octo
1246 1928 1479 1991 lusitanorum

253 2036 317 2115 qui
341 2035 471 2098 ibidem
490 2034 681 2098 manebant
701 2033 943 2097 consessiones
962 2034 1117 2113 audiret,
1138 2045 1173 2097 et
1194 2035 1332 2115 aliquos
1351 2052 1479 2116 pueros

254 2143 470 2221 baptizaret,
487 2142 615 2222 quibus
633 2141 790 2221 peractis
810 2141 854 2204 ad
874 2140 1062 2220 quemdam
1076 2143 1204 2221 locum,
1225 2142 1284 2205 ubi
1305 2144 1480 2206 monaste·

251 2247 346 2311 rium
371 2249 625 2311 monachorum
651 2258 685 2310 et
710 2248 860 2311 alterum
885 2248 1091 2311 monialium
1116 2257 1229 2322 erant,
1256 2264 1294 2311 se
1319 2250 1479 2329 contulit,

255 2364 444 2434 utrumque
463 2354 570 2417 valde
588 2371 826 2432 numerosum;
847 2362 881 2416 et
900 2372 946 2417 ex
964 2354 1031 2417 hoc
1050 2356 1267 2418 monasterio
1292 2356 1481 2419 monacho·

255 2478 345 2538 rum,
371 2460 466 2541 quod
484 2462 709 2524 Britibanum
727 2472 871 2539 vocant,
892 2471 967 2524 tota
993 2460 1079 2524 fides
1101 2462 1304 2542 aethiopum
1327 2462 1481 2542 pendere

256 2568 397 2632 dicitur:
416 2576 450 2631 et
466 2586 589 2631 eorum
602 2568 832 2649 superiorem,
849 2584 1001 2647 magnae
1020 2570 1243 2632 auctoritatis
1258 2569 1373 2632 virum
1388 2570 1482 2649 apud

256 2673 391 2754 Regem
412 2685 446 2738 et
464 2676 644 2756 populum,
664 2674 817 2738 invisere
836 2675 960 2738 voluit.
980 2673 1049 2740 Sed
1069 2692 1150 2739 cum
1169 2676 1213 2740 ad
1229 2675 1482 2740 monasterium

255 2783 368 2845 nostri
382 2793 568 2861 venerunt,
584 2799 663 2846 eum
679 2782 822 2846 minime
836 2782 1061 2857 invenerunt;
1080 2799 1163 2846 nam
1178 2785 1214 2846 in
1228 2785 1351 2864 sylvas
1365 2799 1483 2863 egres-

260 2909 321 2955 sus
334 2887 450 2952 suerat
466 2889 511 2951 ad
527 2888 707 2952 caedenda
721 2889 831 2968 ligna;
846 2907 978 2952 novum
995 2890 1088 2953 enim
1103 2892 1357 2954 monasterium
1375 2887 1481 2954 cunii·

252 2999 383 3063 ciebat.
403 2996 617 3060 blonasteria
634 3013 721 3059 vero
736 2995 811 3076 ejus
831 2997 988 3074 regionis
1003 3014 1071 3060 non
1092 2998 1219 3060 similia
1238 3007 1320 3061 sunt
1338 3000 1480 3078 nostrisa

251 3107 387 3186 singuli
412 3103 579 3168 monachi
605 3103 641 3165 in
662 3104 813 3183 singulis
840 3103 1002 3167 domibus
1023 3105 1195 3180 habitant,
1217 3123 1306 3186 quas
1326 3107 1391 3170 sibi
1416 3108 1482 3188 ipsi

252 3213 457 3290 coniiciunt;
474 3212 593 3290 itaque
608 3210 864 3274 monasterium
879 3211 1033 3289 speciem
1048 3212 1238 3292 quamdam
1259 3214 1342 3294 pagi
1363 3215 1482 3294 refert,

249 3320 417 3402 quamvis
432 3337 477 3382 ex
492 3320 594 3398 palea
610 3318 735 3380 domus
751 3317 995 3394 conficiantur;
1013 3329 1107 3381 etex
1118 3335 1188 3381 una
1201 3329 1301 3398 parte
1317 3323 1483 3385 monachi

259 3436 294 3519 et
319 3446 363 3490 ex
389 3428 500 3489 altera
526 3426 697 3488 moniales
722 3424 897 3500 habitant;
924 3435 957 3487 et
981 3423 1098 3488 ferunt
1124 3427 1214 3489 inter
1236 3427 1332 3506 ipsos
1355 3429 1485 3492 mullos

252 3535 345 3598 filios
360 3533 472 3596 nasci.

317 3639 404 3703 1966.
448 3639 533 3702 Inde
548 3637 697 3718 proiecti
711 3647 794 3702 sunt
809 3649 844 3702 et
859 3637 1042 3702 Andozem
1062 3637 1074 3670 ⁸
1096 3650 1347 3720 pervenerunt,
1363 3641 1423 3722 qui
1437 3641 1486 3708 lu-

250 3765 319 3810 cus
332 3764 419 3827 prae
434 3747 585 3808 caeteris
600 3746 637 3807 in
652 3744 841 3825 Aethiopia
854 3745 979 3810 fertilis
992 3745 1153 3824 habetur,
1167 3763 1232 3810 nec
1244 3747 1340 3814 aliud
1352 3759 1405 3812 est
1418 3766 1486 3816 nte·

255 3855 323 3918 lius
345 3853 514 3933 oppidum
535 3852 570 3914 in
592 3860 667 3915 toto
687 3867 811 3930 regno:
833 3853 950 3914 lacum
971 3852 1077 3916 habet
1102 3854 1356 3934 vastissimum,
1383 3863 1487 3936 quem

254 3961 319 4024 vix
334 3969 471 4040 septem
493 3969 554 4022 aut
574 3969 654 4021 octo
675 3957 797 4022 diebus
818 3960 969 4023 circuire
990 3957 1069 4042 quis
1089 3962 1229 4041 poterit;
1250 3980 1313 4043 per
1333 3954 1487 4028 medium

253 4067 332 4149 ejus
347 4067 477 4130 flumen
492 4064 604 4129 Milli³
620 4066 757 4144 transit,
774 4064 874 4146 cujus
898 4077 998 4129 ortus
1023 4069 1163 4131 vicinus
1188 4069 1221 4131 ei
1240 4071 1320 4133 loco
1333 4083 1415 4134 esse
1436 4067 1488 4136 di·

293 4310 303 4343 Ι
331 4309 435 4354 Nullum
445 4309 521 4364 hujus
531 4305 640 4351 nominis
649 4305 770 4362 oppidum
780 4309 924 4363 reperimus
935 4309 960 4352 ln
971 4309 1085 4364 antiquis
1096 4321 1176 4365 neque
1186 4313 1210 4355 ln
1219 4313 1410 4358 recentioribus
1415 4307 1491 4360 elir-

251 4381 295 4436 tit,
307 4393 392 4436 neque
400 4381 425 4424 ln
435 4379 608 4434 descriptione
619 4379 782 4434 Aethiopiae.
794 4391 871 4434 quam
881 4381 961 4424 ailert
971 4381 1222 4428 Tartar-Attianos.

297 4453 310 4484 ¹
336 4452 407 4496 idem
418 4451 552 4495 dicendum
563 4451 605 4493 bic
616 4451 687 4495 venit
698 4461 729 4494 ae
739 4453 770 4495 de
782 4451 890 4505 Glarea,
901 4459 989 4496 annot.
1000 4453 1176 4506 praecedenti.

294 4523 306 4557 ⁸
334 4525 384 4578 Slc;
395 4525 440 4568 sed
451 4523 582 4567 indubium
591 4533 648 4566 esse
658 4523 763 4567 ridetur
773 4523 936 4567 scribendum
946 4535 1002 4568 esse
1013 4521 1074 4574 Nlll.
1083 4532 1109 4567 et
1121 4533 1265 4570 sermonem
1273 4527 1314 4572 hle
1325 4521 1422 4572 esseda
1430 4529 1490 4574 lecu

251 4591 381 4643 Domita,
390 4594 504 4648 antiquit
516 4589 636 4638 nantum
647 4601 673 4636 ct
684 4591 810 4638 Dombea.
826 4593 889 4637 Vide
900 4591 1152 4648 Tatina-Aureum,
1164 4598 1180 4640 l.
1191 4608 1223 4652 c.‚
1235 4598 1282 4641 llb.
1292 4607 1308 4652 r,
1320 4600 1377 4654 cap.
1387 4594 1409 4654 6,
1421 4599 1488 4654 quod

249 4665 409 4710 inscribitur:
423 4665 511 4708 Dassa
527 4665 628 4710 noticia
642 4665 678 4708 da
692 4665 796 4718 grande
811 4666 907 4719 alagon
918 4665 951 4710 de
967 4663 1099 4720 Dambed,
1110 4676 1155 4712 em·
1167 4677 1217 4722 que
1228 4679 1242 4712 o
1253 4669 1314 4714 Nilo
1328 4667 1416 4724 enin,
1431 4662 1489 4716 llo

252 4736 391 4791 nandoque
400 4736 473 4782 della
483 4745 548 4791 tayo
557 4740 627 4790 pera
638 4731 775 4792 nawa.

416 4825 502 4883 T·t·
1319 4847 1354 4903 45
