3717 5400
381 457 417 515 84
838 456 967 515 curos.
989 455 1066 514 Soc.
1086 455 1158 528 Jus.

381 603 499 665 lumin
511 601 650 682 porticu
661 600 784 681 palatii
795 609 920 663 contra
932 601 1122 663 histriones
1133 609 1168 662 et
1179 599 1423 677 circulatoreS,
1434 609 1470 661 et
1480 609 1607 663 contra

381 709 585 772 saltantium
600 707 787 770 mulierum
801 717 980 784 catervas
996 724 1081 769 suas
1094 707 1293 769 habuerunt
1305 706 1508 770 conciones.
1523 705 1610 770 Soli·

379 827 437 880 tus
448 816 541 880 enim
553 825 607 878 est
618 815 769 878 daemon
781 813 816 877 in
829 816 969 893 magnis
983 815 1255 893 peregrinorum
1271 814 1525 891 concursibus,
1544 816 1610 876 sal-

380 924 527 988 tatrices
539 921 704 986 mulieres
719 921 765 983 ad
780 922 932 984 choreas
946 921 999 983 sic
1011 920 1231 984 inflammare
1242 932 1281 983 ut
1291 921 1329 983 in
1338 921 1516 1001 tripudiiS,
1529 939 1609 984 can·

380 1031 474 1094 tibus
496 1040 531 1093 et
551 1029 769 1092 cithararum
791 1027 951 1107 pulsibus
972 1037 1096 1090 noctes
1110 1027 1290 1090 insomnes
1311 1027 1511 1106 traducant;
1529 1038 1564 1091 et
1578 1029 1610 1092 is

380 1138 513 1200 abusus
524 1135 684 1199 scandali
696 1135 882 1198 materiam
894 1135 1014 1197 multis
1029 1133 1331 1212 subministrabat,
1344 1135 1472 1214 quibus
1484 1135 1607 1207 nostri,

379 1244 496 1324 quoad
511 1242 586 1323 ejus
600 1242 675 1306 lieri
690 1251 840 1322 poterat,
857 1241 1146 1321 impedimentum
1157 1252 1340 1320 praestare
1354 1241 1566 1305 nitebantur.

439 1349 510 1414 208.
553 1348 682 1414 Schola
697 1348 764 1412 hoc
780 1365 885 1426 anno,
899 1358 975 1412 tum
989 1358 1134 1428 propter
1148 1348 1317 1412 librorum
1333 1348 1520 1428 defectum,
1533 1357 1608 1413 turn

379 1469 524 1538 propter
543 1455 663 1520 sedem
678 1453 859 1519 Pontificis
879 1455 935 1519 bis
954 1464 1155 1534 vacantem,
1175 1471 1248 1517 non
1267 1472 1348 1518 eum
1360 1454 1516 1518 fructum
1530 1472 1607 1535 pro·

379 1566 491 1643 duxit,
509 1581 613 1645 quem
627 1564 741 1627 nostri
756 1564 944 1644 cupiebant
963 1578 1051 1642 erga
1069 1579 1199 1642 pueros
1218 1564 1434 1626 lauretanos.
1456 1561 1536 1626 Non
1557 1572 1607 1625 ta·

379 1690 460 1736 men
485 1671 593 1736 deluit
619 1671 757 1734 clericis
776 1679 980 1733 nostrorum
1000 1686 1120 1748 opera.
1142 1667 1334 1750 Interrupit
1358 1670 1468 1732 etiam
1489 1667 1607 1748 hujus·

377 1779 473 1843 modi
487 1778 604 1843 studia
620 1786 847 1841 externorum
863 1777 1030 1856 migratio
1045 1776 1193 1855 Collegii
1209 1776 1246 1838 in
1261 1776 1444 1839 civitatem
1458 1775 1604 1839 Recina·

376 1896 523 1949 tensem.
540 1885 669 1948 Tribus
684 1901 853 1964 passuum
869 1883 1023 1946 millibus
1037 1883 1190 1945 Laureto
1205 1883 1266 1945 illa
1281 1882 1406 1961 distat,
1423 1894 1458 1946 et
1473 1900 1556 1946 cum
1569 1884 1606 1946 in

377 2002 512 2056 aestate
534 1992 722 2070 temperies
740 1991 830 2052 coeli
849 1990 1043 2052 Lauretani
1060 1989 1250 2052 insalubris
1270 1999 1376 2069 esset,
1398 1991 1525 2053 domus
1545 2008 1605 2053 no·

375 2101 459 2162 stris
471 2116 491 2161 a
504 2099 750 2163 Gubernatore
761 2098 947 2160 lauretano
958 2096 1042 2158 data
1053 2104 1118 2174 est,
1132 2113 1201 2176 quo
1215 2096 1340 2175 nostri,
1353 2098 1513 2176 exceptis
1524 2097 1605 2160 duo·

374 2207 441 2269 bus
455 2215 516 2268 aut
530 2205 645 2268 tribus
660 2202 914 2282 sacerdotibus
932 2221 971 2266 se
985 2202 1227 2282 contulerunt;
1242 2221 1326 2266 nam
1341 2220 1423 2266 cum
1440 2205 1544 2282 pauci
1560 2222 1603 2267 eo

373 2324 533 2393 tempore
548 2313 729 2390 peregrini
740 2311 934 2374 Lauretum
947 2310 1105 2387 veniant,
1123 2309 1228 2389 pauci
1245 2309 1291 2372 ad
1306 2326 1429 2373 eorum
1444 2312 1603 2373 consola·

373 2421 505 2483 tionem
520 2429 555 2482 et
570 2417 853 2482 aedificationem
868 2417 957 2480 satis
972 2427 1085 2479 erant.

432 2525 503 2590 209.
546 2525 585 2588 In
600 2525 685 2589 urbe
704 2541 792 2605 ergo
810 2523 1038 2588 Recinatensi
1058 2523 1209 2602 singulis
1227 2524 1327 2587 lestis
1350 2542 1392 2586 ac
1415 2524 1601 2588 dominicis

372 2634 497 2697 diebus
512 2634 548 2696 in
563 2650 606 2696 eo
620 2633 751 2712 templo
767 2631 1012 2712 praedicatum
1027 2641 1090 2707 est,
1108 2631 1143 2692 in
1163 2646 1235 2710 quo
1250 2633 1364 2692 solent
1385 2631 1422 2693 in
1441 2629 1599 2711 Quadra-

370 2742 508 2820 gesima
524 2740 713 2803 conciones
727 2739 866 2818 haberi,
883 2748 918 2801 et
933 2740 1042 2801 multo
1062 2738 1285 2801 commodius
1306 2755 1415 2817 quarn
1434 2738 1470 2801 in
1490 2742 1599 2802 eccle·

370 2849 423 2910 sia
438 2848 642 2911 Lauretana
657 2848 725 2909 hoc
741 2845 856 2909 officio
877 2845 1109 2909 concionator
1125 2845 1351 2924 fungebatur,
1373 2845 1457 2925 quia
1478 2847 1601 2925 strepi-

369 2964 425 3017 tus
437 2954 708 3035 peregrinorum
722 2953 996 3031 ingredientium
1021 2970 1093 3015 non
1118 2952 1177 3028 ibi,
1203 2954 1296 3015 sicut
1310 2950 1466 3029 Laureti,
1485 2962 1596 3015 atten-

368 3062 501 3124 tionem
515 3059 716 3123 auditorum
731 3059 957 3139 impediebat.

426 3167 497 3231 210.
541 3168 580 3231 In
594 3176 746 3247 quatuor
761 3174 879 3229 autem
902 3166 981 3228 aliis
997 3166 1096 3243 lociS,
1113 3165 1242 3244 partim
1259 3166 1296 3229 in
1318 3166 1491 3245 ecclesiis,
1518 3183 1599 3247 par·

368 3275 431 3338 tim
444 3276 479 3338 in
491 3276 621 3354 platea,
635 3272 824 3336 conciones
836 3280 918 3335 sunt
926 3270 1079 3351 habitae,
1089 3281 1123 3334 et
1135 3272 1330 3336 christiana
1344 3272 1507 3337 doctrina
1520 3283 1601 3354 post

366 3381 516 3445 Sacrum
532 3380 788 3461 explicabatur,
806 3390 839 3443 et
851 3380 905 3443 bis
920 3379 1038 3458 pueris
1052 3380 1204 3459 singulis
1218 3380 1451 3443 hebdomadis
1466 3382 1599 3461 praele-

366 3489 518 3567 gebatur
532 3488 681 3568 publice;
698 3487 761 3550 sed
775 3487 973 3564 utilitatem,
990 3504 1097 3567 quam
1112 3488 1211 3550 multi
1226 3504 1272 3549 ex
1285 3485 1485 3565 hujusmodi
1497 3505 1599 3551 exer·

367 3594 595 3657 citationibus
611 3592 863 3673 percipiebant,
880 3593 1068 3673 interrupit
1082 3593 1200 3672 gratia
1218 3592 1364 3672 jubilaei
1385 3611 1406 3655 a
1421 3593 1532 3657 Paulo
1548 3592 1599 3657 tv

357 3702 541 3777 concessi,
559 3717 651 3781 quae
672 3699 816 3763 Laureti
837 3699 1095 3779 promulganda
1118 3708 1206 3778 erat,
1228 3700 1295 3763 sed
1316 3700 1416 3779 prius
1436 3699 1599 3764 Recinati

364 3808 592 3887 promulgata
609 3826 630 3870 a
646 3807 777 3870 nostris
793 3818 845 3869 est
868 3804 888 3883 ¹,
905 3816 940 3867 et
956 3816 1056 3869 tanta
1071 3806 1327 3885 poenitentium
1351 3808 1537 3870 multitudo
1552 3806 1597 3869 ad

364 3924 508 3977 nostros
523 3912 703 3990 confluxit,
718 3922 756 3975 ut
773 3914 834 3974 vix
851 3912 988 3975 mediae
1000 3912 1093 3993 parti
1104 3914 1216 3975 nostri
1231 3913 1438 3977 sacerdotes
1453 3926 1598 3993 possent

364 4021 591 4097 satisfacere;
608 4036 679 4082 non
694 4026 812 4081 tamen
827 4020 925 4098 prius
945 4019 1026 4082 inde
1046 4029 1282 4098 recesserunt,
1306 4037 1413 4100 quam
1432 4020 1596 4099 plurimo·

364 4145 444 4190 rum
466 4126 648 4189 audissent
669 4125 920 4203 confessiones
945 4135 980 4187 et
999 4124 1210 4189 dissidentes
1230 4143 1302 4189 non
1324 4143 1458 4207 paucos
1480 4125 1597 4206 pacifi-

366 4242 519 4297 cassent.
537 4232 698 4313 Quinque
713 4233 820 4295 etiam
842 4250 863 4293 a
886 4232 1123 4295 concubinatu
1143 4233 1300 4313 separati
1326 4233 1481 4312 luerunt,
1498 4244 1533 4296 et
1547 4235 1596 4297 in-

363 4340 471 4403 ducta
500 4349 623 4403 sancta
649 4339 707 4402 illa
734 4338 953 4401 consuetudo
978 4338 1181 4419 frequenter
1206 4340 1251 4402 ad
1277 4339 1538 4403 confessionem
1563 4351 1597 4404 et

406 4617 412 4649 ¹
443 4614 522 4663 Haec.
533 4626 548 4658 a
560 4616 648 4659 verbls
660 4627 728 4669 quae
738 4616 861 4667 Laureti,
872 4617 903 4660 ad
913 4628 985 4660 oram
996 4616 1116 4672 paginae.
1127 4618 1201 4671 signo
1211 4623 1239 4661 ut
1249 4618 1291 4660 hic
1300 4619 1450 4666 inserantur
1460 4617 1594 4672 apposito,

362 4686 462 4732 addidit
473 4698 549 4731 manu
561 4688 666 4741 propriu
677 4688 813 4733 Polancus.
