<?xml version="1.0" encoding="UTF-8"?>
<!DOCTYPE html PUBLIC "-//W3C//DTD XHTML 1.0 Transitional//EN"
    "http://www.w3.org/TR/xhtml1/DTD/xhtml1-transitional.dtd">
<html xmlns="http://www.w3.org/1999/xhtml" xml:lang="en" lang="en">
 <head>
  <title>
</title>
<meta http-equiv="Content-Type" content="text/html;charset=utf-8" />
  <meta name='ocr-system' content='tesseract 3.04.00' />
  <meta name='ocr-capabilities' content='ocr_page ocr_carea ocr_par ocr_line ocrx_word'/>
</head>
<body>
  <div class='ocr_page' id='page_1' title='image "./vitaignatiiloio01polagoog_0153.png"; bbox 0 0 3717 5400; ppageno 0'>
   <div class='ocr_carea' id='block_1_1' title="bbox 801 473 1493 535">
    <p class='ocr_par' dir='ltr' id='par_1_1' title="bbox 801 473 1493 535">
     <span class='ocr_line' id='line_1_1' title="bbox 801 473 1493 535; baseline -0.004 -1"><span class='ocrx_word' id='word_1_1' title='bbox 801 477 865 534; x_wconf 76' lang='lat' dir='ltr'>An.</span> <span class='ocrx_word' id='word_1_2' title='bbox 888 477 959 535; x_wconf 74' lang='lat'>1555</span> <span class='ocrx_word' id='word_1_3' title='bbox 1442 473 1493 532; x_wconf 71' lang='lat' dir='ltr'>ll?</span> 
     </span>
    </p>
   </div>
   <div class='ocr_carea' id='block_1_2' title="bbox 257 618 1511 4233">
    <p class='ocr_par' dir='ltr' id='par_1_2' title="bbox 257 618 1498 1881">
     <span class='ocr_line' id='line_1_2' title="bbox 258 618 1493 706; baseline -0.006 -16"><span class='ocrx_word' id='word_1_4' title='bbox 258 643 368 706; x_wconf 85' lang='lat' dir='ltr'>guum</span> <span class='ocrx_word' id='word_1_5' title='bbox 384 625 565 704; x_wconf 85' lang='lat' dir='ltr'>diligentia</span> <span class='ocrx_word' id='word_1_6' title='bbox 577 625 709 688; x_wconf 83' lang='lat' dir='ltr'>habuit.</span> <span class='ocrx_word' id='word_1_7' title='bbox 726 623 846 687; x_wconf 87' lang='lat' dir='ltr'>Facile</span> <span class='ocrx_word' id='word_1_8' title='bbox 861 631 939 687; x_wconf 88' lang='lat' dir='ltr'>erat</span> <span class='ocrx_word' id='word_1_9' title='bbox 957 621 1133 701; x_wconf 85' lang='lat' dir='ltr'>conjicere</span> <span class='ocrx_word' id='word_1_10' title='bbox 1156 618 1311 686; x_wconf 81' lang='lat' dir='ltr'>fructum</span> <span class='ocrx_word' id='word_1_11' title='bbox 1337 640 1407 685; x_wconf 90' lang='lat' dir='ltr'>non</span> <span class='ocrx_word' id='word_1_12' title='bbox 1425 639 1493 684; x_wconf 89' lang='lat' dir='ltr'>me·</span> 
     </span>
     <span class='ocr_line' id='line_1_3' title="bbox 257 718 1492 810; baseline -0.005 -13"><span class='ocrx_word' id='word_1_13' title='bbox 257 734 418 797; x_wconf 89' lang='lat' dir='ltr'>diocrem</span> <span class='ocrx_word' id='word_1_14' title='bbox 433 718 705 795; x_wconf 88' lang='lat' dir='ltr'>consecuturum</span> <span class='ocrx_word' id='word_1_15' title='bbox 721 731 750 792; x_wconf 88' lang='lat' dir='ltr'>si</span> <span class='ocrx_word' id='word_1_16' title='bbox 766 733 948 810; x_wconf 91' lang='lat' dir='ltr'>proprium</span> <span class='ocrx_word' id='word_1_17' title='bbox 973 731 1178 794; x_wconf 81' lang='lat' dir='ltr'>habuissent</span> <span class='ocrx_word' id='word_1_18' title='bbox 1203 731 1388 810; x_wconf 89' lang='lat' dir='ltr'>templum,</span> <span class='ocrx_word' id='word_1_19' title='bbox 1413 747 1492 792; x_wconf 90' lang='lat' dir='ltr'>cum</span> 
     </span>
     <span class='ocr_line' id='line_1_4' title="bbox 260 837 1491 920; baseline -0.003 -18"><span class='ocrx_word' id='word_1_20' title='bbox 260 843 430 904; x_wconf 84' lang='lat' dir='ltr'>sacellum</span> <span class='ocrx_word' id='word_1_21' title='bbox 446 838 624 920; x_wconf 82' lang='lat' dir='ltr'>quoddam</span> <span class='ocrx_word' id='word_1_22' title='bbox 639 839 819 917; x_wconf 86' lang='lat' dir='ltr'>exiguum,</span> <span class='ocrx_word' id='word_1_23' title='bbox 836 840 954 918; x_wconf 90' lang='lat' dir='ltr'>inquo</span> <span class='ocrx_word' id='word_1_24' title='bbox 970 839 1174 902; x_wconf 85' lang='lat' dir='ltr'>domesticis</span> <span class='ocrx_word' id='word_1_25' title='bbox 1194 855 1337 901; x_wconf 89' lang='lat' dir='ltr'>sacrum</span> <span class='ocrx_word' id='word_1_26' title='bbox 1352 837 1491 900; x_wconf 90' lang='lat' dir='ltr'>diceba-</span> 
     </span>
     <span class='ocr_line' id='line_1_5' title="bbox 263 946 1492 1027; baseline -0.005 -16"><span class='ocrx_word' id='word_1_27' title='bbox 263 961 331 1023; x_wconf 85' lang='lat' dir='ltr'>tur,</span> <span class='ocrx_word' id='word_1_28' title='bbox 348 948 559 1027; x_wconf 71' lang='lat' dir='ltr'>simulatque</span> <span class='ocrx_word' id='word_1_29' title='bbox 574 955 679 1026; x_wconf 91' lang='lat' dir='ltr'>porta</span> <span class='ocrx_word' id='word_1_30' title='bbox 700 946 874 1025; x_wconf 85' lang='lat' dir='ltr'>quaedam</span> <span class='ocrx_word' id='word_1_31' title='bbox 899 946 946 1009; x_wconf 93' lang='lat' dir='ltr'>ad</span> <span class='ocrx_word' id='word_1_32' title='bbox 967 947 1145 1026; x_wconf 91' lang='lat' dir='ltr'>publicam</span> <span class='ocrx_word' id='word_1_33' title='bbox 1166 947 1261 1009; x_wconf 91' lang='lat' dir='ltr'>viam</span> <span class='ocrx_word' id='word_1_34' title='bbox 1284 954 1337 1008; x_wconf 87' lang='lat' dir='ltr'>est</span> <span class='ocrx_word' id='word_1_35' title='bbox 1357 953 1492 1025; x_wconf 90' lang='lat' dir='ltr'>aperta,</span> 
     </span>
     <span class='ocr_line' id='line_1_6' title="bbox 263 1051 1491 1134; baseline -0.005 -17"><span class='ocrx_word' id='word_1_36' title='bbox 263 1054 493 1134; x_wconf 89' lang='lat' dir='ltr'>frequentari,</span> <span class='ocrx_word' id='word_1_37' title='bbox 509 1062 543 1116; x_wconf 89' lang='lat' dir='ltr'>et</span> <span class='ocrx_word' id='word_1_38' title='bbox 559 1053 698 1134; x_wconf 88' lang='lat' dir='ltr'>quidem</span> <span class='ocrx_word' id='word_1_39' title='bbox 714 1053 759 1115; x_wconf 88' lang='lat' dir='ltr'>ab</span> <span class='ocrx_word' id='word_1_40' title='bbox 774 1053 976 1116; x_wconf 91' lang='lat' dir='ltr'>hominibus</span> <span class='ocrx_word' id='word_1_41' title='bbox 991 1070 1062 1116; x_wconf 92' lang='lat' dir='ltr'>non</span> <span class='ocrx_word' id='word_1_42' title='bbox 1075 1051 1214 1116; x_wconf 88' lang='lat' dir='ltr'>infimae</span> <span class='ocrx_word' id='word_1_43' title='bbox 1229 1064 1346 1130; x_wconf 86' lang='lat' dir='ltr'>notae,</span> <span class='ocrx_word' id='word_1_44' title='bbox 1364 1053 1491 1132; x_wconf 88' lang='lat' dir='ltr'>coepit.</span> 
     </span>
     <span class='ocr_line' id='line_1_7' title="bbox 265 1157 1493 1239; baseline -0.002 -16"><span class='ocrx_word' id='word_1_45' title='bbox 265 1161 459 1239; x_wconf 91' lang='lat' dir='ltr'>Postquam</span> <span class='ocrx_word' id='word_1_46' title='bbox 485 1168 603 1222; x_wconf 90' lang='lat' dir='ltr'>autem</span> <span class='ocrx_word' id='word_1_47' title='bbox 627 1157 712 1222; x_wconf 85' lang='lat' dir='ltr'>Dux</span> <span class='ocrx_word' id='word_1_48' title='bbox 735 1160 853 1222; x_wconf 91' lang='lat' dir='ltr'>locum</span> <span class='ocrx_word' id='word_1_49' title='bbox 874 1160 987 1235; x_wconf 91' lang='lat' dir='ltr'>illum,</span> <span class='ocrx_word' id='word_1_50' title='bbox 1015 1158 1059 1222; x_wconf 89' lang='lat' dir='ltr'>de</span> <span class='ocrx_word' id='word_1_51' title='bbox 1085 1177 1153 1238; x_wconf 93' lang='lat' dir='ltr'>quo</span> <span class='ocrx_word' id='word_1_52' title='bbox 1177 1160 1338 1239; x_wconf 87' lang='lat' dir='ltr'>superius</span> <span class='ocrx_word' id='word_1_53' title='bbox 1361 1159 1493 1221; x_wconf 88' lang='lat' dir='ltr'>mentio</span> 
     </span>
     <span class='ocr_line' id='line_1_8' title="bbox 265 1264 1494 1345; baseline -0.003 -15"><span class='ocrx_word' id='word_1_54' title='bbox 265 1268 361 1331; x_wconf 90' lang='lat' dir='ltr'>facta</span> <span class='ocrx_word' id='word_1_55' title='bbox 377 1278 430 1330; x_wconf 89' lang='lat' dir='ltr'>est</span> <span class='ocrx_word' id='word_1_56' title='bbox 444 1264 465 1344; x_wconf 85' lang='lat'>¹,</span> <span class='ocrx_word' id='word_1_57' title='bbox 483 1266 648 1344; x_wconf 86' lang='lat' dir='ltr'>dedisset,</span> <span class='ocrx_word' id='word_1_58' title='bbox 665 1277 700 1328; x_wconf 88' lang='lat' dir='ltr'>et</span> <span class='ocrx_word' id='word_1_59' title='bbox 715 1279 917 1329; x_wconf 88' lang='lat' dir='ltr'>nostrorum</span> <span class='ocrx_word' id='word_1_60' title='bbox 933 1283 1043 1345; x_wconf 89' lang='lat' dir='ltr'>opera</span> <span class='ocrx_word' id='word_1_61' title='bbox 1062 1265 1281 1329; x_wconf 87' lang='lat' dir='ltr'>fundamenti</span> <span class='ocrx_word' id='word_1_62' title='bbox 1300 1266 1399 1328; x_wconf 91' lang='lat' dir='ltr'>locus</span> <span class='ocrx_word' id='word_1_63' title='bbox 1415 1264 1494 1328; x_wconf 85' lang='lat' dir='ltr'>effo-</span> 
     </span>
     <span class='ocr_line' id='line_1_9' title="bbox 265 1371 1494 1452; baseline -0.003 -16"><span class='ocrx_word' id='word_1_64' title='bbox 265 1374 418 1451; x_wconf 86' lang='lat' dir='ltr'>deretur,</span> <span class='ocrx_word' id='word_1_65' title='bbox 436 1390 511 1434; x_wconf 89' lang='lat' dir='ltr'>aca</span> <span class='ocrx_word' id='word_1_66' title='bbox 527 1372 736 1452; x_wconf 90' lang='lat' dir='ltr'>quibusdam</span> <span class='ocrx_word' id='word_1_67' title='bbox 762 1373 917 1451; x_wconf 90' lang='lat' dir='ltr'>repletus</span> <span class='ocrx_word' id='word_1_68' title='bbox 942 1371 1077 1449; x_wconf 88' lang='lat' dir='ltr'>fuisset,</span> <span class='ocrx_word' id='word_1_69' title='bbox 1105 1389 1194 1451; x_wconf 91' lang='lat' dir='ltr'>opus</span> <span class='ocrx_word' id='word_1_70' title='bbox 1218 1373 1304 1435; x_wconf 90' lang='lat' dir='ltr'>illud</span> <span class='ocrx_word' id='word_1_71' title='bbox 1318 1373 1386 1435; x_wconf 87' lang='lat' dir='ltr'>hoc</span> <span class='ocrx_word' id='word_1_72' title='bbox 1401 1389 1494 1434; x_wconf 85' lang='lat' dir='ltr'>anno</span> 
     </span>
     <span class='ocr_line' id='line_1_10' title="bbox 266 1477 1496 1558; baseline -0.002 -15"><span class='ocrx_word' id='word_1_73' title='bbox 266 1481 413 1543; x_wconf 89' lang='lat' dir='ltr'>ulterius</span> <span class='ocrx_word' id='word_1_74' title='bbox 435 1495 666 1558; x_wconf 84' lang='lat' dir='ltr'>progressum</span> <span class='ocrx_word' id='word_1_75' title='bbox 690 1496 762 1542; x_wconf 91' lang='lat' dir='ltr'>non</span> <span class='ocrx_word' id='word_1_76' title='bbox 789 1489 851 1551; x_wconf 89' lang='lat' dir='ltr'>est;</span> <span class='ocrx_word' id='word_1_77' title='bbox 879 1495 963 1541; x_wconf 90' lang='lat' dir='ltr'>narn</span> <span class='ocrx_word' id='word_1_78' title='bbox 979 1479 1021 1542; x_wconf 88' lang='lat' dir='ltr'>de</span> <span class='ocrx_word' id='word_1_79' title='bbox 1043 1477 1122 1558; x_wconf 87' lang='lat' dir='ltr'>jure</span> <span class='ocrx_word' id='word_1_80' title='bbox 1147 1479 1260 1542; x_wconf 88' lang='lat' dir='ltr'>videri</span> <span class='ocrx_word' id='word_1_81' title='bbox 1285 1479 1397 1541; x_wconf 86' lang='lat' dir='ltr'>voluit</span> <span class='ocrx_word' id='word_1_82' title='bbox 1412 1477 1496 1541; x_wconf 87' lang='lat' dir='ltr'>Dux</span> 
     </span>
     <span class='ocr_line' id='line_1_11' title="bbox 266 1585 1496 1665; baseline -0.003 -15"><span class='ocrx_word' id='word_1_83' title='bbox 266 1604 350 1650; x_wconf 92' lang='lat' dir='ltr'>num</span> <span class='ocrx_word' id='word_1_84' title='bbox 365 1586 412 1649; x_wconf 89' lang='lat' dir='ltr'>ad</span> <span class='ocrx_word' id='word_1_85' title='bbox 425 1585 625 1664; x_wconf 90' lang='lat' dir='ltr'>Principem</span> <span class='ocrx_word' id='word_1_86' title='bbox 639 1602 685 1647; x_wconf 89' lang='lat' dir='ltr'>an</span> <span class='ocrx_word' id='word_1_87' title='bbox 702 1585 747 1647; x_wconf 96' lang='lat' dir='ltr'>ad</span> <span class='ocrx_word' id='word_1_88' title='bbox 761 1587 929 1665; x_wconf 93' lang='lat' dir='ltr'>populum</span> <span class='ocrx_word' id='word_1_89' title='bbox 941 1586 1029 1648; x_wconf 92' lang='lat' dir='ltr'>situs</span> <span class='ocrx_word' id='word_1_90' title='bbox 1043 1587 1101 1648; x_wconf 93' lang='lat' dir='ltr'>ille</span> <span class='ocrx_word' id='word_1_91' title='bbox 1122 1586 1324 1665; x_wconf 89' lang='lat' dir='ltr'>pertineret.</span> <span class='ocrx_word' id='word_1_92' title='bbox 1348 1585 1392 1648; x_wconf 91' lang='lat' dir='ltr'>Et</span> <span class='ocrx_word' id='word_1_93' title='bbox 1408 1587 1496 1647; x_wconf 83' lang='lat' dir='ltr'>haec</span> 
     </span>
     <span class='ocr_line' id='line_1_12' title="bbox 265 1692 1498 1774; baseline -0.002 -18"><span class='ocrx_word' id='word_1_94' title='bbox 265 1694 440 1756; x_wconf 88' lang='lat' dir='ltr'>sententia</span> <span class='ocrx_word' id='word_1_95' title='bbox 473 1693 695 1772; x_wconf 85' lang='lat' dir='ltr'>expectanda</span> <span class='ocrx_word' id='word_1_96' title='bbox 720 1704 813 1770; x_wconf 86' lang='lat' dir='ltr'>erat,</span> <span class='ocrx_word' id='word_1_97' title='bbox 845 1693 1008 1770; x_wconf 89' lang='lat' dir='ltr'>quamvis</span> <span class='ocrx_word' id='word_1_98' title='bbox 1042 1692 1185 1756; x_wconf 90' lang='lat' dir='ltr'>interim</span> <span class='ocrx_word' id='word_1_99' title='bbox 1217 1693 1420 1774; x_wconf 86' lang='lat' dir='ltr'>necessaria</span> <span class='ocrx_word' id='word_1_100' title='bbox 1451 1692 1498 1754; x_wconf 89' lang='lat' dir='ltr'>ad</span> 
     </span>
     <span class='ocr_line' id='line_1_13' title="bbox 267 1801 868 1881; baseline -0.003 -17"><span class='ocrx_word' id='word_1_101' title='bbox 267 1801 466 1864; x_wconf 85' lang='lat' dir='ltr'>aedificium</span> <span class='ocrx_word' id='word_1_102' title='bbox 481 1801 585 1863; x_wconf 89' lang='lat' dir='ltr'>amici</span> <span class='ocrx_word' id='word_1_103' title='bbox 599 1811 868 1881; x_wconf 86' lang='lat' dir='ltr'>praepararent.</span> 
     </span>
    </p>

    <p class='ocr_par' dir='ltr' id='par_1_3' title="bbox 262 1907 1502 2949">
     <span class='ocr_line' id='line_1_14' title="bbox 326 1907 1497 1988; baseline 0 -18"><span class='ocrx_word' id='word_1_104' title='bbox 326 1907 398 1970; x_wconf 83' lang='grc'>416.</span> <span class='ocrx_word' id='word_1_105' title='bbox 441 1907 574 1970; x_wconf 86' lang='lat' dir='ltr'>Eorum</span> <span class='ocrx_word' id='word_1_106' title='bbox 590 1916 718 1983; x_wconf 89' lang='lat' dir='ltr'>autem,</span> <span class='ocrx_word' id='word_1_107' title='bbox 735 1908 794 1988; x_wconf 92' lang='lat' dir='ltr'>qui</span> <span class='ocrx_word' id='word_1_108' title='bbox 816 1917 1019 1971; x_wconf 90' lang='lat' dir='ltr'>nostrorum</span> <span class='ocrx_word' id='word_1_109' title='bbox 1042 1909 1108 1988; x_wconf 90' lang='lat' dir='ltr'>piis</span> <span class='ocrx_word' id='word_1_110' title='bbox 1128 1908 1313 1971; x_wconf 90' lang='lat' dir='ltr'>conatibus</span> <span class='ocrx_word' id='word_1_111' title='bbox 1338 1924 1376 1970; x_wconf 92' lang='lat' dir='ltr'>se</span> <span class='ocrx_word' id='word_1_112' title='bbox 1392 1924 1497 1987; x_wconf 90' lang='lat' dir='ltr'>oppo-</span> 
     </span>
     <span class='ocr_line' id='line_1_15' title="bbox 269 2013 1497 2094; baseline -0.001 -17"><span class='ocrx_word' id='word_1_113' title='bbox 269 2015 410 2090; x_wconf 87' lang='lat' dir='ltr'>nebant,</span> <span class='ocrx_word' id='word_1_114' title='bbox 428 2015 555 2076; x_wconf 90' lang='lat' dir='ltr'>mirum</span> <span class='ocrx_word' id='word_1_115' title='bbox 570 2030 717 2093; x_wconf 91' lang='lat' dir='ltr'>prorsus</span> <span class='ocrx_word' id='word_1_116' title='bbox 732 2025 808 2076; x_wconf 88' lang='lat' dir='ltr'>erat</span> <span class='ocrx_word' id='word_1_117' title='bbox 823 2015 989 2078; x_wconf 90' lang='lat' dir='ltr'>studium.</span> <span class='ocrx_word' id='word_1_118' title='bbox 1007 2015 1051 2078; x_wconf 89' lang='lat' dir='ltr'>Et</span> <span class='ocrx_word' id='word_1_119' title='bbox 1067 2025 1143 2078; x_wconf 88' lang='lat' dir='ltr'>erat</span> <span class='ocrx_word' id='word_1_120' title='bbox 1155 2015 1297 2094; x_wconf 88' lang='lat' dir='ltr'>quidam</span> <span class='ocrx_word' id='word_1_121' title='bbox 1318 2013 1497 2088; x_wconf 71' lang='lat' dir='ltr'>sacerdos</span> 
     </span>
     <span class='ocr_line' id='line_1_16' title="bbox 270 2120 1497 2202; baseline -0.002 -18"><span class='ocrx_word' id='word_1_122' title='bbox 270 2122 329 2202; x_wconf 91' lang='lat' dir='ltr'>qui</span> <span class='ocrx_word' id='word_1_123' title='bbox 344 2138 388 2184; x_wconf 88' lang='lat' dir='ltr'>ne</span> <span class='ocrx_word' id='word_1_124' title='bbox 402 2128 551 2200; x_wconf 88' lang='lat' dir='ltr'>peccato</span> <span class='ocrx_word' id='word_1_125' title='bbox 571 2120 712 2199; x_wconf 93' lang='lat' dir='ltr'>quidem</span> <span class='ocrx_word' id='word_1_126' title='bbox 737 2122 879 2183; x_wconf 88' lang='lat' dir='ltr'>mortali</span> <span class='ocrx_word' id='word_1_127' title='bbox 904 2139 966 2184; x_wconf 90' lang='lat' dir='ltr'>eos</span> <span class='ocrx_word' id='word_1_128' title='bbox 989 2139 1122 2184; x_wconf 89' lang='lat' dir='ltr'>vacare</span> <span class='ocrx_word' id='word_1_129' title='bbox 1147 2121 1355 2199; x_wconf 91' lang='lat' dir='ltr'>affirmabat,</span> <span class='ocrx_word' id='word_1_130' title='bbox 1372 2125 1431 2200; x_wconf 94' lang='lat' dir='ltr'>qui</span> <span class='ocrx_word' id='word_1_131' title='bbox 1448 2138 1497 2183; x_wconf 84' lang='lat' dir='ltr'>re·</span> 
     </span>
     <span class='ocr_line' id='line_1_17' title="bbox 270 2227 1498 2306; baseline -0.001 -16"><span class='ocrx_word' id='word_1_132' title='bbox 270 2229 354 2290; x_wconf 93' lang='lat' dir='ltr'>licta</span> <span class='ocrx_word' id='word_1_133' title='bbox 369 2245 434 2290; x_wconf 88' lang='lat' dir='ltr'>sua</span> <span class='ocrx_word' id='word_1_134' title='bbox 447 2227 618 2304; x_wconf 92' lang='lat' dir='ltr'>parochia</span> <span class='ocrx_word' id='word_1_135' title='bbox 631 2227 677 2289; x_wconf 88' lang='lat' dir='ltr'>ad</span> <span class='ocrx_word' id='word_1_136' title='bbox 691 2237 834 2290; x_wconf 90' lang='lat' dir='ltr'>nostros</span> <span class='ocrx_word' id='word_1_137' title='bbox 845 2229 1018 2291; x_wconf 89' lang='lat' dir='ltr'>venirent.</span> <span class='ocrx_word' id='word_1_138' title='bbox 1037 2227 1146 2292; x_wconf 92' lang='lat' dir='ltr'>Immo</span> <span class='ocrx_word' id='word_1_139' title='bbox 1159 2228 1498 2306; x_wconf 68' lang='lat' dir='ltr'>excommunicatos</span> 
     </span>
     <span class='ocr_line' id='line_1_18' title="bbox 268 2334 1499 2416; baseline 0 -19"><span class='ocrx_word' id='word_1_140' title='bbox 268 2335 468 2397; x_wconf 87' lang='lat' dir='ltr'>obstinatos</span> <span class='ocrx_word' id='word_1_141' title='bbox 483 2345 517 2396; x_wconf 91' lang='lat' dir='ltr'>et</span> <span class='ocrx_word' id='word_1_142' title='bbox 532 2334 781 2397; x_wconf 89' lang='lat' dir='ltr'>schismaticos</span> <span class='ocrx_word' id='word_1_143' title='bbox 797 2353 858 2398; x_wconf 94' lang='lat' dir='ltr'>eos</span> <span class='ocrx_word' id='word_1_144' title='bbox 879 2335 1044 2413; x_wconf 89' lang='lat' dir='ltr'>vocabat,</span> <span class='ocrx_word' id='word_1_145' title='bbox 1071 2353 1138 2399; x_wconf 91' lang='lat' dir='ltr'>nec</span> <span class='ocrx_word' id='word_1_146' title='bbox 1164 2336 1353 2416; x_wconf 85' lang='lat' dir='ltr'>privilegia</span> <span class='ocrx_word' id='word_1_147' title='bbox 1378 2344 1499 2398; x_wconf 90' lang='lat' dir='ltr'>nostra</span> 
     </span>
     <span class='ocr_line' id='line_1_19' title="bbox 269 2439 1498 2522; baseline 0 -18"><span class='ocrx_word' id='word_1_148' title='bbox 269 2443 430 2504; x_wconf 85' lang='lat' dir='ltr'>curabat.</span> <span class='ocrx_word' id='word_1_149' title='bbox 457 2439 589 2504; x_wconf 89' lang='lat' dir='ltr'>Curam</span> <span class='ocrx_word' id='word_1_150' title='bbox 615 2441 646 2504; x_wconf 93' lang='lat' dir='ltr'>is</span> <span class='ocrx_word' id='word_1_151' title='bbox 671 2443 863 2521; x_wconf 90' lang='lat' dir='ltr'>parochiae</span> <span class='ocrx_word' id='word_1_152' title='bbox 888 2441 948 2505; x_wconf 71' lang='lat' dir='ltr'>S.t¹</span> <span class='ocrx_word' id='word_1_153' title='bbox 975 2441 1152 2506; x_wconf 84' lang='lat' dir='ltr'>Vincentii</span> <span class='ocrx_word' id='word_1_154' title='bbox 1179 2442 1337 2521; x_wconf 84' lang='lat' dir='ltr'>gerebat.</span> <span class='ocrx_word' id='word_1_155' title='bbox 1367 2441 1498 2522; x_wconf 85' lang='lat' dir='ltr'>Aliqui,</span> 
     </span>
     <span class='ocr_line' id='line_1_20' title="bbox 274 2547 1502 2628; baseline -0.002 -15"><span class='ocrx_word' id='word_1_156' title='bbox 274 2558 404 2613; x_wconf 89' lang='lat' dir='ltr'>contra</span> <span class='ocrx_word' id='word_1_157' title='bbox 432 2548 481 2628; x_wconf 91' lang='lat' dir='ltr'>pii</span> <span class='ocrx_word' id='word_1_158' title='bbox 508 2548 671 2611; x_wconf 91' lang='lat' dir='ltr'>homines</span> <span class='ocrx_word' id='word_1_159' title='bbox 695 2558 795 2612; x_wconf 89' lang='lat' dir='ltr'>tanto</span> <span class='ocrx_word' id='word_1_160' title='bbox 820 2567 901 2611; x_wconf 90' lang='lat' dir='ltr'>curn</span> <span class='ocrx_word' id='word_1_161' title='bbox 926 2548 1054 2612; x_wconf 85' lang='lat' dir='ltr'>affectu</span> <span class='ocrx_word' id='word_1_162' title='bbox 1075 2550 1331 2612; x_wconf 89' lang='lat' dir='ltr'>institutionem</span> <span class='ocrx_word' id='word_1_163' title='bbox 1354 2547 1502 2628; x_wconf 86' lang='lat' dir='ltr'>Collegii</span> 
     </span>
     <span class='ocr_line' id='line_1_21' title="bbox 262 2655 1501 2737; baseline 0.001 -18"><span class='ocrx_word' id='word_1_164' title='bbox 262 2655 455 2737; x_wconf 84' lang='lat' dir='ltr'>optabant,</span> <span class='ocrx_word' id='word_1_165' title='bbox 471 2665 510 2718; x_wconf 94' lang='lat' dir='ltr'>ut</span> <span class='ocrx_word' id='word_1_166' title='bbox 525 2656 722 2719; x_wconf 88' lang='lat' dir='ltr'>orationem</span> <span class='ocrx_word' id='word_1_167' title='bbox 737 2655 777 2718; x_wconf 90' lang='grc'>40</span> <span class='ocrx_word' id='word_1_168' title='bbox 791 2655 961 2719; x_wconf 87' lang='lat' dir='ltr'>horarum</span> <span class='ocrx_word' id='word_1_169' title='bbox 978 2656 1023 2720; x_wconf 89' lang='lat' dir='ltr'>ad</span> <span class='ocrx_word' id='word_1_170' title='bbox 1038 2657 1130 2719; x_wconf 91' lang='lat' dir='ltr'>hanc</span> <span class='ocrx_word' id='word_1_171' title='bbox 1145 2656 1301 2737; x_wconf 84' lang='lat' dir='ltr'>gratiam</span> <span class='ocrx_word' id='word_1_172' title='bbox 1316 2673 1336 2718; x_wconf 94' lang='lat' dir='ltr'>a</span> <span class='ocrx_word' id='word_1_173' title='bbox 1351 2655 1428 2720; x_wconf 90' lang='lat' dir='ltr'>Deo</span> <span class='ocrx_word' id='word_1_174' title='bbox 1444 2656 1501 2720; x_wconf 93' lang='lat' dir='ltr'>ob-</span> 
     </span>
     <span class='ocr_line' id='line_1_22' title="bbox 272 2762 1500 2844; baseline 0 -18"><span class='ocrx_word' id='word_1_175' title='bbox 272 2763 454 2827; x_wconf 89' lang='lat' dir='ltr'>tinendam</span> <span class='ocrx_word' id='word_1_176' title='bbox 470 2763 563 2825; x_wconf 91' lang='lat' dir='ltr'>inter</span> <span class='ocrx_word' id='word_1_177' title='bbox 578 2779 616 2825; x_wconf 91' lang='lat' dir='ltr'>se</span> <span class='ocrx_word' id='word_1_178' title='bbox 630 2762 857 2841; x_wconf 88' lang='lat' dir='ltr'>instituerint,</span> <span class='ocrx_word' id='word_1_179' title='bbox 872 2775 921 2839; x_wconf 91' lang='lat' dir='ltr'>ut,</span> <span class='ocrx_word' id='word_1_180' title='bbox 936 2764 1082 2840; x_wconf 84' lang='lat' dir='ltr'>scilicet,</span> <span class='ocrx_word' id='word_1_181' title='bbox 1096 2762 1195 2827; x_wconf 88' lang='lat' dir='ltr'>Deus</span> <span class='ocrx_word' id='word_1_182' title='bbox 1215 2765 1331 2827; x_wconf 86' lang='lat' dir='ltr'>locum</span> <span class='ocrx_word' id='word_1_183' title='bbox 1348 2764 1500 2844; x_wconf 90' lang='lat' dir='ltr'>aliquem</span> 
     </span>
     <span class='ocr_line' id='line_1_23' title="bbox 271 2869 1198 2949; baseline -0.001 -14"><span class='ocrx_word' id='word_1_184' title='bbox 271 2870 403 2935; x_wconf 89' lang='lat' dir='ltr'>nostris</span> <span class='ocrx_word' id='word_1_185' title='bbox 417 2869 463 2931; x_wconf 90' lang='lat' dir='ltr'>ad</span> <span class='ocrx_word' id='word_1_186' title='bbox 477 2886 543 2932; x_wconf 90' lang='lat' dir='ltr'>sua</span> <span class='ocrx_word' id='word_1_187' title='bbox 557 2869 752 2932; x_wconf 89' lang='lat' dir='ltr'>ministeria</span> <span class='ocrx_word' id='word_1_188' title='bbox 767 2871 968 2934; x_wconf 84' lang='lat' dir='ltr'>exercenda</span> <span class='ocrx_word' id='word_1_189' title='bbox 981 2870 1198 2949; x_wconf 90' lang='lat' dir='ltr'>provideret.</span> 
     </span>
    </p>

    <p class='ocr_par' dir='ltr' id='par_1_4' title="bbox 268 2976 1505 3586">
     <span class='ocr_line' id='line_1_24' title="bbox 331 2976 1501 3057; baseline -0.001 -18"><span class='ocrx_word' id='word_1_190' title='bbox 331 2976 401 3039; x_wconf 76' lang='lat'>417.</span> <span class='ocrx_word' id='word_1_191' title='bbox 444 2976 644 3055; x_wconf 90' lang='lat' dir='ltr'>Episcopus</span> <span class='ocrx_word' id='word_1_192' title='bbox 659 2976 754 3039; x_wconf 86' lang='lat' dir='ltr'>misit</span> <span class='ocrx_word' id='word_1_193' title='bbox 769 2977 815 3039; x_wconf 90' lang='lat' dir='ltr'>ad</span> <span class='ocrx_word' id='word_1_194' title='bbox 830 2976 974 3040; x_wconf 90' lang='lat' dir='ltr'>Patrem</span> <span class='ocrx_word' id='word_1_195' title='bbox 991 2976 1189 3057; x_wconf 89' lang='lat' dir='ltr'>Philippum</span> <span class='ocrx_word' id='word_1_196' title='bbox 1205 2978 1368 3057; x_wconf 86' lang='lat' dir='ltr'>aliquem,</span> <span class='ocrx_word' id='word_1_197' title='bbox 1386 2978 1445 3056; x_wconf 93' lang='lat' dir='ltr'>qui</span> <span class='ocrx_word' id='word_1_198' title='bbox 1457 2978 1501 3039; x_wconf 88' lang='lat' dir='ltr'>ab</span> 
     </span>
     <span class='ocr_line' id='line_1_25' title="bbox 271 3081 1502 3162; baseline -0.001 -16"><span class='ocrx_word' id='word_1_199' title='bbox 271 3102 314 3147; x_wconf 92' lang='lat' dir='ltr'>eo</span> <span class='ocrx_word' id='word_1_200' title='bbox 329 3084 482 3146; x_wconf 89' lang='lat' dir='ltr'>disceret</span> <span class='ocrx_word' id='word_1_201' title='bbox 497 3092 616 3145; x_wconf 92' lang='lat' dir='ltr'>utrum</span> <span class='ocrx_word' id='word_1_202' title='bbox 632 3082 818 3161; x_wconf 89' lang='lat' dir='ltr'>hospitalis</span> <span class='ocrx_word' id='word_1_203' title='bbox 835 3081 1037 3162; x_wconf 90' lang='lat' dir='ltr'>cujusdam,</span> <span class='ocrx_word' id='word_1_204' title='bbox 1061 3084 1106 3147; x_wconf 90' lang='lat' dir='ltr'>ad</span> <span class='ocrx_word' id='word_1_205' title='bbox 1122 3093 1346 3147; x_wconf 89' lang='lat' dir='ltr'>sacramenta</span> <span class='ocrx_word' id='word_1_206' title='bbox 1368 3084 1502 3146; x_wconf 89' lang='lat' dir='ltr'>scilicet</span> 
     </span>
     <span class='ocr_line' id='line_1_26' title="bbox 271 3188 1502 3269; baseline -0.001 -16"><span class='ocrx_word' id='word_1_207' title='bbox 271 3188 506 3253; x_wconf 86' lang='lat' dir='ltr'>ministranda</span> <span class='ocrx_word' id='word_1_208' title='bbox 521 3199 556 3251; x_wconf 90' lang='lat' dir='ltr'>et</span> <span class='ocrx_word' id='word_1_209' title='bbox 570 3206 724 3268; x_wconf 92' lang='lat' dir='ltr'>corpora</span> <span class='ocrx_word' id='word_1_210' title='bbox 739 3192 942 3269; x_wconf 88' lang='lat' dir='ltr'>sepulturae</span> <span class='ocrx_word' id='word_1_211' title='bbox 958 3190 1142 3269; x_wconf 84' lang='lat' dir='ltr'>tradenda,</span> <span class='ocrx_word' id='word_1_212' title='bbox 1159 3208 1283 3253; x_wconf 89' lang='lat' dir='ltr'>curam</span> <span class='ocrx_word' id='word_1_213' title='bbox 1297 3192 1428 3255; x_wconf 88' lang='lat' dir='ltr'>vellent</span> <span class='ocrx_word' id='word_1_214' title='bbox 1448 3208 1502 3253; x_wconf 92' lang='lat' dir='ltr'>su·</span> 
     </span>
     <span class='ocr_line' id='line_1_27' title="bbox 271 3295 1504 3375; baseline -0.001 -15"><span class='ocrx_word' id='word_1_215' title='bbox 271 3298 421 3375; x_wconf 87' lang='lat' dir='ltr'>scipere;</span> <span class='ocrx_word' id='word_1_216' title='bbox 437 3295 500 3358; x_wconf 90' lang='lat' dir='ltr'>sed</span> <span class='ocrx_word' id='word_1_217' title='bbox 514 3295 687 3358; x_wconf 87' lang='lat' dir='ltr'>intellexit</span> <span class='ocrx_word' id='word_1_218' title='bbox 702 3313 767 3357; x_wconf 91' lang='lat' dir='ltr'>nos</span> <span class='ocrx_word' id='word_1_219' title='bbox 790 3296 977 3361; x_wconf 90' lang='lat' dir='ltr'>charitatis</span> <span class='ocrx_word' id='word_1_220' title='bbox 994 3296 1108 3359; x_wconf 90' lang='lat' dir='ltr'>officia</span> <span class='ocrx_word' id='word_1_221' title='bbox 1133 3316 1177 3361; x_wconf 86' lang='lat' dir='ltr'>ex</span> <span class='ocrx_word' id='word_1_222' title='bbox 1199 3307 1321 3361; x_wconf 91' lang='lat' dir='ltr'>nostro</span> <span class='ocrx_word' id='word_1_223' title='bbox 1342 3296 1504 3360; x_wconf 84' lang='lat' dir='ltr'>instituto</span> 
     </span>
     <span class='ocr_line' id='line_1_28' title="bbox 271 3401 1505 3483; baseline 0 -17"><span class='ocrx_word' id='word_1_224' title='bbox 271 3414 307 3466; x_wconf 89' lang='lat' dir='ltr'>et</span> <span class='ocrx_word' id='word_1_225' title='bbox 320 3420 392 3466; x_wconf 89' lang='lat' dir='ltr'>non</span> <span class='ocrx_word' id='word_1_226' title='bbox 407 3419 489 3465; x_wconf 89' lang='lat' dir='ltr'>cum</span> <span class='ocrx_word' id='word_1_227' title='bbox 503 3401 676 3465; x_wconf 91' lang='lat' dir='ltr'>similibus</span> <span class='ocrx_word' id='word_1_228' title='bbox 691 3401 827 3479; x_wconf 76' lang='lat' dir='ltr'>officiiS,</span> <span class='ocrx_word' id='word_1_229' title='bbox 846 3420 928 3465; x_wconf 92' lang='lat' dir='ltr'>cum</span> <span class='ocrx_word' id='word_1_230' title='bbox 943 3404 1069 3483; x_wconf 90' lang='lat' dir='ltr'>quibus</span> <span class='ocrx_word' id='word_1_231' title='bbox 1085 3404 1230 3467; x_wconf 87' lang='lat' dir='ltr'>libertas</span> <span class='ocrx_word' id='word_1_232' title='bbox 1249 3402 1419 3467; x_wconf 89' lang='lat' dir='ltr'>Societati</span> <span class='ocrx_word' id='word_1_233' title='bbox 1434 3421 1505 3466; x_wconf 88' lang='lat' dir='ltr'>non</span> 
     </span>
     <span class='ocr_line' id='line_1_29' title="bbox 268 3507 682 3586; baseline -0.007 -15"><span class='ocrx_word' id='word_1_234' title='bbox 268 3518 465 3586; x_wconf 82' lang='lat' dir='ltr'>constaret,</span> <span class='ocrx_word' id='word_1_235' title='bbox 483 3507 682 3572; x_wconf 89' lang='lat' dir='ltr'>admittere.</span> 
     </span>
    </p>

    <p class='ocr_par' dir='ltr' id='par_1_5' title="bbox 276 3614 1511 4233">
     <span class='ocr_line' id='line_1_30' title="bbox 336 3614 1507 3697; baseline 0.001 -20"><span class='ocrx_word' id='word_1_236' title='bbox 336 3614 406 3679; x_wconf 78' lang='lat'>418.</span> <span class='ocrx_word' id='word_1_237' title='bbox 450 3614 539 3679; x_wconf 83' lang='lat' dir='ltr'>Cum</span> <span class='ocrx_word' id='word_1_238' title='bbox 553 3626 778 3679; x_wconf 90' lang='lat' dir='ltr'>sacramenta</span> <span class='ocrx_word' id='word_1_239' title='bbox 794 3617 889 3696; x_wconf 90' lang='lat' dir='ltr'>apud</span> <span class='ocrx_word' id='word_1_240' title='bbox 908 3630 1051 3681; x_wconf 89' lang='lat' dir='ltr'>nostros</span> <span class='ocrx_word' id='word_1_241' title='bbox 1071 3618 1196 3681; x_wconf 88' lang='lat' dir='ltr'>crebro</span> <span class='ocrx_word' id='word_1_242' title='bbox 1217 3616 1406 3680; x_wconf 85' lang='lat' dir='ltr'>&#39;admodum</span> <span class='ocrx_word' id='word_1_243' title='bbox 1428 3617 1507 3697; x_wconf 93' lang='lat' dir='ltr'>piae</span> 
     </span>
     <span class='ocr_line' id='line_1_31' title="bbox 277 3722 1507 3806; baseline -0.001 -20"><span class='ocrx_word' id='word_1_244' title='bbox 277 3724 416 3803; x_wconf 90' lang='lat' dir='ltr'>aliquae</span> <span class='ocrx_word' id='word_1_245' title='bbox 431 3738 605 3801; x_wconf 90' lang='lat' dir='ltr'>personae</span> <span class='ocrx_word' id='word_1_246' title='bbox 618 3722 895 3803; x_wconf 81' lang='lat' dir='ltr'>frequentarent,</span> <span class='ocrx_word' id='word_1_247' title='bbox 908 3725 971 3788; x_wconf 90' lang='lat' dir='ltr'>sed</span> <span class='ocrx_word' id='word_1_248' title='bbox 984 3725 1164 3788; x_wconf 91' lang='lat' dir='ltr'>timeretur</span> <span class='ocrx_word' id='word_1_249' title='bbox 1177 3724 1269 3806; x_wconf 93' lang='lat' dir='ltr'>quod</span> <span class='ocrx_word' id='word_1_250' title='bbox 1283 3742 1354 3787; x_wconf 89' lang='lat' dir='ltr'>non</span> <span class='ocrx_word' id='word_1_251' title='bbox 1366 3740 1507 3803; x_wconf 91' lang='lat' dir='ltr'>respon-</span> 
     </span>
     <span class='ocr_line' id='line_1_32' title="bbox 278 3828 1508 3913; baseline -0.001 -20"><span class='ocrx_word' id='word_1_252' title='bbox 278 3830 377 3893; x_wconf 89' lang='lat' dir='ltr'>deret</span> <span class='ocrx_word' id='word_1_253' title='bbox 390 3829 528 3891; x_wconf 91' lang='lat' dir='ltr'>fructus</span> <span class='ocrx_word' id='word_1_254' title='bbox 542 3828 624 3891; x_wconf 92' lang='lat' dir='ltr'>huic</span> <span class='ocrx_word' id='word_1_255' title='bbox 639 3828 875 3910; x_wconf 83' lang='lat' dir='ltr'>frequentiae,</span> <span class='ocrx_word' id='word_1_256' title='bbox 900 3831 1182 3896; x_wconf 88' lang='lat' dir='ltr'>moderationem</span> <span class='ocrx_word' id='word_1_257' title='bbox 1201 3831 1392 3913; x_wconf 86' lang='lat' dir='ltr'>quamdam</span> <span class='ocrx_word' id='word_1_258' title='bbox 1413 3830 1508 3893; x_wconf 88' lang='lat' dir='ltr'>adhi-</span> 
     </span>
     <span class='ocr_line' id='line_1_33' title="bbox 276 3937 1510 4019; baseline 0 -18"><span class='ocrx_word' id='word_1_259' title='bbox 276 3938 360 4001; x_wconf 93' lang='lat' dir='ltr'>bere</span> <span class='ocrx_word' id='word_1_260' title='bbox 385 3944 578 4013; x_wconf 90' lang='lat' dir='ltr'>tentarunt,</span> <span class='ocrx_word' id='word_1_261' title='bbox 605 3946 710 4015; x_wconf 94' lang='lat' dir='ltr'>prout</span> <span class='ocrx_word' id='word_1_262' title='bbox 734 3937 870 4001; x_wconf 88' lang='lat' dir='ltr'>Romae</span> <span class='ocrx_word' id='word_1_263' title='bbox 895 3939 972 4003; x_wconf 89' lang='lat' dir='ltr'>fieri</span> <span class='ocrx_word' id='word_1_264' title='bbox 997 3940 1251 4019; x_wconf 86' lang='lat' dir='ltr'>intelligebant.</span> <span class='ocrx_word' id='word_1_265' title='bbox 1273 3938 1371 4001; x_wconf 87' lang='lat' dir='ltr'>Haec</span> <span class='ocrx_word' id='word_1_266' title='bbox 1392 3946 1510 4001; x_wconf 89' lang='lat' dir='ltr'>autem</span> 
     </span>
     <span class='ocr_line' id='line_1_34' title="bbox 276 4042 1511 4127; baseline 0 -20"><span class='ocrx_word' id='word_1_267' title='bbox 276 4042 473 4107; x_wconf 91' lang='lat' dir='ltr'>moderatio</span> <span class='ocrx_word' id='word_1_268' title='bbox 488 4042 707 4120; x_wconf 88' lang='lat' dir='ltr'>experientia</span> <span class='ocrx_word' id='word_1_269' title='bbox 728 4044 877 4108; x_wconf 89' lang='lat' dir='ltr'>docebat</span> <span class='ocrx_word' id='word_1_270' title='bbox 893 4047 989 4125; x_wconf 92' lang='lat' dir='ltr'>quod</span> <span class='ocrx_word' id='word_1_271' title='bbox 1005 4047 1142 4127; x_wconf 91' lang='lat' dir='ltr'>aliquos</span> <span class='ocrx_word' id='word_1_272' title='bbox 1159 4044 1317 4125; x_wconf 87' lang='lat' dir='ltr'>juvaret,</span> <span class='ocrx_word' id='word_1_273' title='bbox 1335 4044 1425 4107; x_wconf 88' lang='lat' dir='ltr'>alios</span> <span class='ocrx_word' id='word_1_274' title='bbox 1440 4062 1511 4107; x_wconf 89' lang='lat' dir='ltr'>non</span> 
     </span>
     <span class='ocr_line' id='line_1_35' title="bbox 277 4149 438 4233; baseline -0.025 -18"><span class='ocrx_word' id='word_1_275' title='bbox 277 4149 438 4233; x_wconf 88' lang='lat' dir='ltr'>perinde.</span> 
     </span>
    </p>
   </div>
   <div class='ocr_carea' id='block_1_3' title="bbox 274 4254 1514 4551">
    <p class='ocr_par' dir='ltr' id='par_1_6' title="bbox 274 4254 1514 4551">
     <span class='ocr_line' id='line_1_36' title="bbox 336 4254 1512 4338; baseline 0 -17"><span class='ocrx_word' id='word_1_276' title='bbox 336 4258 409 4321; x_wconf 88' lang='grc'>419.</span> <span class='ocrx_word' id='word_1_277' title='bbox 452 4254 615 4336; x_wconf 90' lang='lat' dir='ltr'>Quidam,</span> <span class='ocrx_word' id='word_1_278' title='bbox 633 4257 692 4335; x_wconf 93' lang='lat' dir='ltr'>qui</span> <span class='ocrx_word' id='word_1_279' title='bbox 707 4258 929 4321; x_wconf 88' lang='lat' dir='ltr'>abstinuerat</span> <span class='ocrx_word' id='word_1_280' title='bbox 944 4260 1021 4338; x_wconf 91' lang='lat' dir='ltr'>ipso</span> <span class='ocrx_word' id='word_1_281' title='bbox 1037 4260 1073 4323; x_wconf 91' lang='lat' dir='ltr'>in</span> <span class='ocrx_word' id='word_1_282' title='bbox 1096 4259 1270 4323; x_wconf 89' lang='lat' dir='ltr'>Paschate</span> <span class='ocrx_word' id='word_1_283' title='bbox 1285 4277 1306 4322; x_wconf 88' lang='lat' dir='ltr'>a</span> <span class='ocrx_word' id='word_1_284' title='bbox 1322 4258 1512 4323; x_wconf 89' lang='lat' dir='ltr'>confessio·</span> 
     </span>
     <span class='ocr_line' id='line_1_37' title="bbox 276 4363 1513 4445; baseline -0.001 -16"><span class='ocrx_word' id='word_1_285' title='bbox 276 4383 331 4443; x_wconf 89' lang='lat' dir='ltr'>ne,</span> <span class='ocrx_word' id='word_1_286' title='bbox 348 4372 540 4445; x_wconf 91' lang='lat' dir='ltr'>propterea</span> <span class='ocrx_word' id='word_1_287' title='bbox 551 4363 647 4443; x_wconf 91' lang='lat' dir='ltr'>quod</span> <span class='ocrx_word' id='word_1_288' title='bbox 658 4363 854 4427; x_wconf 89' lang='lat' dir='ltr'>vindictam</span> <span class='ocrx_word' id='word_1_289' title='bbox 870 4364 913 4428; x_wconf 91' lang='lat' dir='ltr'>de</span> <span class='ocrx_word' id='word_1_290' title='bbox 929 4366 1073 4430; x_wconf 91' lang='lat' dir='ltr'>inimico</span> <span class='ocrx_word' id='word_1_291' title='bbox 1086 4384 1150 4430; x_wconf 91' lang='lat' dir='ltr'>suo</span> <span class='ocrx_word' id='word_1_292' title='bbox 1166 4383 1305 4430; x_wconf 87' lang='lat' dir='ltr'>sumere</span> <span class='ocrx_word' id='word_1_293' title='bbox 1321 4366 1513 4429; x_wconf 88' lang='lat' dir='ltr'>constitue·</span> 
     </span>
     <span class='ocr_line' id='line_1_38' title="bbox 274 4469 1514 4551; baseline 0.002 -16"><span class='ocrx_word' id='word_1_294' title='bbox 274 4481 345 4548; x_wconf 85' lang='lat' dir='ltr'>rat,</span> <span class='ocrx_word' id='word_1_295' title='bbox 362 4472 399 4534; x_wconf 91' lang='lat' dir='ltr'>in</span> <span class='ocrx_word' id='word_1_296' title='bbox 413 4487 563 4551; x_wconf 87' lang='lat' dir='ltr'>gravem</span> <span class='ocrx_word' id='word_1_297' title='bbox 578 4469 738 4532; x_wconf 88' lang='lat' dir='ltr'>incidens</span> <span class='ocrx_word' id='word_1_298' title='bbox 759 4472 922 4535; x_wconf 91' lang='lat' dir='ltr'>morbum</span> <span class='ocrx_word' id='word_1_299' title='bbox 943 4482 978 4536; x_wconf 92' lang='lat' dir='ltr'>et</span> <span class='ocrx_word' id='word_1_300' title='bbox 1001 4473 1142 4537; x_wconf 89' lang='lat' dir='ltr'>cuidam</span> <span class='ocrx_word' id='word_1_301' title='bbox 1165 4492 1210 4537; x_wconf 87' lang='lat' dir='ltr'>ex</span> <span class='ocrx_word' id='word_1_302' title='bbox 1228 4473 1361 4537; x_wconf 87' lang='lat' dir='ltr'>nostris</span> <span class='ocrx_word' id='word_1_303' title='bbox 1380 4472 1514 4537; x_wconf 88' lang='lat' dir='ltr'>confes·</span> 
     </span>
    </p>
   </div>
   <div class='ocr_carea' id='block_1_4' title="bbox 288 4626 500 4639">
    <p class='ocr_par' dir='ltr' id='par_1_7' title="bbox 288 4626 500 4639">
     <span class='ocr_line' id='line_1_39' title="bbox 288 4626 500 4639; baseline -0.009 0"><span class='ocrx_word' id='word_1_304' title='bbox 288 4626 500 4639; x_wconf 51' lang='grc' dir='ltr'>..ι-ο*-</span> 
     </span>
    </p>
   </div>
   <div class='ocr_carea' id='block_1_5' title="bbox 323 4708 426 4753">
    <p class='ocr_par' dir='ltr' id='par_1_8' title="bbox 323 4708 426 4753">
     <span class='ocr_line' id='line_1_40' title="bbox 323 4708 426 4753; baseline -0.01 -1"><span class='ocrx_word' id='word_1_305' title='bbox 323 4709 331 4740; x_wconf 85' lang='lat'>¹</span> <span class='ocrx_word' id='word_1_306' title='bbox 361 4708 426 4753; x_wconf 81' lang='lat' dir='ltr'>lbld.</span> 
     </span>
    </p>
   </div>
   <div class='ocr_carea' id='block_1_6' title="bbox 0 0 1881 5400">
    <p class='ocr_par' dir='ltr' id='par_1_9' title="bbox 0 0 1881 5400">
     <span class='ocr_line' id='line_1_41' title="bbox 0 0 1881 5400; baseline 0 0"><span class='ocrx_word' id='word_1_307' title='bbox 0 0 1881 5400; x_wconf 95' lang='lat' dir='ltr'> </span> 
     </span>
    </p>
   </div>
  </div>
 </body>
</html>
