3717 5400
330 456 387 516 302
797 456 925 517 Canon.
946 457 1023 516 Soc.
1044 457 1114 530 Jas.

337 602 572 667 concionibus
586 612 798 679 commotae,
820 601 1038 684 frequentius
1053 603 1167 667 eidem
1186 604 1456 685 confitebantur,
1471 617 1506 670 et
1520 609 1568 672 ad

333 713 446 776 vitam
462 711 680 792 spiritualem
697 711 922 774 anhelabant.

393 818 466 882 819.
508 818 593 882 Post
616 818 754 882 Pascha
783 835 867 882 suas
897 819 1005 882 etiam
1031 829 1242 899 prosecutus
1269 829 1323 884 est
1346 821 1567 886 christianae

332 927 517 991 doctrinae
532 927 703 990 lectiones
718 943 798 990 cum
812 943 884 990 non
895 926 1066 990 mediocri
1080 925 1280 1007 frequentia
1295 927 1512 1008 auditorum,
1527 940 1564 994 et

334 1051 442 1115 saepe
457 1043 537 1115 post
551 1036 759 1098 concionem
776 1035 820 1096 ab
835 1033 890 1098 his
903 1033 1204 1114 interpellabatur,
1220 1035 1281 1115 qui
1295 1036 1432 1099 consilii
1441 1038 1563 1116 gratia

331 1151 393 1205 aut
409 1141 653 1220 confessionis
670 1141 785 1221 ipsum
801 1141 956 1204 adibant.
972 1141 1011 1205 In
1025 1158 1165 1205 summo
1175 1151 1295 1206 autem
1304 1145 1448 1223 templo,
1461 1143 1566 1224 cujus

335 1249 530 1312 canonicus
544 1247 660 1312 fuerat
676 1246 697 1326 ¹,
724 1248 966 1312 confessiones
983 1249 1149 1312 audiebat
1173 1249 1341 1328 quotidie,
1367 1267 1414 1313 ex
1434 1251 1565 1330 quibus

332 1355 486 1420 fructum
515 1355 698 1435 copiosum
723 1353 938 1435 excipiebat,
968 1355 1051 1419 dum
1078 1357 1208 1420 multos
1232 1356 1380 1434 ignaros
1405 1357 1562 1436 instruit,

332 1463 482 1528 afflictos
498 1463 712 1538 consolatur,
729 1461 929 1524 haereticos
944 1462 990 1524 ad
1011 1463 1224 1526 catholicam
1236 1462 1342 1526 fidem
1359 1463 1507 1543 reducit,
1523 1477 1563 1529 et

326 1572 539 1634 vacillantes
552 1567 749 1632 confirmat.

390 1677 462 1742 820.
506 1675 544 1740 P.
573 1677 680 1740 etiam
701 1674 890 1754 OliveriuS,
917 1676 1011 1756 quod
1027 1693 1071 1738 ne
1095 1677 1296 1756 suspicatus
1316 1677 1458 1759 quidem
1481 1679 1562 1758 ipse

335 1787 463 1863 fuerat,
480 1785 635 1865 quotidie
647 1785 681 1847 in
696 1783 798 1864 hujus
812 1783 895 1847 anni
911 1781 1193 1862 Quadragesima
1209 1782 1327 1847 debuit
1338 1785 1560 1864 concionari;

328 1893 473 1974 quidam
488 1892 581 1955 enim
596 1909 641 1954 ex
655 1891 869 1971 primoribus
884 1890 1156 1954 tornacensibus
1169 1892 1213 1954 ab
1227 1891 1305 1971 ipso
1325 1892 1479 1971 capitulo
1494 1892 1560 1956 im·-

330 2008 573 2080 petraverant,
590 2007 624 2062 et
638 1998 686 2060 ita
699 1999 775 2060 sine
786 1999 1059 2078 praeparatione
1074 1997 1141 2061 hoc
1155 1997 1385 2078 praedicandi
1401 1998 1557 2063 officium

330 2107 498 2186 suscepit;
514 2115 549 2169 et
565 2105 728 2186 quamvis
743 2104 1034 2182 valetudinarius,
1050 2105 1127 2166 sine
1142 2105 1354 2169 detrimento
1366 2123 1452 2169 suae
1463 2108 1560 2170 sani-

328 2213 424 2290 tatis,
450 2211 528 2275 Deo
551 2213 753 2294 adjuvante,
781 2229 862 2274 cum
887 2211 974 2272 satis
996 2226 1128 2290 magno
1152 2211 1352 2276 auditorum
1377 2229 1554 2278 concursu

331 2320 487 2401 quotidie
502 2321 737 2382 concionatus
752 2326 816 2381 est.
832 2317 876 2381 Et
891 2317 1056 2398 quamvis
1070 2318 1221 2381 ecclesia
1234 2317 1270 2381 in
1281 2329 1440 2382 extrema
1451 2329 1559 2400 parte-

324 2427 483 2491 civitatis
497 2436 600 2504 esset,
618 2439 652 2489 et
675 2445 696 2489 a
721 2425 918 2505 frequentia
942 2424 1041 2486 urbis
1064 2435 1214 2503 semota,
1238 2433 1273 2487 et
1297 2426 1375 2505 ipsa
1390 2427 1490 2505 hora,
1506 2429 1559 2495 ad¹

322 2533 608 2597 concionandum
623 2535 656 2597 ei
672 2535 767 2612 data,
784 2533 887 2596 valde
912 2532 1138 2594 incommoda
1161 2541 1267 2610 esset,
1292 2533 1412 2611 plures
1432 2543 1557 2599 tamen.

311 2641 505 2706 'auditores
521 2642 567 2705 ad
582 2640 657 2721 eJus
672 2640 862 2703 conciones
877 2637 1112 2716 confluebant,
1128 2655 1236 2719 quam
1251 2637 1296 2701 ad
1309 2649 1382 2702 tres
1397 2640 1487 2703 alios
1497 2657 1555 2703 or«

327 2748 486 2812 dinarios
513 2748 778 2828 praedicatores
807 2746 920 2809 simul.
950 2745 1153 2826 Aliquando
1180 2746 1335 2827 oportuit
1363 2745 1554 2810 occludere

324 2855 419 2919 fores
433 2855 565 2935 templi,
581 2855 618 2917 in
633 2872 701 2935 quo
717 2854 996 2917 concionabatur
1011 2852 1117 2932 (quod
1130 2854 1263 2934 alioqui
1276 2854 1553 2933 capacissimum

322 2965 426 3041 erat),
442 2980 485 3025 ne
498 2979 583 3042 prae
595 2961 698 3024 turba
714 2961 859 3023 nimium
875 2961 1193 3040 comprimerentur
1206 2970 1241 3023 et
1252 2960 1442 3024 deficerent
1453 2960 1549 3024 audi·

322 3078 429 3147 tores,
443 3086 523 3132 cum
539 3078 658 3132 tamen
673 3067 743 3145 alii,
761 3067 821 3147 qui
838 3068 1155 3146 concionabantur,
1176 3078 1211 3131 et
1229 3068 1267 3131 in
1287 3067 1448 3131 doctrina
1463 3078 1497 3131 et
1510 3069 1550 3130 in

321 3176 520 3255 eloquentia
536 3174 723 3237 exercitati
733 3185 863 3237 essent.

379 3282 451 3345 821.
495 3280 646 3344 Fructus
661 3281 743 3343 huic
759 3283 866 3345 etiam
880 3281 1101 3363 frequentiae
1115 3293 1374 3345 consentaneus
1384 3282 1461 3361 fuit,
1473 3299 1549 3345 non

323 3390 416 3454 enim
428 3396 568 3470 poterat
579 3405 752 3451 excusare
763 3389 1473 3469 sequominusquotidiepostconcionem,
1485 3389 1548 3451 ali·

321 3514 474 3578 quorum
484 3495 725 3559 confessiones
737 3497 885 3572 audiret,
899 3496 980 3576 quia
993 3498 1050 3559 vel
1065 3513 1299 3577 personarum
1308 3497 1471 3577 qualitaS,
1487 3497 1548 3559 vel

325 3621 448 3667 eorum
463 3603 632 3667 instantia
647 3613 681 3666 et
696 3603 902 3682 necessitas,
925 3603 961 3666 id
979 3604 1067 3683 ipsis
1084 3604 1209 3682 negari
1231 3622 1304 3667 non
1320 3604 1469 3667 sinebat.
1481 3602 1546 3666 Di⁸

323 3711 452 3773 cebant
466 3710 558 3772 enim
572 3710 678 3791 aliqui
690 3727 739 3788 se,
758 3712 911 3774 amultis
937 3712 1038 3773 annis
1058 3728 1129 3773 non
1155 3710 1349 3791 confessos
1370 3727 1437 3774 nec
1451 3712 1548 3773 velle

322 3818 424 3882 alteri
439 3833 545 3898 quam
560 3818 626 3897 ipsi
641 3816 813 3895 confiteri,
829 3818 889 3898 qui
903 3817 1013 3897 ipsius
1028 3817 1257 3882 concionibus
1270 3826 1371 3881 erant
1388 3834 1543 3880 commo-

320 3923 358 3988 ti.
371 3924 415 3987 Et
427 3942 470 3987 eo
488 3924 731 3987 confessiones
742 3925 828 3987 istas
840 3925 998 3987 utiliores
1010 3926 1214 4003 censebant,
1231 3923 1326 4005 quod
1340 3924 1389 3987 illi
1404 3933 1542 3988 tantum

322 4030 368 4093 ad
382 4040 526 4094 nostros
540 4032 712 4110 venirent,
731 4032 789 4111 qui
804 4030 936 4093 serium
951 4031 994 4093 de
1008 4032 1103 4093 vitae
1122 4031 1367 4095 emendatione
1384 4031 1550 4111 proposi*

319 4146 394 4201 tum
409 4136 666 4217 concipiebant,
683 4156 832 4218 quorum
847 4137 987 4218 plurimi
1003 4156 1023 4199 a
1039 4137 1172 4217 decem,
1184 4137 1325 4217 viginti,
1336 4138 1494 4216 triginta,
1507 4147 1544 4200 et

323 4246 430 4308 etiam
445 4244 683 4325 quadraginta
699 4245 813 4324 anniS,
830 4252 889 4307 aut
900 4245 1071 4324 pluribus,
1083 4244 1542 4324 nunquamintegramcon-

321 4350 510 4414 sessionem
525 4350 694 4427 fecerant,
712 4360 772 4412 aut
787 4367 872 4413 suae
892 4352 1130 4414 conscientiae
1151 4351 1409 4415 satisfecerant.
1431 4350 1542 4413 Pluri-

315 4457 364 4520 mi
380 4466 498 4519 autem
513 4457 548 4519 in
562 4455 631 4519 fide
655 4457 839 4537 luctantes,
865 4476 926 4538 per
950 4459 1140 4522 conciones
1160 4468 1193 4521 et
1215 4458 1458 4523 confessiones
1478 4457 1544 4520 hu-

347 4698 355 4729 ¹
392 4697 459 4740 Vide
471 4708 558 4751 supra,
568 4703 586 4742 t.
598 4708 632 4751 tv,
643 4710 703 4753 pag.
714 4698 761 4751 316,
774 4711 796 4743 n.
807 4699 855 4753 651,
867 4707 889 4742 et
900 4700 1014 4753 pagata,
1026 4712 1049 4743 n.
1060 4701 1108 4743 dil.
