3717 5400
779 540 844 600 111.
865 538 937 600 toas
1291 517 1299 534 ‘
1421 534 1498 595 517·

244 686 418 750 accidisse
433 687 597 767 diximus,
615 688 727 764 multi,
744 688 804 768 qui
819 704 1012 767 numquam
1026 686 1202 765 integram
1214 684 1477 748 confessionem

243 793 403 858 fecerant
417 794 583 859 humanis
598 794 784 859 affectibus
798 794 907 873 ducti,
923 795 1051 875 plagas
1070 792 1214 857 tandem
1233 809 1356 856 omnes
1375 790 1476 871 spiri·

245 900 333 965 tuali
347 900 486 965 medico
500 901 717 981 detegentes,
735 902 850 967 curati
864 918 928 983 per
943 901 1012 965 Dei
1025 901 1180 981 gratiam
1194 900 1348 978 fuerunt,
1365 907 1400 961 et
1415 898 1475 961 ali·

246 1008 317 1089 qui,
339 1008 399 1089 qui
419 1008 576 1073 animum
596 1008 857 1090 quodammodo
876 1007 952 1089 jam
970 1007 1242 1089 desponderant,
1263 1007 1479 1085 simulatque

245 1113 444 1196 Collegium
459 1116 544 1181 iilud
558 1116 859 1197 ingrediebantur,
876 1116 974 1180 illum
990 1114 1157 1196 colligere
1176 1124 1211 1177 et
1231 1115 1380 1177 meliora
1399 1130 1476 1194 spe·

244 1240 327 1287 rare
341 1240 384 1287 ac
398 1240 596 1304 proponere
610 1224 838 1305 incipiebant.
859 1222 1112 1287 Restitutiones
1127 1222 1233 1285 etiam
1251 1238 1318 1284 nec
1339 1238 1478 1301 paucae

245 1348 311 1395 nec
327 1333 539 1411 exiguarum
550 1348 770 1396 summarum
781 1330 922 1411 fiebant,
939 1340 974 1394 et
989 1331 1097 1410 aliqui
1111 1348 1181 1394 non
1199 1330 1475 1394 absolvebantur

244 1438 358 1501 donec
372 1436 477 1502 fidem
492 1455 593 1502 suam
608 1438 810 1503 liberarent.
826 1438 908 1503 Fuit
922 1437 1015 1501 inter
1030 1437 1106 1509 hos,
1119 1436 1261 1517 quinon
1274 1437 1388 1499 solum
1401 1452 1474 1498 cre·

245 1544 350 1609 ditori
365 1546 538 1610 satisfecit
555 1544 658 1627 lquod
673 1547 793 1609 multis
808 1544 911 1610 annis
933 1563 1004 1608 non
1027 1544 1185 1623 fecerat),
1207 1545 1270 1608 sed
1290 1545 1357 1607 hoc
1379 1544 1477 1607 velut

244 1651 495 1733 impedimento
511 1662 659 1732 remote,
677 1653 799 1735 quinto
814 1653 953 1718 decimo
969 1670 1108 1734 quoque
1122 1651 1179 1715 die
1194 1670 1274 1716 cum
1297 1651 1371 1714 suis
1392 1651 1474 1714 libe-

242 1760 293 1823 ris
309 1760 424 1840 coepit
439 1758 610 1825 confiteri.
626 1761 671 1824 Et
687 1770 787 1823 tanto
802 1760 935 1823 affectu
949 1759 1081 1824 nostris
1097 1758 1258 1822 confiteri
1269 1758 1473 1839 cupiebant,

244 1876 282 1931 ut
304 1867 334 1930 si
353 1866 467 1930 nostri
488 1884 551 1930 eos
570 1884 641 1931 non
663 1867 842 1946 audirent,
865 1865 987 1930 nullibi
1009 1883 1048 1929 se
1070 1866 1297 1929 confessuros
1319 1866 1475 1956 intermi-

243 1982 426 2038 narentur.

305 2080 393 2145 14119.
437 2082 558 2164 Aliqui
572 2081 828 2163 propemodum
849 2082 1129 2163 desperaverant
1146 2092 1376 2163 peccatorum
1393 2096 1476 2160 gra·

242 2190 354 2253 vitate
369 2188 538 2265 deterriti,
561 2199 595 2252 et
615 2191 664 2253 ita
687 2189 809 2253 navim
831 2208 869 2253 se
890 2188 1042 2268 fregisse
1066 2189 1342 2265 arbitrabantur,
1369 2196 1408 2251 ut
1429 2186 1476 2250 ad

243 2307 385 2376 portum
405 2298 582 2377 appellere
604 2296 809 2377 neutiquam
830 2306 992 2378 possent;
1015 2296 1134 2360 sedin
1155 2295 1315 2375 Collegio
1335 2306 1474 2374 nostro,

241 2403 320 2467 Deo
346 2404 510 2485 propitio,
532 2404 600 2468 sibi
621 2404 761 2484 redditi,
783 2405 923 2485 quietae
939 2404 1179 2468 conscientiae
1193 2413 1334 2484 portum
1356 2414 1474 2466 tenue·

243 2520 337 2590 runt,
360 2520 394 2575 et
416 2511 459 2574 de
479 2512 553 2576 suis
571 2511 736 2593 inimicis,
764 2512 906 2576 Christo
931 2512 1039 2590 duce,
1066 2511 1345 2591 triumpharunt,
1372 2520 1474 2574 tanto

243 2618 371 2701 majori
386 2627 516 2682 conatu
530 2617 597 2683 iter
616 2617 761 2684 Domini
782 2629 1021 2701 capessenteS,
1045 2627 1178 2700 quanto
1198 2618 1340 2700 longius
1359 2618 1405 2680 ab
1428 2635 1473 2682 eo

242 2734 476 2791 recesserant.

305 2833 393 2896 1410.
438 2831 755 2914 Conquerebantur
769 2836 910 2899 interim
925 2835 1092 2900 mulieres
1105 2835 1201 2915 quod
1218 2833 1264 2898 ad
1281 2834 1472 2900 confessio-

242 2957 324 3004 nem
336 2958 408 3003 non
423 2939 704 3022 admitterentur;
721 2942 815 3022 quod
828 2943 959 3023 partim
970 2943 1015 3006 ob
1029 2943 1188 3006 virorum
1200 2942 1474 3021 multitudinem,

242 3047 372 3127 partim
386 3048 481 3128 quod
495 3049 663 3113 sacellum
678 3058 839 3112 nostrum
854 3067 924 3113 non
940 3058 1035 3113 esset
1049 3049 1130 3113 viae
1145 3050 1307 3130 publicae
1322 3059 1395 3112 tam
1415 3067 1473 3113 ex·

241 3155 407 3234 positum,
424 3165 462 3218 ut
483 3156 626 3219 deceret
648 3155 693 3217 ad
711 3155 797 3219 illud
816 3157 982 3220 mulieres
999 3157 1148 3235 admitti;
1163 3166 1197 3220 et
1219 3157 1308 3220 haec
1329 3174 1403 3219 vox
1423 3157 1473 3220 fa·

240 3261 390 3326 miliaris
404 3262 497 3326 inter
511 3262 714 3358 ipsasxerat:
734 3262 886 3326 “utinam
906 3280 973 3326 nos
994 3264 1093 3327 viros
1111 3274 1242 3326 natura
1256 3265 1472 3344 genuisset„

240 3368 280 3432 ln
295 3369 374 3432 aliis
387 3378 507 3433 tamen
523 3369 682 3433 ecclesiis
701 3370 876 3450 quaedam
896 3371 1013 3434 rarius
1033 3389 1054 3433 a
1073 3371 1204 3434 nostris
1224 3370 1469 3435 audiebantur.

304 3476 393 3538 1411.
435 3477 531 3541 Inter
558 3477 657 3541 viros
684 3477 872 3558 primarios
897 3487 932 3541 et
958 3479 1191 3558 magistratus
1215 3477 1291 3558 ejus
1316 3478 1475 3542 civitatis

157 3577 163 3590 '
240 3600 332 3647 unus
347 3594 435 3662 erat,
453 3585 513 3665 qui
527 3601 609 3647 cum
624 3585 803 3664 agitandis
817 3585 929 3648 tauris
949 3584 1097 3666 aliisque
1112 3584 1204 3649 ludis
1224 3603 1267 3649 ac
1287 3596 1473 3667 spectacu-

242 3690 286 3754 lis
299 3693 430 3772 populo
446 3691 653 3756 exhibendis
668 3701 764 3756 totus
777 3692 901 3756 fuisset
916 3693 1084 3771 intentus
1101 3702 1290 3774 postquam
1311 3693 1473 3758 confiteri

241 3799 373 3862 nostris
395 3799 522 3878 coepit,
544 3799 596 3862 sic
615 3799 768 3863 mutavit
789 3799 1013 3878 sententiam,
1035 3809 1073 3862 ut
1087 3799 1250 3864 omnibus
1264 3800 1380 3864 modis
1396 3799 1472 3880 jam

240 3906 411 3969 niteretur
426 3905 555 3971 similia
570 3907 788 3986 spectacula,
803 3905 951 3970 offensis
966 3905 1032 3970 Dei
1048 3908 1163 3988 plena,
1179 3908 1362 3988 impedire,
1376 3909 1471 3990 quod

239 4011 271 4074 si
286 4013 427 4093 assequi
441 4030 513 4076 non
528 4021 679 4093 poterat,
696 4013 784 4077 urbe
795 4014 955 4094 cedebat,
968 4032 1033 4078 nec
1048 4015 1214 4095 precibus
1230 4016 1311 4080 ullis
1322 4026 1383 4080 aut
1393 4033 1469 4098 per·

240 4119 467 4184 suasionibus
482 4122 625 4185 exorari
640 4137 678 4185 se
693 4122 841 4200 sinebat,
860 4131 898 4185 ut
918 4121 1122 4203 hujusmodi
1136 4125 1350 4202 spectaculis
1364 4126 1472 4188 inter·

239 4235 349 4306 esset;
366 4237 401 4292 et
423 4227 483 4309 qui
504 4229 620 4292 studia
642 4229 811 4292 nobilium
831 4227 907 4308 ejus
926 4229 1083 4293 civitatis
1104 4239 1292 4310 perspecta
1310 4231 1471 4314 haberet,

237 4331 331 4395 hanc
346 4333 400 4397 sui
415 4333 603 4399 victoriam
617 4352 723 4417 quam
738 4334 889 4400 difficilis
907 4336 1014 4400 fuerit
1028 4337 1253 4418 intelligeret.

301 4437 389 4504 1412.
432 4439 554 4522 Multa,
572 4443 663 4506 male
678 4451 781 4523 parta
796 4445 854 4506 vel
868 4453 1019 4523 retenta,
1036 4444 1082 4507 ad
1106 4462 1190 4509 suos
1211 4446 1386 4526 redibant;
1407 4447 1471 4511 ini·

238 4544 394 4610 micitiae
408 4558 443 4611 et
457 4548 656 4612 inveterata
673 4549 755 4613 odia
770 4549 1050 4630 deponebantur:
1065 4561 1099 4614 et
1111 4551 1302 4633 aliquando
1314 4554 1406 4618 inter
1417 4556 1472 4619 vi-

238 4669 319 4716 rum
335 4662 369 4716 et
383 4672 530 4718 uxorem
546 4673 626 4720 eum
647 4657 867 4737 suspiciones
886 4675 957 4721 non
976 4658 1075 4720 leves
1094 4659 1258 4739 utrinque
1277 4661 1473 4726 intercede·

241 4770 332 4837 rent,
349 4769 480 4841 tamen,
497 4753 561 4842 per
575 4763 809 4826 ministerium
824 4761 930 4843 hujus
952 4765 1179 4844 sacramenti,
1204 4767 1310 4833 rebus
1329 4788 1473 4851 compo·
