3717 5400
337 488 392 548 234
796 489 923 550 ennon.
946 490 1022 548 Soc.
1043 491 1113 562 jas.

337 634 529 698 bacensem
550 644 585 699 et
600 634 860 700 cancellarium
880 636 1019 718 jonam,
1038 638 1097 716 qui
1117 634 1227 714 Regis
1247 636 1473 700 devotionem
1493 637 1572 699 imi«

337 742 515 806 tabantur.

396 848 467 912 675.
512 849 601 914 Cum
616 862 734 914 autem
750 851 886 928 classis,
904 851 948 914 de
963 869 1033 930 qua
1047 851 1210 931 superius
1230 851 1375 915 memini
1396 849 1420 928 ¹,
1441 867 1567 930 puero·

338 973 417 1023 rum
436 956 558 1021 addita
579 968 684 1036 esset,
705 976 824 1022 novae
840 960 973 1021 classes
988 959 1248 1022 construendae
1268 957 1376 1037 Regis
1401 958 1571 1037 expensis

338 1065 548 1143 impetratae
572 1075 665 1143 sunt,
693 1067 841 1146 quaein
867 1065 1077 1146 quibusdam
1102 1066 1250 1129 stabulis
1273 1082 1444 1145 equorum
1464 1075 1566 1128 erant

337 1171 590 1234 aedificandae.
613 1173 758 1236 Interim
782 1181 900 1236 tamen
923 1173 1007 1236 dum
1028 1173 1109 1236 illae
1134 1173 1446 1250 construebantur,
1473 1172 1567 1235 intra

337 1279 453 1358 ipsum
477 1279 647 1343 ambitum
669 1279 818 1360 Collegii
841 1279 934 1343 duae
959 1281 1094 1343 classes
1114 1281 1283 1343 collocari
1302 1279 1509 1356 debuerunt,
1532 1288 1567 1341 et

338 1385 471 1448 diutius
486 1385 535 1448 ibi
549 1403 656 1466 quam
671 1387 784 1450 nostri
799 1396 983 1466 optassent
1002 1387 1116 1449 teneri
1131 1386 1341 1460 debuerunt,
1360 1386 1455 1466 quod
1473 1388 1567 1449 lente

337 1493 373 1554 in
386 1492 631 1558 aedificatione
645 1494 796 1558 ministri
809 1493 917 1572 Regis
928 1494 1174 1572 procederent,
1188 1494 1267 1556 ideo
1281 1494 1456 1571 fortassis
1471 1493 1568 1572 quod

337 1599 478 1662 domum
494 1601 704 1679 quamdam,
722 1618 742 1662 a
758 1600 917 1678 Collegio
933 1600 1017 1662 olim
1038 1601 1244 1676 alienatam,
1260 1600 1450 1664 Excelsum
1464 1597 1568 1678 Regi·

337 1723 417 1770 meu
439 1705 607 1771 Austriae
628 1704 859 1786 'recuperari
882 1707 1126 1784 mandaverat,
1153 1707 1189 1770 in
1210 1725 1279 1786 qua
1300 1710 1399 1772 locus
1420 1707 1570 1770 idoneus

336 1823 415 1876 erat
430 1814 475 1877 ad
490 1819 625 1878 classes
639 1815 821 1880 tenendas,

397 1921 468 1984 676.
515 1922 633 2001 Aliqui
662 1923 770 1985 etiam
798 1941 843 1986 ex
872 1923 1051 2000 primariis
1079 1920 1279 2000 hujusmodi
1307 1922 1396 1985 viris
1424 1920 1567 1984 adhoc

338 2028 515 2108 deputatis
539 2028 736 2108 Collegium
762 2030 877 2108 ipsum
902 2029 1083 2104 viderunt,
1110 2029 1213 2091 simul
1237 2045 1318 2090 cum
1343 2028 1568 2102 thesaurario

338 2135 506 2212 civitatis;
534 2145 568 2198 et
593 2136 797 2199 molendina
822 2136 1014 2216 quaedam,
1041 2137 1136 2198 intra
1163 2135 1334 2198 ambitum
1361 2134 1568 2198 monasterii
1621 2201 1626 2207 ⁴

339 2243 604 2305 carmelitarum
619 2241 629 2272 ⁵
645 2243 771 2322 posita,
789 2260 833 2305 ne
848 2243 1003 2306 libertati
1018 2242 1206 2320 religiosae
1220 2253 1423 2305 nostrorum
1438 2241 1566 2304 incom-

338 2348 536 2422 modarent,
562 2350 781 2412 restituenda
806 2350 914 2412 etiam
936 2349 1095 2428 Collegio
1117 2350 1393 2426 constituerunt,
1420 2347 1570 2429 quodsi

339 2465 526 2535 sequutum
543 2469 646 2534 esset,
665 2467 778 2519 tetum
792 2457 1064 2532 monasterium,
1086 2455 1131 2517 ad
1149 2456 1390 2534 integritatem
1411 2464 1447 2517 et
1466 2454 1568 2518 liber·

338 2571 447 2625 tatem
462 2563 641 2640 antiquam
660 2562 853 2640 redactum,
872 2562 1033 2640 Collegio
1047 2563 1217 2626 traditum
1231 2572 1334 2625 esset.

401 2669 473 2732 677.
517 2668 687 2751 Superius
702 2667 725 2749 ⁴,
743 2686 823 2735 cum
839 2670 882 2733 de
897 2667 1055 2749 Collegio
1080 2669 1295 2733 Germanico
1320 2679 1498 2748 ageretur,
1520 2670 1569 2734 di·

339 2786 436 2840 ctum
453 2786 506 2839 est
521 2776 561 2839 48
573 2777 723 2857 juvenes
738 2778 783 2841 ad
803 2777 887 2841 illud
908 2775 1100 2840 mittendos
1114 2793 1210 2855 esse,
1224 2777 1308 2857 quia
1334 2789 1454 2841 tamen
1477 2776 1569 2857 Rex,

340 2884 567 2948 festinatione
578 2884 742 2948 fortassis
753 2885 863 2947 nimia
875 2884 1284 2963 ministrorum,scripsit
1295 2884 1481 2965 Episcopis
1490 2901 1571 2947 sua«

339 3008 418 3053 rum
434 2991 605 3055 ditionum
620 3000 659 3053 ut
673 3008 735 3053 eos
756 2991 947 3068 mitterent,
971 2992 1068 3053 nulla
1090 2991 1267 3054 mentione
1286 2990 1382 3053 sacta
1400 2991 1444 3055 de
1464 3008 1568 3071 pecu-

339 3098 399 3161 nia
416 3097 461 3161 ad
477 3114 599 3161 eorum
622 3098 914 3160 sustentationem
936 3098 1151 3172 necessaria,
1172 3098 1231 3159 ubi
1250 3108 1375 3176 postea
1396 3098 1569 3161 intellexit

340 3205 385 3267 de
401 3222 442 3268 ea
458 3203 717 3284 providendum
732 3222 810 3268 esse
826 3220 847 3266 a
863 3203 1048 3282 Praelatis,
1065 3222 1131 3267 nec
1146 3204 1222 3267 sine
1243 3205 1303 3266 illa
1322 3203 1472 3269 Romam
1491 3221 1569 3269 esse

338 3312 542 3390 mittendos,
559 3310 648 3374 dixit
662 3312 892 3375 nihilominus
906 3310 983 3374 Rex
999 3328 1038 3372 se
1052 3320 1248 3374 retractare
1262 3312 1356 3373 nolle
1375 3312 1469 3391 quod
1485 3312 1571 3375 scri-

339 3427 472 3500 pserat,
499 3436 565 3481 nec
592 3419 693 3480 aliter
719 3434 756 3480 se
782 3420 873 3480 velle
899 3418 1071 3497 scribere;
1093 3427 1128 3481 et
1148 3419 1240 3481 mitti
1259 3418 1488 3483 nihilominus
1508 3436 1570 3483 eos

337 3524 494 3605 jubebat;
518 3524 633 3587 Deum
653 3525 747 3588 enim
768 3526 885 3605 aliqua
909 3526 1047 3587 ratione
1073 3525 1159 3605 ipsis
1183 3534 1454 3605 prospectorum
1478 3542 1567 3588 esse.

340 3632 411 3697 Sed
426 3633 541 3695 visum
557 3650 626 3695 non
649 3642 702 3693 est
724 3632 856 3694 nostris
875 3648 938 3693 eos
958 3631 1114 3709 mittere,
1141 3632 1173 3695 si
1197 3632 1410 3711 stipendium
1436 3642 1571 3696 certum

338 3758 411 3803 non
425 3740 607 3817 haberent,
625 3748 729 3818 prout
744 3738 857 3803 Roma
872 3738 963 3818 ipsis
977 3740 1149 3818 scriptum
1164 3737 1291 3801 fuerat.

398 3846 468 3910 678.
513 3836 700 3924 Augustae
715 3863 796 3908 cum
811 3856 905 3908 esset
921 3845 1014 3909 idem
1028 3844 1117 3922 Rex,
1134 3845 1258 3909 decem
1272 3862 1464 3924 germanos
1472 3845 1571 3925 juve-

339 3972 404 4019 nes
428 3964 466 4017 ut
491 3953 644 4032 hospitio
667 3972 687 4015 a
707 3950 866 4032 Collegio
888 3950 1085 4017 Viennensi
1105 3953 1387 4031 admitterentur,
1408 3964 1443 4015 et
1465 3953 1511 4016 ad
1532 3970 1571 4016 se

340 4060 448 4127 scribi
463 4078 554 4141 quae
569 4060 772 4123 necessaria
788 4060 833 4123 ad
849 4076 972 4123 eorum
994 4060 1289 4123 sustentationem
1311 4070 1430 4123 essent
1445 4061 1570 4137 voluit;

340 4178 374 4233 et
390 4169 478 4232 haec
494 4184 603 4231 causa
619 4166 684 4228 fuit
699 4165 848 4244 Collegii
863 4166 1071 4229 instituendi
1086 4167 1331 4229 convictorum
1345 4166 1520 4241 Viennae;
1536 4176 1571 4229 et

338 4276 482 4355 regulas
498 4276 595 4338 adse
619 4274 710 4337 mitti
728 4272 870 4352 collegii
884 4271 1090 4335 Germanici
1103 4272 1142 4334 P.
1162 4272 1333 4350 Lanoyus
1352 4273 1570 4354 postulabat,

380 4519 387 4550 ¹
418 4516 539 4571 Pagrae,
550 4528 574 4560 n.
590 4516 641 4562 ⁶53.

380 4591 391 4621 ἱ
419 4588 487 4632 Vide
497 4599 585 4642 supra,
596 4594 616 4632 t.
626 4598 732 4643 impug.
743 4588 790 4643 241,
802 4600 827 4633 n.
837 4588 879 4632 638
888 4594 913 4632 et
923 4588 972 4632 640.

376 4662 388 4694 ⁸
415 4659 445 4705 ln
455 4671 505 4715 quo
515 4659 664 4705 Vlennenae
676 4659 815 4705 Societatls
826 4660 969 4713 Collegium
980 4666 1047 4705 erut.
1058 4660 1124 4703 Vide
1134 4671 1222 4713 supra,
1233 4668 1252 4703 t.
1263 4662 1430 4718 111,pag.‘.²58,
1440 4663 1520 4707 nov.

378 4737 390 4769 ⁴
418 4732 557 4787 Pansam.
567 4732 602 4777 66.
