3717 5400
377 495 435 555 506
841 492 970 553 Canon.
992 492 1069 553 Soc.
1094 492 1165 565 Jas.

379 642 461 723 pius
475 641 622 705 excitati
636 639 788 717 fuerant,
805 639 872 703 suit
886 640 943 703 vir
957 640 1103 721 quidam
1117 640 1210 703 inter
1224 639 1301 713 hos,
1323 638 1381 701 cui
1399 640 1451 701 sic
1466 638 1616 716 impres·

380 749 427 812 sit
441 746 617 811 Dominus
636 747 729 810 hanc
748 746 986 824 devotionem,
1008 748 1099 810 utin
1121 746 1296 825 noctibus,
1323 763 1387 826 per
1411 744 1515 809 varia
1533 747 1616 809 loca

381 856 598 934 discurrens
615 856 687 917 alta
699 871 787 917 voce
803 855 976 917 clamaret
989 864 1028 917 ut
1043 871 1167 918 omnes
1180 854 1310 917 rosarii
1325 852 1450 916 Matris
1459 851 1530 915 Dei
1543 868 1616 915 me-

380 978 500 1026 mores
514 971 645 1040 essent,
661 970 696 1023 et
717 978 945 1041 congregans
964 962 1094 1025 multos
1112 960 1228 1024 eidem
1247 960 1431 1024 devotioni
1453 957 1610 1035 affectos

381 1067 712 1132 confraternitatem
739 1066 925 1132 instituere
958 1066 1054 1148 apud
1085 1069 1274 1131 ecclesiam
1309 1076 1491 1145 nostram,
1520 1084 1616 1147 quae

380 1176 449 1241 hoc
464 1191 559 1238 anno
573 1174 734 1238 absoluta
747 1174 822 1252 luit,
839 1184 1043 1239 conaretur.
1058 1175 1099 1239 In
1109 1175 1234 1239 eadem
1245 1183 1365 1238 autem
1378 1175 1529 1237 ecclesia
1537 1172 1615 1254 jam

381 1280 615 1347 consessionis
629 1290 664 1345 et
680 1282 941 1346 communionis
954 1290 1181 1345 sacramenta
1194 1280 1523 1363 frequentabantur.

424 1388 512 1453 1379.
558 1388 647 1453 Cum
663 1397 782 1453 autern
804 1388 924 1452 valida
944 1388 1058 1453 sames
1083 1390 1152 1453 hoc
1176 1398 1346 1453 autumno
1371 1390 1541 1471 populum
1554 1406 1612 1469 op·

379 1496 561 1577 primeret,
578 1506 721 1577 praeter
736 1496 956 1576 spiritualem
975 1496 1105 1577 cibum,
1126 1499 1358 1577 temporalem
1375 1495 1484 1559 etiam
1500 1496 1617 1559 nostri

380 1603 596 1685 pauperibus
611 1603 805 1684 provideri,
822 1615 896 1667 tam
910 1604 1221 1668 exhortationibus
1235 1603 1396 1685 publiciS,
1419 1622 1527 1684 quam
1545 1604 1614 1684 pri·

382 1712 477 1774 vatis
491 1711 689 1791 colloquiis,
706 1712 801 1792 apud
815 1712 894 1775 illos
908 1711 1029 1775 Duces
1043 1721 1078 1775 et
1097 1710 1253 1775 Comites
1266 1712 1451 1776 curabant.

424 1817 513 1881 1380.
556 1817 600 1881 Et
614 1819 703 1881 haec
718 1818 761 1881 de
775 1818 907 1882 nostris
920 1818 1014 1899 apud
1029 1816 1094 1883 S.¹¹¹
1109 1819 1245 1882 Lucam
1259 1818 1304 1882 de
1323 1818 1542 1881 Barrameda
1560 1836 1614 1881 re-

382 1926 577 1990 sidentibus
589 1926 659 1987 sint
671 1926 777 2004 dicta;
790 1925 861 2005 ubi,
875 1926 1039 2005 quamvis
1049 1926 1240 2005 collegium
1250 1926 1450 1990 institutum
1461 1942 1532 1989 non
1542 1924 1612 1989 sue

383 2034 439 2110 rit,
464 2042 610 2113 propter
633 2042 756 2112 portus
781 2042 899 2096 tamen
925 2033 1229 2113 commoditatem,
1256 2042 1291 2095 et
1316 2033 1521 2112 ingratiam
1539 2032 1616 2095 illu-

382 2140 509 2204 strium
524 2140 665 2202 illorum
679 2137 820 2203 Ducum
836 2151 869 2203 et
885 2140 1073 2218 Comitum,
1100 2151 1135 2203 et
1159 2140 1280 2220 populi
1301 2140 1406 2203 valde
1421 2138 1589 2203 Societati
1605 2140 1615 2169 ²

383 2245 513 2325 affecti,
540 2246 654 2308 nostri
677 2246 896 2325 residebant;
917 2248 1044 2326 quibus
1069 2258 1188 2311 tamen
1208 2248 1399 2327 collegium
1417 2247 1614 2321 instituere,

383 2370 465 2417 cum
490 2352 644 2431 primum
669 2352 788 2415 debita
814 2354 989 2433 quaedam
1013 2354 1141 2434 gravia
1162 2355 1413 2432 dissolverent,
1441 2354 1616 2434 praedicti

382 2460 502 2523 Duces
518 2460 697 2537 volebant,
715 2477 866 2540 quorum
882 2462 1048 2541 expensis
1063 2462 1204 2525 interim
1215 2472 1368 2541 quatuor
1383 2463 1441 2525 vel
1459 2462 1619 2543 quinque

384 2586 430 2630 ex
444 2565 587 2643 nostris,
605 2577 746 2645 praeter
761 2565 919 2645 hospites
933 2564 956 2646 ⁸,
976 2568 1279 2632 sustentabantur.

681 3047 744 3110 DE
767 3047 1000 3112 COLLEGIO
1023 3049 1325 3114 GRANATENSI

427 3423 515 3488 1381.
560 3423 732 3503 Quamvis
747 3423 904 3503 Hispalis
929 3426 1080 3503 insignis
1104 3426 1296 3489 admodum
1320 3437 1354 3488 et
1379 3428 1546 3507 opulenta
1569 3427 1620 3490 sit

381 3531 522 3608 civitaS,
541 3531 702 3594 Granata
721 3542 841 3594 tamen
856 3531 1048 3596 Audientia
1068 3533 1179 3612 regia,
1195 3533 1450 3613 Universitate,
1467 3533 1614 3598 salubri·

382 3648 457 3703 tate
472 3647 507 3702 et
522 3638 600 3701 aliis
615 3636 683 3701 Dei
699 3638 801 3701 donis
815 3649 1016 3718 opportuna
1038 3639 1228 3703 admodum
1246 3640 1451 3719 videbatur,
1468 3641 1557 3704 utin
1572 3658 1616 3704 ea

382 3743 544 3810 Societas
564 3753 685 3808 nostra
709 3743 892 3809 resideret.
916 3745 979 3809 Est
1005 3747 1136 3826 alioqui
1163 3748 1407 3826 magnitudine
1427 3757 1620 3828 praestans

381 3853 522 3931 civitaS,
541 3853 599 3916 ubi
614 3861 755 3916 centum
773 3854 919 3932 triginta
936 3853 1046 3917 millia
1060 3854 1277 3918 familiarum
1291 3856 1465 3935 habitant,
1481 3874 1527 3920 ex
1541 3856 1614 3936 qui·

381 3959 448 4023 bus
467 3965 586 4023 tamen
609 3958 736 4038 viginti
756 3961 866 4024 millia
886 3960 1161 4042 neophytorum,
1182 3963 1241 4043 qui
1264 3979 1310 4026 ex
1332 3963 1515 4027 saracenis
1534 3980 1620 4026 con·

383 4067 482 4130 versi
496 4067 650 4144 inerant,
668 4078 900 4131 numerantur
916 4066 940 4128 ³.

446 4173 534 4237 1382.
578 4173 617 4238 in
638 4174 730 4238 hanc
750 4191 838 4254 ergo
860 4175 1053 4253 civitatem,
1080 4184 1118 4240 ut
1142 4194 1236 4240 anno
1261 4177 1437 4257 superiori
1461 4177 1619 4242 memini-

423 4398 431 4431 ¹
460 4397 510 4442 iris.
526 4399 606 4443 habet
616 4399 649 4442 de
660 4399 800 4444 sotietate.

422 4467 434 4500 ¹
461 4467 555 4514 Patres
566 4479 591 4513 et
603 4471 701 4515 iratres
713 4471 852 4516 Societatls
865 4471 990 4526 intelligo,
1002 4471 1053 4527 qui,
1065 4474 1090 4517 ln
1106 4473 1207 4517 indiam
1222 4473 1355 4526 destinati,
1366 4474 1543 4529 navigationis
1553 4482 1620 4518 tem·

348 4555 351 4562 ·
382 4553 430 4597 pur
442 4543 555 4595 inportu
567 4543 695 4586 Sanlucar
706 4545 863 4597 praestolari
874 4545 1027 4599 quandoque
1038 4547 1209 4599 cogebantur.

423 4629 435 4663 ³
462 4630 568 4676 Numeri
579 4633 694 4685 triginta
709 4633 795 4678 rm'llr'a
810 4641 835 4677 et
849 4635 950 4688 viginta·
965 4633 1053 4678 milita
1065 4636 1165 4690 scripta
1181 4638 1205 4679 ln
1221 4638 1398 4681 ms.auntslc:
1419 4613 1472 4670 Ε-
1515 4611 1570 4670 E·
1594 4649 1622 4662 ··

1475 4671 1481 4693 ,
1576 4655 1584 4670 .

381 4737 531 4784 Granatam
541 4741 632 4784 urbem
643 4741 697 4784 iuse
710 4741 833 4786 describit
844 4743 1053 4799 amplissimoque
1068 4745 1159 4790 laudat
1176 4744 1350 4801 Saanvnnnz,
1360 4747 1378 4790 l.
1386 4757 1418 4800 c..
1429 4673 1473 4790 ffb.
1483 4757 1502 4801 1,
1512 4671 1570 4802 cz.
1577 4746 1618 4792 21.
