3717 5400
9 10 579 146 -Γ,

786 518 850 576 Au.
873 517 943 576 1555
1424 515 1485 574 337

308 664 378 729 904.
422 665 466 728 Et
487 665 569 747 quia
583 663 782 744 Episcopus
797 663 1095 728 Claramontanus
1118 661 1342 741 significabat
1357 678 1395 723 se
1418 679 1481 724 ex-

247 773 402 854 pendere
418 773 508 836 velle
522 771 542 834 7
557 780 618 835 aut
631 771 652 834 8
667 770 775 836 millia
795 770 1002 834 francorum
1013 770 1050 833 in
1066 768 1312 833 aedificatione
1327 767 1477 846 Collegii

249 881 485 958 BillionensiS,
508 889 543 944 et
557 882 703 958 optabat
724 878 761 941 P.
783 879 981 958 Baptistam
999 877 1205 955 Violaeum,
1226 876 1272 939 ad
1291 876 1482 955 designam

250 988 334 1052 dum
349 987 548 1051 aedificium
562 987 655 1050 illius
675 986 835 1065 Collegii,
853 982 912 1066 [et]
936 987 971 1049 in
987 984 1209 1048 Auverniam
1231 993 1269 1047 ut
1293 984 1401 1046 etiam
1421 983 1484 1045 ille

249 1095 448 1160 mitteretur
462 1095 596 1158 instare
611 1092 648 1157 P.
666 1093 881 1156 Paschasius
895 1093 1023 1170 coepit.

309 1201 381 1266 9115.
424 1201 638 1265 Consolatus
667 1211 722 1264 est
749 1199 935 1280 Dominus,
966 1201 1058 1263 inter
1087 1199 1307 1277 afflictiones
1334 1208 1484 1263 nostros

249 1309 464 1390 parisienses
489 1309 724 1372 conversione
751 1308 985 1389 quorumdam
1015 1308 1220 1387 deploratae
1246 1307 1341 1370 vitae
1366 1307 1478 1370 homi·

249 1433 345 1495 num,
363 1415 406 1478 de
427 1432 578 1496 quorum
597 1417 711 1478 salute
731 1431 812 1478 cum
835 1415 1031 1494 perexigua
1045 1432 1127 1494 spes
1149 1424 1258 1493 esset,
1280 1414 1329 1477 illi
1346 1423 1481 1491 tamen,

249 1522 317 1586 Dei
330 1525 460 1603 gratia,
478 1523 514 1585 in
529 1523 657 1602 spiritu
676 1523 857 1600 renovati,
881 1523 917 1584 in
938 1521 1013 1584 dies
1032 1522 1148 1600 magis
1166 1521 1203 1584 in
1221 1522 1353 1601 pietate
1373 1523 1478 1602 profi·

250 1630 401 1694 ciebant.
429 1629 604 1693 Paulatim
628 1629 734 1692 etiam
757 1639 950 1709 coeperunt
978 1630 1092 1692 nostri
1117 1627 1211 1708 apud
1235 1627 1299 1693 S.¹¹¹
1324 1627 1477 1710 Lupum,

250 1735 315 1802 8³¹²
325 1736 528 1816 Aeginium,
545 1748 579 1799 et
594 1735 675 1800 550⁸
687 1735 852 1800 Cosmum
867 1750 901 1799 et
916 1735 1142 1814 Damianum,
1158 1747 1193 1798 et
1208 1735 1303 1816 apud
1314 1734 1378 1800 sm
1391 1735 1478 1799 Ger-

250 1845 391 1907 vasiurn
407 1843 649 1907 consessiones
664 1843 803 1923 audire;
824 1844 1000 1924 quamviS,
1024 1853 1063 1906 ut
1086 1844 1207 1907 nullibi
1228 1841 1341 1922 major
1360 1861 1483 1906 neces·-

251 1951 339 2015 sitas
354 1967 461 2031 quam
476 1951 513 2014 in
528 1951 698 2015 custodiis
712 1951 882 2031 publicis,
903 1951 954 2014 ita
972 1969 1039 2014 nec
1057 1951 1200 2015 uberior
1218 1951 1357 2014 fructus
1371 1967 1480 2031 quam

251 2059 287 2121 in
303 2057 371 2121 illis
386 2058 561 2137 provenit.

310 2163 381 2228 906.
425 2163 620 2245 Tyrunculi
639 2175 757 2230 autem
779 2167 976 2245 domestici,
992 2176 1067 2230 tum
1081 2167 1390 2247 disputationibus
1405 2173 1485 2234 tum

250 2272 569 2336 declamationibus
583 2275 778 2337 vernacula
793 2275 915 2354 lingua
931 2276 1027 2339 domi
1041 2275 1182 2351 habitis
1199 2291 1239 2337 se
1252 2274 1480 2352 exercebant,

250 2391 288 2444 ut
304 2379 494 2460 aliquando
509 2381 651 2460 prodire
666 2381 704 2443 in
717 2382 896 2462 publicum
910 2391 1092 2445 certamen
1107 2381 1152 2444 ad
1167 2382 1411 2462 proximorum
1421 2397 1487 2443 au«

249 2487 372 2550 xilium
388 2487 521 2552 utiliter
540 2501 695 2567 possent.

310 2595 354 2658 Et
369 2595 458 2658 haec
473 2595 517 2658 de
531 2594 688 2676 Collegio
703 2595 906 2661 Parisiensi.

462 3077 526 3141 nn
547 3060 694 3142 mmo
712 3078 933 3143 corthon
956 3078 1279 3146 stacionensis

406 3312 455 3385 Er
486 3340 537 3385 DE
569 3339 759 3385 MISSIONE
791 3341 827 3385 P.
860 3342 1038 3386 ROBERTI
1070 3342 1319 3390 CLAYSSONII

312 3671 382 3735 907.
427 3672 575 3735 Decima
599 3682 702 3735 sexta
722 3672 779 3737 die
799 3672 882 3753 Maji
904 3690 986 3735 cum
1004 3672 1181 3753 Episcopo
1202 3672 1482 3741 Claramontano

252 3780 320 3843 iter
334 3781 369 3843 in
385 3780 606 3843 Auverniam
621 3779 658 3842 P.
675 3780 850 3844 Robcrtus
864 3782 1048 3860 ingressus
1070 3790 1136 3859 est,
1152 3781 1212 3861 qui
1226 3782 1481 3848 humanissime

252 3895 287 3950 et
307 3896 455 3966 paterno
475 3888 617 3966 quidem
636 3887 763 3950 affectu
783 3898 817 3950 et
837 3889 881 3951 ab
902 3888 979 3968 ipso
1000 3888 1176 3969 Episcopo
1195 3899 1230 3951 et
1249 3887 1324 3967 ejns
1346 3888 1480 3954 familia

252 4008 392 4073 semper
406 4003 580 4057 tractatus
592 3993 667 4057 fuit.
683 3993 772 4057 Cum
787 3996 822 4057 in
835 3995 979 4075 itinere,
996 3996 1032 4057 in
1045 3994 1213 4075 oppidum
1224 3996 1331 4076 (quod
1342 3995 1403 4060 gn
1417 3996 1483 4061 Pe-

249 4272 329 4314 rendo
340 4274 392 4316 cosi
403 4284 419 4315 a
429 4272 462 4314 V.
474 4272 515 4325 R.)
530 4274 668 4335 impetrare
687 4274 720 4317 da
734 4286 781 4318 sua
796 4274 901 4319 Santlta
917 4288 967 4319 nno
982 4278 1061 4319 breve
1077 4278 1218 4329 apostolico
1236 4287 1283 4321 con
1297 4284 1421 4332 precepto
1435 4279 1488 4322 snb

249 4354 333 4396 poena
348 4344 621 4389 excommunicationis
634 4345 705 4389 latae
719 4348 865 4391 sententiae
882 4359 932 4392 non
947 4348 968 4391 c'
983 4347 1169 4402 impedischlno
1184 4350 1243 4392 nell·
1258 4350 1483 4394 administratione

250 4414 312 4459 delll
326 4416 493 4469 sacramenti,
504 4422 529 4459 et
545 4418 593 4461 che
605 4417 688 4461 siamo
699 4417 808 4461 admessl
820 4420 865 4463 alli
881 4420 965 4463 ordini
975 4421 1045 4463 sacri
1055 4426 1081 4463 et
1092 4421 1146 4464 alla
1155 4421 1331 4473 predicatione
1341 4428 1368 4466 et
1379 4422 1405 4466 dl
1414 4428 1492 4466 tutte

250 4487 318 4530 altre
328 4498 386 4529 cose
397 4488 507 4532 secondo
517 4489 533 4531 1¹
544 4488 667 4533 Instituto
677 4489 745 4533 della
756 4489 925 4545 compagum:
936 4492 1031 4545 perche
1045 4497 1119 4536 tanto
1134 4494 1179 4546 plh
1194 4493 1243 4535 che
1257 4504 1358 4537 saremo
1373 4494 1443 4537 dulci
1459 4502 1485 4538 et

250 4558 361 4601 beniuoli
372 4564 398 4601 et
408 4559 526 4613 patientl.
537 4565 612 4604 tanto
622 4561 666 4614 piu
676 4561 697 4604 sl
709 4568 841 4606 mostrano
852 4564 907 4606 loro
918 4562 998 4607 lerocl
1006 4570 1099 4607 contra
1107 4565 1132 4608 dl
1142 4564 1193 4608 noi.
1202 4562 1235 4607 Et
1243 4576 1271 4607 se
1280 4565 1427 4609 vederanno
1436 4566 1488 4609 che

250 4629 277 4672 la
286 4629 411 4683 plgllarno
421 4630 454 4673 da
465 4641 528 4674 vero
538 4637 564 4675 et
575 4632 744 4687 calciamenta,
757 4645 835 4688 penso
846 4635 893 4677 che
909 4640 1050 4679 laceranno
1061 4642 1086 4678 et
1102 4646 1151 4678 non
1162 4636 1186 4679 cl
1197 4637 1387 4681 molestararmo
1398 4644 1484 4683 tamo.

252 4699 320 4743 Pure
331 4701 370 4743 sia
380 4712 482 4755 sempre
493 4703 561 4747 satta
578 4705 602 4747 la
613 4706 722 4749 volunta
731 4706 756 4749 dl
767 4706 799 4750 V.
811 4704 841 4751 R.
853 4716 878 4751 et
890 4708 931 4751 nol
942 4708 966 4750 ci
975 4717 1159 4761 prepararemo
1168 4718 1216 4751 con
1227 4709 1314 4762 gratia
1325 4711 1366 4753 del
1376 4708 1489 4764 signore

252 4770 302 4815 Dlo
313 4772 366 4815 alla
377 4772 524 4819 obedientia
535 4775 601 4818 insln
611 4776 666 4819 alla
676 4782 782 4831 morte,

415 4861 453 4917 T.
470 4881 498 4921 v.
1312 4888 1344 4927 η
