3717 5400
813 457 878 516 Art.
901 457 974 517 libb
1039 450 1045 462 ’
1473 458 1511 518 dt

276 599 460 677 acbonuS,
477 602 537 680 qui
551 600 707 666 Mutinae
722 604 862 668 cuidam
877 605 1022 668 scholae
1037 603 1239 685 praefuerat
1263 603 1284 684 ⁸,
1301 601 1341 668 et
1356 603 1508 668 Romam

275 715 427 770 vocatus
442 708 488 771 ad
502 708 656 772 ethicam
671 727 823 790 vergere
837 711 1041 789 videbatur;
1056 729 1140 774 nam
1155 712 1304 776 multum
1323 711 1509 792 sanguinis

273 823 494 894 evomuerat,
510 824 546 878 et
560 817 724 896 quamvis
739 816 784 880 ad
800 827 940 898 tempus
955 835 1048 881 vena
1058 819 1119 882 illa
1130 817 1352 881 consolidata
1362 817 1506 880 videba-

274 929 347 999 tur,
360 919 590 986 nihilominus
601 924 647 988 ad
657 925 830 989 vomitum
843 925 1029 1006 sanguinis
1039 925 1155 1004 rediit,
1168 925 1259 988 tussi
1269 923 1422 1004 quadam
1434 941 1505 987 mo-

274 1027 467 1091 lestissima
488 1041 653 1106 vexatus,
674 1043 710 1095 et
729 1049 811 1096 cum
825 1041 937 1096 totam
963 1032 1136 1097 aestatem
1154 1031 1371 1096 extraxisset
1389 1031 1509 1094 multis

273 1134 418 1215 adjutus
431 1137 607 1216 remediis,
625 1156 716 1220 quae
730 1138 844 1203 Roma
860 1141 1104 1219 mittebantur,
1126 1138 1198 1202 29.ει
1215 1138 1382 1217 Augusti,
1398 1146 1508 1200 noctu

272 1244 511 1307 sacramentis
522 1246 690 1326 acceptis
705 1255 739 1310 et
750 1264 816 1310 usu
828 1264 996 1311 sensuum
1009 1258 1044 1310 et
1053 1247 1198 1326 linguae
1208 1263 1251 1308 ac
1260 1243 1383 1326 judicii
1394 1260 1506 1324 usque

273 1348 321 1412 ad
335 1357 535 1414 extremum
550 1352 715 1432 spiritum
730 1363 879 1434 retento,
897 1372 977 1418 curn
999 1353 1246 1418 aedificatione
1261 1351 1421 1414 omniurn
1440 1349 1505 1414 cir·

271 1455 525 1520 cnmstautium
540 1459 587 1522 ad
597 1458 790 1525 Dominum
805 1462 986 1541 migravit.
1000 1461 1091 1525 Cum
1101 1477 1141 1524 se
1152 1459 1291 1523 videret
1303 1457 1411 1522 morti
1421 1457 1505 1520 vici·

272 1579 372 1641 num,
390 1563 525 1644 aliquot
539 1575 660 1630 tamen
671 1576 753 1630 ante
764 1577 915 1632 mortem
926 1567 1170 1647 hebdomadis,
1184 1567 1219 1629 id
1234 1563 1444 1645 deplorabat
1453 1564 1505 1626 in-

272 1669 426 1749 terdum,
443 1671 549 1751 quod,
562 1671 645 1735 dum
661 1691 769 1738 sanus
781 1685 887 1754 esset,
900 1674 1122 1738 voluntatem
1135 1689 1237 1736 suam
1250 1672 1381 1752 potius,
1397 1686 1504 1752 quarn

273 1775 498 1841 obedientiae
513 1781 773 1860 praescriptum
787 1780 824 1844 in
847 1782 915 1845 hoc
937 1787 1094 1844 sectatus
1115 1779 1255 1860 fuisset,
1279 1777 1374 1859 quod
1394 1778 1505 1840 multa

272 1882 447 1947 scriberet
462 1901 569 1948 manu
584 1903 661 1965 sua,
679 1903 771 1967 quae
785 1888 831 1951 ad
843 1886 1041 1951 doctrinam
1053 1885 1276 1976 pertinebant
1287 1902 1294 1963 ;
1307 1895 1342 1947 et
1357 1884 1504 1947 notabat

272 1990 368 2053 hanc
383 1989 457 2071 eJ'us
470 2009 589 2056 seram
601 1993 854 2073 poenitentiam
867 1994 1010 2073 (seram,
1024 1993 1147 2074 inquit,
1161 1985 1315 2074 quod'ad
1330 2001 1505 2071 tempora·

271 2101 344 2160 lem
359 2097 453 2162 hanc
468 2100 581 2162 vitam
595 2101 746 2179 attinet).
1495 2104 1497 2107 ’

337 2203 405 2267 107.
449 2204 622 2286 Magister
635 2207 762 2272 Petrus
776 2206 932 2288 Sylvius
949 2207 1010 2288 qui
1029 2206 1220 2288 aliquando
1243 2203 1504 2285 aperiectione

275 2311 501 2376 obedientiae
520 2329 560 2376 se
580 2315 734 2378 alienum
754 2315 875 2394 fuisse,
900 2325 938 2378 ut
959 2315 1122 2395 superius
1141 2312 1364 2376 meminimus
1381 2311 1409 2386 ¹,
1430 2327 1503 2373 ma·

268 2433 430 2499 gnopere
444 2419 597 2498 dolebat,
614 2433 649 2484 et
664 2422 748 2484 dum
763 2423 899 2486 videret
920 2421 1181 2483 adolescentem
1197 2421 1296 2483 latini
1310 2418 1503 2498 graecique

271 2525 449 2589 sermonis
471 2539 506 2590 et
530 2545 601 2591 non
628 2529 817 2592 mediocris
841 2527 1099 2608 expectationis
1120 2527 1172 2590 sic
1194 2527 1382 2603 dolentem,
1407 2524 1502 2605 quod

269 2632 367 2695 ultra
391 2633 614 2699 obedientiae
637 2635 767 2700 limites
786 2651 998 2717 progressus
1017 2644 1111 2696 esset
1131 2633 1168 2696 in
1189 2633 1330 2707 studiis,
1354 2643 1389 2694 et
1408 2631 1504 2694 hanc

270 2742 453 2820 propriam
469 2743 687 2807 voluntatem
702 2744 808 2806 etiam
824 2752 937 2806 morte
959 2742 1173 2821 subsequuta
1196 2741 1369 2821 punitam;
1390 2740 1501 2802 multo

270 2847 389 2926 magis
415 2849 566 2912 inbono
590 2850 775 2930 proposito
802 2851 983 2913 uelatum
1008 2848 1149 2929 quidem
1174 2864 1329 2928 unguem
1355 2848 1400 2909 ab
1421 2845 1501 2908 obe-

269 2952 404 3018 dientia
418 2956 608 3019 recedendi
623 2957 851 3021 confirmatus
866 2969 932 3021 est.

334 3060 402 3124 108.
445 3062 559 3144 Hujus
574 3066 653 3127 loco
670 3064 765 3128 dedit
780 3064 955 3129 Dominus
974 3064 1081 3127 alium
1099 3062 1266 3144 juvenem
1287 3062 1499 3141 Romanum,

266 3166 443 3251 Joannem
458 3169 655 3251 baptistam
669 3171 862 3235 Peruscum
877 3171 1031 3248 nornine,
1055 3170 1209 3233 nobilem
1230 3180 1266 3231 et
1286 3170 1502 3233 humaniori·

267 3257 340 3338 bus¹
350 3275 478 3339 litteris
493 3277 704 3356 praeditum,
721 3278 830 3359 etqui
842 3276 916 3357 jam
932 3277 977 3340 ab
992 3277 1127 3357 aliquot
1142 3277 1245 3339 annis
1259 3276 1380 3339 mundi
1402 3278 1498 3339 vani·

266 3390 380 3445 tatem
395 3399 627 3462 cognoscens
645 3386 689 3449 de
704 3396 799 3449 statu
812 3386 911 3449 vitae
925 3383 1095 3449 mutando
1110 3384 1303 3462 cogitabat.
1325 3382 1393 3445 Hic
1414 3400 1502 3464 ergo

268 3504 351 3551 cum
377 3488 499 3569 Tybur
523 3508 589 3571 pro
615 3508 713 3555 more
739 3509 803 3554 suo
829 3492 999 3570 venisset,
1016 3508 1097 3554 cum
1111 3489 1149 3553 P.
1166 3488 1371 3569 Laurentio,
1388 3491 1502 3554 nostri

271 3594 601 3677 CollegiiRectore,
618 3598 783 3663 derebus
803 3598 1045 3680 spiritualibus
1066 3597 1166 3678 prius
1187 3597 1362 3678 quaedam
1385 3597 1502 3661 confe-

270 3720 365 3780 rens,
382 3702 523 3767 demum
537 3713 651 3769 totum
665 3724 768 3771 suum
783 3707 940 3770 animum
955 3706 988 3769 ei
1010 3704 1154 3783 detexit3
1178 3712 1212 3766 et
1227 3721 1269 3766 eo
1286 3704 1441 3786 devenit,
1464 3714 1503 3768 ut

269 3809 402 3872 nullius
412 3821 599 3890 praeterea
611 3813 768 3877 consiliis
780 3814 831 3876 uti
841 3814 969 3876 volens
981 3812 1077 3890 (nam
1088 3831 1109 3874 a
1124 3810 1334 3892 quibusdam
1347 3810 1435 3874 viris
1449 3829 1500 3874 re-

268 3916 410 3996 ligiosis
425 3917 645 3983 dissuassum
660 3920 692 3983 ei
706 3918 835 4000 fuerat,
856 3936 900 3983 ne
923 3919 1086 3998 religioni
1110 3918 1169 3982 ulli
1190 3934 1229 3980 se
1251 3918 1443 3996 addiceret,
1467 3929 1501 3982 et

268 4025 321 4087 ita
339 4040 419 4086 eum
434 4042 455 4087 a
470 4042 535 4088 suo
555 4027 647 4090 bono
670 4029 854 4108 proposito
877 4027 1119 4105 revocabant),
1143 4043 1182 4089 se
1202 4035 1317 4089 totum
1338 4028 1502 4090 manibus

268 4129 308 4194 P.
325 4129 456 4210 Ignatii
468 4134 679 4214 resignavit,
694 4144 734 4199 ut
753 4136 784 4198 si
799 4134 867 4215 ipsi
885 4134 1078 4213 videretur,
1094 4134 1131 4197 in
1145 4131 1322 4197 Societate
1336 4134 1413 4197 Deo
1429 4153 1499 4202 ser·

267 4236 373 4317 viret3
389 4250 423 4301 et
438 4239 501 4317 ita,
518 4256 600 4303 cum
614 4240 770 4321 egregiis
786 4239 854 4303 Dei
869 4240 972 4304 donis
990 4240 1173 4321 praeditus
1195 4252 1300 4319 esset,
1326 4242 1362 4303 in
1382 4240 1499 4305 Socie-

268 4354 380 4408 tatem
393 4344 528 4411 Romae
544 4346 719 4411 admissus
735 4358 787 4411 est
802 4345 824 4411 ³.

312 4546 321 4577 ¹
349 4545 415 4591 Vide
425 4560 514 4603 snpra,
525 4557 543 4594 t.
554 4560 592 4601 rv,
602 4562 663 4605 pag.
673 4550 708 4604 81,
719 4563 744 4595 n.
755 4552 802 4603 151,
813 4557 839 4598 et
849 4564 908 4608 pag.
923 4553 970 4606 107,
982 4565 1006 4597 n.
1018 4552 1066 4596 200.

311 4618 324 4650 ¹
350 4618 416 4664 Vide
426 4632 514 4677 supra,
528 4628 546 4667 t.
556 4634 594 4673 ιιι,
605 4634 664 4679 pag.
675 4625 711 4677 20,
723 4637 746 4669 n.
757 4626 790 4675 28.
800 4635 826 4669 et
837 4628 863 4670 ln
873 4627 921 4670 hoc
932 4628 987 4670 vol.
1000 4640 1026 4678 v,
1036 4637 1096 4681 pag.
1106 4626 1142 4680 50,
1153 4638 1177 4670 n.
1188 4627 1236 4671 101.

311 4688 323 4719 ³
349 4690 386 4736 De
398 4692 428 4737 Ρ.
440 4692 539 4747 Jonnne
549 4695 670 4750 Baptista
681 4697 793 4742 Peruscn
806 4699 911 4753 ejusque
921 4700 1003 4749 gestis
1013 4708 1039 4744 et
1049 4699 1155 4754 scriptis
1164 4698 1248 4745 videri
1256 4710 1362 4755 possunt
1372 4702 1498 4757 Scnrrosr.
