3717 5400
376 472 431 532 656
844 471 972 530 Canos.
993 469 1070 529 Soc.
1091 470 1160 542 jes.

377 625 434 680 tor
460 616 662 678 debilitatus
684 614 757 694 jam
783 624 871 688 erat,
898 625 936 676 ut
961 623 1130 693 tanquam
1155 624 1317 676 mortuus
1341 614 1377 676 in
1402 613 1604 678 cubiculum

377 721 585 802 deportatus
599 721 716 799 suerin
733 721 971 797 nihilominus
989 721 1143 800 receptis
1158 720 1304 797 viribuS,
1321 722 1357 783 in
1369 722 1505 800 reliquo
1521 723 1605 784 anni

377 840 536 909 tempore
552 827 722 909 usquead
738 827 931 890 adventum
947 827 1097 891 aliorum
1117 827 1417 907 praedicationem
1434 831 1442 858 ¹
1459 827 1605 898 domini-

377 936 440 1014 cis,
450 935 551 999 iestis
561 944 596 998 et
608 935 772 998 mercurii
789 932 911 996 diebus
926 935 1118 998 conciones
1132 935 1366 1012 continuavit,
1380 951 1422 997 ea
1435 933 1446 964 ¹
1459 935 1603 1011 omissa,

376 1061 468 1123 quae
488 1043 610 1106 diebus
631 1042 772 1104 veneris
790 1040 906 1118 fiebat,
927 1050 966 1103 ut
982 1042 1131 1123 populus
1153 1059 1174 1104 a
1193 1041 1375 1104 laboribus
1393 1042 1602 1121 quiesceret.

396 1173 405 1218 ,·
439 1147 526 1212 1804.
570 1147 786 1228 Praecipuus
811 1158 929 1210 tamen
954 1147 1090 1210 fructus
1118 1163 1164 1209 ex
1188 1147 1383 1210 ministerio
1415 1148 1604 1210 consessio·

376 1273 460 1322 num
480 1257 698 1336 capiebatur,
720 1254 846 1334 quibus
866 1263 940 1318 tam
961 1253 1038 1333 ipse
1058 1251 1162 1316 Pater
1179 1251 1191 1282 ⁸
1211 1252 1400 1320 Baithasar
1419 1272 1525 1335 quarn
1545 1256 1605 1318 alii

376 1373 450 1427 tres
464 1363 680 1438 sacerdotes,
699 1360 758 1440 qui
774 1371 855 1423 ante
870 1360 997 1423 classis
1011 1360 1204 1424 adventum
1219 1359 1268 1423 ibi
1283 1372 1396 1438 erant,
1413 1361 1603 1438 vacabant;

376 1483 411 1536 et
429 1469 594 1552 quamvis
619 1485 744 1548 parurn
764 1467 893 1530 usitata
913 1476 1006 1530 esset
1026 1467 1202 1539 consessio
1223 1477 1258 1529 et
1276 1467 1356 1530 ideo
1384 1467 1483 1532 multi
1503 1484 1602 1547 repu-

375 1591 527 1657 gnarent
542 1577 577 1639 in
593 1577 702 1652 initio,
716 1573 790 1653 ejus
810 1574 1007 1654 frequentia
1023 1573 1193 1654 paulatim
1209 1573 1301 1637 affici
1315 1574 1429 1638 eidem
1441 1575 1604 1637 homines

374 1694 584 1765 coeperunt;
601 1683 698 1745 etita
717 1680 873 1761 quotidie
888 1683 1020 1744 multae
1035 1680 1276 1748 consessiones
1295 1682 1331 1745 in
1350 1693 1474 1746 nostra
1493 1683 1602 1744 eccle·

374 1793 428 1856 sia
442 1791 686 1868 audiebantur,
703 1799 739 1851 et
755 1787 906 1868 plurimi,
923 1787 1073 1868 singulis
1088 1788 1211 1852 diebus
1226 1789 1366 1852 sabbati
1380 1787 1602 1867 confitentes

374 1899 499 1962 diebus
514 1897 700 1967 dominicis
720 1895 1040 1958 communicabant.

439 2004 526 2067 1805.
577 2003 770 2082 Pergratus
800 2003 907 2065 etiam
944 2002 1081 2065 fructus
1122 2002 1327 2080 capiebatur
1362 2003 1602 2066 exdoctrina

376 2112 583 2189 christiana,
605 2111 640 2173 in
659 2110 817 2174 moribus
836 2109 1047 2189 praesertim
1067 2126 1259 2188 puerorum
1278 2118 1313 2172 et
1338 2109 1603 2172 adolescentum

375 2220 413 2283 in
430 2219 555 2282 melius
569 2219 674 2296 longe
691 2216 849 2294 mutatis;
867 2226 901 2281 et
917 2217 980 2278 vix
993 2231 1092 2295 puer,
1110 2216 1170 2295 qui
1185 2216 1384 2295 quindecim
1404 2232 1517 2278 annos
1531 2233 1603 2278 non

375 2326 574 2402 excederet,
591 2309 848 2402 inveniebatur,
866 2322 925 2403 qui
941 2330 1052 2386 totam
1069 2322 1301 2392 christianam
1317 2323 1515 2385 doctrinam
1529 2340 1602 2385 non

374 2433 580 2497 memoriter
595 2440 748 2508 teneret;
765 2448 849 2494 nam
864 2430 997 2510 optimo
1012 2429 1156 2508 ingenio
1172 2445 1214 2491 ea
1231 2430 1267 2492 in
1287 2429 1432 2507 regione
1452 2429 1603 2508 praediti

374 2551 467 2616 sunt,
481 2549 515 2603 et
527 2550 565 2602 ut
576 2546 787 2619 praeceptor
798 2539 995 2607 multorum
1006 2555 1051 2598 ex
1062 2537 1114 2599 eis
1129 2533 1248 2612 rel'ert,
1262 2534 1299 2599 P.
1317 2535 1470 2599 Michael
1480 2536 1601 2615 Barul,
1673 2580 1677 2586 -

374 2648 435 2729 qui
450 2649 486 2712 in
500 2646 658 2727 Collegio
674 2644 845 2709 Perusino
860 2639 918 2708 *et
937 2643 1022 2707 alibi
1035 2643 1216 2723 docuerat,
1232 2643 1382 2707 feliciori
1397 2642 1539 2723 ingenio
1553 2643 1602 2707 ibi

374 2767 455 2820 sunt
475 2756 576 2835 pueri
596 2771 702 2835 quam
722 2754 757 2816 in
779 2754 924 2833 Europa
945 2753 1021 2832 ipse
1038 2751 1193 2831 ¹viderat;
1215 2762 1252 2814 et
1271 2752 1372 2831 pueri
1392 2752 1543 2815 animosi
1566 2762 1603 2815 et

374 2864 561 2941 diligentes
583 2863 618 2924 in
638 2860 762 2923 studiis
785 2869 896 2936 erant,
919 2868 954 2922 et
974 2876 1046 2922 non
1066 2859 1179 2921 solum
1200 2858 1267 2938 ipsi
1287 2858 1518 2921 christianam
1540 2859 1602 2921 do·

374 2970 525 3033 ctrinam
547 2969 793 3046 addiscebant,
818 2967 881 3030 sed
903 2975 938 3028 et
958 2964 1054 3029 domi
1076 2984 1163 3029 suae
1185 2965 1378 3041 docebant;
1403 2965 1489 3029 etsi
1512 2982 1603 3044 quos

373 3077 534 3139 viderent
559 3092 666 3156 agere
689 3084 750 3138 aut
770 3075 867 3155 loqui
893 3074 1082 3154 quicquam
1107 3090 1305 3153 perperam,
1331 3083 1521 3152 peccantes
1541 3072 1603 3134 acl·

373 3183 576 3261 monebant;
600 3192 634 3245 et
653 3182 809 3261 experiri
829 3181 1041 3244 videbantur
1066 3180 1179 3243 nostri
1199 3197 1325 3243 verum
1346 3198 1424 3243 esse
1448 3179 1542 3261 quod
1559 3179 1601 3245 P.

372 3290 586 3355 Franciscus
610 3288 747 3353 Xavier
772 3289 959 3365 sentiebat,
982 3306 1028 3351 ex
1052 3285 1253 3367 hujusmodi
1272 3288 1537 3351 adolescentum
1557 3304 1603 3351 ac

373 3414 564 3479 puerorum
579 3396 741 3476 proiectu
756 3406 942 3477 parentum
958 3397 1110 3458 salutem
1124 3394 1294 3474 pendele;
1311 3404 1345 3456 et
1361 3394 1440 3457 ideo
1455 3410 1602 3474 magno·

372 3524 456 3587 pere
472 3521 595 3568 eorum
610 3503 866 3569 institutionem
881 3500 1158 3564 commendavit.
1245 3566 1248 3576 ,

436 3611 523 3675 1806.
566 3611 620 3674 1111
648 3610 717 3673 duo
746 3608 993 3672 catechumeni
1021 3608 1150 3687 Giogui
1176 3605 1409 3687 ‘dequibus
1438 3608 1603 3687 superius

372 3720 466 3785 sacta
481 3730 537 3782 est
551 3719 693 3795 mentio,
715 3717 890 3797 baptismo
907 3725 986 3796 post
1009 3716 1280 3779 instructionem
1303 3716 1424 3779 donati
1444 3725 1543 3795 suut;
1564 3726 1602 3780 et

372 3826 600 3889 nihilominus
620 3826 820 3905 complures
840 3823 915 3886 dies
937 3824 1003 3886 sub
1023 3822 1062 3885 P.
1080 3821 1190 3885 Paulo
1205 3820 1216 3851 ⁰
1232 3834 1266 3885 et
1281 3823 1371 3885 inter
1388 3838 1516 3902 pueros
1530 3824 1601 3886 col·

371 3934 517 4012 legiales
533 3933 641 3995 multa
656 3930 866 3994 didicerunt.
883 3929 1053 4009 Magnam
1073 3929 1123 3992 illi
1145 3929 1242 3991 orbis
1263 3938 1400 4009 partem
1418 3945 1603 4009 percurre-

371 4051 453 4107 rant
473 4040 630 4103 simulet
650 4038 771 4101 varios
790 4036 973 4101 hominum
992 4052 1111 4099 mores
1134 4036 1431 4115 observaverant;
1456 4034 1607 4113 tandem„

411 4284 420 4317 ¹
448 4278 508 4327 Vox
522 4282 587 4326 haec
601 4278 844 4335 praedicationem,
860 4284 905 4323 aut
926 4288 992 4333 quae
1007 4279 1085 4333 paulo
1100 4276 1169 4322 inira
1183 4284 1232 4331 est,
1249 4279 1388 4323 conciones
1403 4279 1549 4323 redundare
1562 4279 1603 4325 vl·

371 4356 455 4401 detur.

411 4430 423 4461 ¹
449 4416 659 4471 Mc.bcbetac.'

410 4496 422 4529 ³
448 4497 497 4541 Ubl
509 4506 556 4540 nos
566 4495 701 4539 scribimus
711 4494 803 4544 Pater,
813 4506 859 4539 ms.
870 4494 950 4539 habet
961 4494 1040 4540 alter.
1436 4551 1442 4555 ἡ

410 4570 422 4601 ⁴
448 4568 515 4611 Vide
526 4577 613 4621 supra,
624 4572 643 4609 t.
654 4576 690 4620 ru,
699 4576 760 4619 pag.
771 4566 806 4619 l7,
817 4572 903 4609 annot.
915 4566 936 4619 ²3
947 4573 973 4609 et
987 4572 1005 4609 t.
1015 4576 1050 4618 ιν,
1062 4578 1121 4621 pag.
1132 4566 1154 4621 8,
1166 4567 1226 4609 n.7.
1303 4601 1306 4607 .
1407 4552 1410 4555 ⁴

409 4640 421 4673 ὅ
448 4640 515 4683 Vide
525 4649 612 4692 supra,
623 4648 686 4691 pag.
698 4637 746 4689 651,
757 4648 782 4679 ιι.
796 4636 854 4681 1785.

409 4715 421 4746 ⁸¹
448 4709 708 4760 P-Pnulocnmerte.
