3717 5400
795 518 855 575 Aa.
880 518 966 577 lfoa-
1431 518 1500 576 509-

256 663 401 739 tionem,
418 663 655 737 nobilissimos
676 680 834 743 quosque
856 673 890 725 et
910 662 1055 744 majoris
1076 664 1298 727 auctoritatis
1319 664 1364 727 ad
1384 664 1484 727 fami·

257 771 448 834 liaritatem
464 780 498 833 et
513 770 736 834 devotionem
751 770 877 833 domus
892 769 1112 834 adducendo.

321 878 409 940 1555.
452 877 572 941 Infans
587 890 704 941 autem
719 878 763 941 D.
781 876 996 956 Ludovicus,
1014 880 1107 959 quod
1129 880 1229 960 prius
1248 898 1318 943 non
1338 879 1484 953 lecerat,

258 976 390 1047 nostris
404 983 564 1047 confiteri
579 985 705 1065 coepit,
724 1002 789 1047 nec
804 986 956 1063 aliquem
971 986 1179 1050 nominatim
1194 987 1405 1065 postulavit,
1422 986 1485 1049 sed

260 1090 303 1153 ad
321 1090 564 1172 Praepositum
581 1091 706 1156 domus
720 1092 826 1165 misit,
844 1101 882 1155 ut
896 1093 943 1155 ad
957 1108 996 1156 se
1011 1093 1232 1157 sacerdotem
1244 1095 1397 1175 aliquem
1409 1095 1486 1158 mit-

260 1208 361 1274 teret,
379 1200 435 1261 cui
451 1198 689 1276 confiteretur,
706 1208 741 1261 et
762 1200 805 1262 de
827 1197 926 1279 cujus
940 1217 1049 1264 manu
1069 1202 1329 1264 sanctissimam
1349 1201 1489 1265 Eucha-

259 1304 396 1368 ristiam
412 1306 618 1385 susciperet.
635 1306 679 1369 Et
699 1322 779 1369 cum
798 1306 837 1370 Ρ.
858 1306 1010 1370 Michael
1024 1305 1152 1371 Stevez
1168 1306 1176 1337 ¹
1193 1308 1240 1371 ad
1258 1326 1338 1372 eum
1357 1310 1488 1373 missus

259 1419 364 1489 esset,
381 1412 440 1491 qui
456 1430 519 1492 per
534 1413 655 1476 urbem
672 1414 805 1516 passim
817 1412 885 1476 hoc
898 1412 1014 1492 ipsum
1027 1413 1179 1479 officium
1191 1416 1391 1493 exercebat,
1405 1431 1488 1479 cum

259 1519 415 1583 secundo
431 1520 477 1583 ad
497 1520 639 1583 domum
653 1521 764 1597 misit,
782 1521 989 1584 nominatim
1010 1522 1173 1585 eumdem
1192 1522 1413 1592 Michaelem.
1431 1524 1489 1586 cui

261 1625 420 1689 confiteri
435 1634 612 1706 coeperat,
630 1627 838 1707 postulavit:
862 1638 896 1691 et
917 1629 967 1690 ita
990 1629 1058 1691 hoc
1073 1628 1141 1691 Dei
1161 1629 1286 1693 lavore
1306 1639 1341 1692 et
1360 1630 1488 1711 princi·

260 1749 343 1811 pum
359 1733 528 1809 virorum,
547 1750 634 1814 quos
649 1734 724 1813 ipsc
739 1734 916 1812 movebat,
930 1752 1064 1831 eorum,
1079 1739 1138 1816 qui
1151 1754 1171 1799 a
1184 1735 1361 1801 Societate
1373 1754 1491 1801 reces-

262 1848 394 1916 serant,
411 1856 530 1903 rumor
545 1842 722 1904 extinctus
738 1849 803 1919 est,
819 1857 884 1904 nec
900 1840 976 1905 lore
987 1840 1062 1922 iam
1077 1844 1264 1925 quisquam
1280 1860 1403 1907 eorum
1417 1861 1489 1907 me-

263 1962 340 2007 mor
354 1953 442 2025 erat,
459 1946 526 2009 nisi
542 1962 622 2009 cum
638 1946 681 2009 de
701 1947 882 2011 redeundo
901 1946 923 2025 ¹,
941 1958 979 2011 ut
994 1950 1157 2029 superius
1171 1950 1342 2027 diximus,
1360 1951 1494 2031 aliquis

261 2068 384 2115 eorum
400 2061 533 2131 ageret.
1025 2032 1029 2044 ⁸

325 2158 412 2221 1566.
457 2160 501 2223 Et
521 2160 711 2223 aemulatio
732 2163 907 2241 quaedam
926 2163 985 2244 pia
1010 2164 1101 2228 inter
1126 2182 1198 2239 eos,
1225 2166 1284 2245 qui
1306 2164 1351 2226 ad
1371 2182 1488 2228 sacra·

269 2276 387 2348 menta
401 2267 632 2345 accedebant,
650 2269 876 2349 cernebatur3
892 2288 977 2334 nam
996 2271 1055 2335 alii
1074 2272 1163 2335 alios
1182 2273 1431 2353 sequebantur,
1455 2284 1493 2335 et·

266 2374 357 2436 inter
371 2374 437 2436 hos
452 2374 559 2455 aliqui
584 2375 691 2439 etiam
709 2376 851 2440 suerunt
870 2378 931 2457 qui
950 2387 1081 2441 statum
1100 2381 1238 2459 peccati
1259 2380 1493 2460 reliquerunt,

263 2478 432 2561 Virgines
457 2482 563 2545 etiam
589 2483 724 2545 nobiles
750 2500 792 2547 ea
818 2483 1006 2548 devotione
1032 2485 1328 2565 accendebantur,
1351 2498 1389 2550 ut
1407 2487 1493 2551 licet

262 2586 420 2667 ipsarum
436 2590 692 2669 consanguinei
707 2608 768 2654 eas
788 2576 1100 2672 persequerentur,
1120 2593 1348 2658 nibilominus
1367 2594 1403 2657 in
1418 2596 1490 2674 pie·

263 2695 347 2758 tatis
372 2696 684 2761 exercitationibus
709 2709 991 2779 perseverarent.
1018 2701 1122 2764 Aliae
1147 2702 1255 2765 etiam
1278 2700 1492 2782 conjugatae

264 2801 363 2865 viros
387 2819 472 2866 suos
497 2803 542 2866 ad
567 2803 825 2870 confessionem
850 2807 1085 2886 adducebant,
1114 2818 1149 2873 et
1174 2818 1309 2900 contra,
1337 2809 1397 2873 alii
1422 2810 1494 2872 viri

263 2927 347 2972 suas
361 2927 503 2986 uxoreS,
521 2929 542 2974 a
557 2913 688 2976 nostris
703 2915 916 2995 postulando
937 2925 975 2978 ut
989 2933 1051 2978 eas
1070 2916 1243 2980 audirent.
1261 2917 1305 2980 Et
1327 2918 1496 2996 quamvis

263 3018 309 3081 ad
336 3018 460 3081 domos
488 3023 750 3098 aegrotantium
777 3021 968 3102 aliquando
997 3041 1036 3086 se
1064 3010 1267 3088 conferrent
1296 3024 1428 3103 nostri,
1452 3035 1490 3086 ut

263 3142 386 3189 eorum
401 3125 564 3190 audirent
579 3127 830 3208 conlessioneS,
848 3131 965 3194 rarius
979 3140 1098 3194 tamen
1119 3149 1225 3213 quam
1245 3132 1442 3195 voluissent
1456 3130 1491 3195 id

263 3231 383 3296 lacere
402 3243 567 3313 poterant
589 3245 734 3315 propter
753 3235 925 3300 ecclesiae
945 3235 1005 3300 SJ¹
1023 3236 1137 3302 Rocbi
1155 3247 1189 3302 et
1211 3239 1301 3301 alias
1326 3237 1491 3302 assiduas

265 3341 528 3422 occupationes.
556 3339 624 3420 Qui
649 3352 769 3406 autern
789 3343 1062 3424 frequentabant
1086 3354 1331 3423 sacramenta,
1352 3346 1389 3408 in
1411 3345 1496 3408 aliis

264 3448 371 3512 etiam
386 3449 651 3514 misericordiae
666 3450 832 3529 operibus
847 3469 885 3514 se
900 3451 1089 3532 diligenter
1103 3453 1328 3517 exercebant.

328 3555 415 3617 1567.
460 3553 547 3619 Cum
566 3555 758 3637 Jubilaeum
773 3557 855 3640 Julii
877 3559 972 3622 tertii
986 3556 998 3589 ⁸
1012 3559 1250 3639 Ulyssiponae
1270 3560 1493 3640 promulgas·

265 3671 354 3739 sent,
371 3679 479 3742 supra
495 3663 588 3726 mille
601 3663 695 3743 apud
707 3661 799 3728 S.¹¹¹¹¹¹
810 3663 972 3729 Rocbum
986 3668 1305 3746 communicarunt;
1318 3676 1365 3745 et,
1377 3666 1407 3728 si
1418 3667 1494 3746 plu·

265 3785 324 3833 res
342 3770 546 3834 sacerdotes
567 3770 731 3848 luissent,
753 3770 924 3851 majorem
944 3773 1063 3853 utique
1082 3791 1233 3837 messem
1253 3773 1492 3854 collegissent.

265 3875 377 3939 Erant
392 3885 509 3940 autem
525 3878 615 3941 inter
631 3878 868 3942 confessarios
889 3879 993 3944 Pater
1008 3879 1217 3944 Patriarcba
1239 3879 1251 3911 ⁴
1271 3880 1497 3961 designatus,

264 3983 419 4066 Joannes
433 3981 593 4064 NugneS,
611 3994 646 4048 et
666 3983 704 4048 P.
728 3983 890 4050 Andreas
911 3986 954 4050 de
975 3986 1112 4052 Oviedo
1131 3987 1345 4070 Episcopus;
1366 3997 1496 4052 ettam

306 4261 315 4292 ⁴
345 4258 411 4305 Vlde
422 4271 510 4316 snpra,
521 4267 539 4306 t.
551 4271 589 4314 ru,
601 4273 660 4317 pag.
670 4261 719 4314 to9,
729 4275 753 4306 n.
763 4261 813 4307 901.

305 4334 316 4365 ¹
343 4331 414 4386 Scil,
424 4333 450 4376 ln
460 4331 626 4386 Socletatem,
638 4343 665 4378 ut
674 4345 761 4388 supra.
771 4347 794 4378 n.
808 4334 867 4388 1550,
879 4337 964 4380 visum
974 4345 1023 4381 est.

306 4403 318 4436 ⁸
343 4403 435 4448 Nullus
445 4403 498 4448 lere
509 4406 581 4448 locus
591 4405 724 4450 dubitandi
735 4411 775 4450 est
786 4407 846 4460 qnlu
854 4405 896 4450 bic
906 4419 992 4452 sermo
1002 4407 1047 4454 fiet
1058 4410 1089 4453 de
1097 4409 1220 4466 anlluen,
1230 4411 1261 4454 de
1271 4421 1321 4465 qno
1332 4410 1369 4455 lta
1380 4409 1497 4454 Renoua·

266 4487 376 4525 eneces.
388 4478 403 4519 l.
414 4487 446 4527 e..
457 4487 516 4530 pag.
527 4475 576 4528 515,
587 4485 675 4520 annot.
686 4477 706 4521 2:
717 4475 795 4522 “Cum
811 4486 921 4522 exeunte
932 4491 998 4523 anno
1010 4480 1060 4524 1551
1076 4480 1174 4534 Anglln
1188 4482 1222 4526 ud
1237 4481 1373 4526 ecclesium
1388 4481 1501 4525 curboli-

263 4557 323 4591 curn
333 4548 442 4591 reducta
453 4553 530 4600 esset,
545 4547 706 4602 indulgentia
717 4550 749 4593 ud
767 4551 868 4594 modum
878 4549 989 4604 Junlleel
1000 4562 1047 4606 per
1063 4551 1240 4598 Christianum
1254 4555 1343 4598 orbern
1357 4553 1382 4596 in
1396 4553 1496 4608 gretia·

266 4629 323 4663 runt
334 4619 462 4664 actionem
473 4619 605 4672 publicata
622 4628 662 4664 est
680 4619 818 4674 (Nicolaus
829 4620 978 4666 Sanderus.
988 4621 1027 4667 De
1037 4625 1137 4678 orlqlne
1145 4635 1177 4668 re
1187 4635 1327 4679 progressu
1342 4623 1501 4670 Schlrmntls

266 4689 406 4744 anglicani
417 4691 461 4734 llb.
471 4689 492 4742 2,
504 4701 566 4744 pers
575 4691 589 4734 2
599 4689 762 4746 [lnqotstadlt
773 4691 842 4746 lom.
853 4704 877 4748 p.
888 4691 960 4748 2581,

311 4763 318 4796 ¹
345 4763 513 4817 Aethioplue.
