3717 5400
361 504 417 564 tvo
821 506 951 567 Cunou.
971 507 1047 567 Soc.
1067 512 1137 580 jas.

359 650 464 715 facile
487 669 610 716 eorum
632 654 933 718 existimationem
953 653 1193 734 significabat,
1216 663 1251 717 et
1270 654 1411 718 domum
1433 662 1597 720 nostram

359 758 504 823 domum
518 760 783 824 benedictorum
797 762 1035 842 appellabant.
1051 762 1095 825 Et
1110 762 1247 825 nobiles
1265 763 1372 825 etiam
1394 761 1479 839 viri,
1502 777 1591 841 quos

360 882 431 929 non
446 864 640 929 dedecebat
656 884 742 931 usus
757 870 837 932 auri
851 879 887 932 et
900 868 1097 932 sericorum
1111 869 1420 943 vestimentorum,
1437 886 1518 931 cum
1533 869 1592 932 ad·

361 973 444 1037 ituri
458 984 561 1036 erant
576 975 732 1055 aliquem
747 993 793 1037 ex
815 976 957 1053 nostris,
982 976 1165 1039 vilissimis
1183 975 1360 1053 vestibuS,
1377 992 1468 1054 quas
1488 974 1601 1039 habe.

364 1081 460 1158 bant,
476 1079 725 1159 induebantur,
743 1082 838 1161 quod
853 1083 1103 1145 erubescerent
1117 1099 1239 1145 coram
1254 1084 1317 1163 εἰς,
1334 1099 1423 1164 quos
1442 1098 1593 1160 magnos

362 1185 430 1249 Dei
445 1204 571 1250 servos
585 1186 788 1265 credebant,
807 1206 889 1253 cum
902 1189 1007 1251 vanis
1022 1189 1179 1252 vestibus
1200 1199 1235 1252 et
1250 1190 1467 1253 ornamentis
1487 1206 1592 1269 appa·

363 1311 455 1356 rere.
470 1294 515 1357 Et
537 1295 637 1357 initio
659 1296 771 1375 aliqui
790 1295 1038 1359 detinebantur
1057 1296 1102 1359 ad
1122 1307 1265 1360 nostros
1287 1296 1468 1373 accedere,
1493 1305 1528 1358 et
1549 1296 1595 1359 de

363 1400 436 1463 suis
453 1401 557 1463 rebus
573 1419 654 1465 cum
668 1403 802 1466 nostris
817 1419 938 1481 agere,
956 1420 998 1467 ac
1014 1404 1065 1466 eis
1080 1404 1255 1481 confiteri,
1273 1402 1366 1483 quod
1382 1403 1541 1466 dicerent
1555 1420 1594 1466 se

360 1517 569 1586 peccatores
583 1526 733 1588 magnos
747 1526 837 1586 esse,
855 1520 890 1573 et
904 1527 978 1574 non
992 1508 1123 1573 audere
1138 1527 1219 1574 cum
1235 1512 1370 1573 sanctis
1390 1509 1592 1573 hominibus

361 1612 583 1677 familiariter
600 1631 721 1695 agere;
737 1625 772 1679 et
786 1627 824 1680 ut
838 1617 1039 1681 severiores
1054 1619 1089 1681 in
1104 1621 1201 1681 cultu
1218 1618 1363 1697 proprio
1383 1624 1525 1679 nostros
1545 1618 1593 1679 vi·

362 1720 504 1794 debant,
521 1722 572 1784 sic
588 1722 758 1786 timebant
770 1741 814 1786 ne
826 1734 996 1787 externos
1010 1724 1133 1788 eadem
1149 1740 1315 1788 mensura
1328 1723 1442 1786 metiri
1452 1723 1593 1785 vellent.

361 1826 431 1891 Sed
446 1838 636 1908 postquam
650 1841 854 1910 coeperunt,
871 1832 1089 1911 experientia
1102 1832 1262 1906 docente,
1276 1832 1472 1910 intelligere
1488 1848 1598 1910 quam

363 1936 523 1998 suaviter
537 1936 669 1999 Christi
683 1938 777 2000 lacte
792 1940 982 2013 alerentur,
1000 1939 1059 2019 qui
1071 1938 1116 2001 ad
1129 1948 1271 2001 nostros
1283 1937 1512 2014 accedebant,
1528 1937 1596 2017 ipsi

362 2040 467 2104 facile
479 2040 553 2121 jam
568 2043 902 2106 animadvertebant
915 2045 1009 2125 quod
1025 2044 1164 2124 decepti
1179 2062 1199 2108 a
1215 2043 1387 2107 daemone
1399 2043 1547 2107 fuissent
1561 2052 1596 2107 et

364 2165 385 2210 a
405 2150 551 2229 proprio
563 2149 709 2229 jndicio,
725 2168 807 2213 cum
822 2150 1025 2215 adnostros
1039 2151 1210 2215 accedere
1225 2152 1405 2214 timebant.

426 2256 513 2319 1291.
559 2256 650 2321 Cum
664 2268 802 2337 emptor
823 2258 949 2321 domus
974 2269 1117 2321 nostrae
1136 2258 1182 2321 ad
1201 2275 1260 2321 res
1275 2258 1497 2321 necessarias
1519 2265 1597 2321 coe·

369 2364 518 2425 mendas
531 2364 609 2440 iret,
627 2364 688 2445 qui
699 2381 762 2426 eas
776 2365 990 2439 vendebant,
1007 2365 1121 2443 gratis
1136 2365 1168 2427 ei
1193 2364 1327 2427 donare
1342 2365 1378 2427 in
1399 2364 1523 2444 primis
1535 2382 1598 2427 vo·

366 2471 497 2546 lebant,
515 2468 609 2549 quod
625 2470 784 2534 dicerent
800 2470 1062 2535 inserviendum
1077 2488 1154 2535 esse
1172 2470 1367 2534 benedictis
1385 2468 1406 2547 ¹,
1428 2480 1462 2533 et
1479 2486 1598 2549 perso·

365 2590 431 2639 nas
446 2587 480 2639 et
497 2575 685 2640 facultates
702 2578 737 2641 in
757 2596 799 2641 eo
811 2577 1056 2659 impendend03
1073 2578 1135 2641 sed
1150 2596 1231 2642 cum
1246 2579 1353 2641 nollet
1368 2586 1505 2657 emptor
1517 2593 1604 2655 gra·-

365 2683 412 2748 tis
426 2685 602 2765 accipere,
620 2684 786 2750 dicebant
799 2696 838 2750 ut
853 2688 1009 2750 solveret
1023 2686 1117 2768 quod
1131 2687 1249 2750 vellet.

430 2790 519 2855 1292.
570 2793 659 2856 Cum
679 2803 985 2873 paraturusesset
1000 2793 1097 2874 ligna
1116 2793 1313 2876 Episcopus
1333 2791 1379 2856 ad
1399 2791 1598 2856 aedificium

366 2898 540 2977 quaedam
558 2899 680 2979 pineta
695 2899 821 2963 obtulit
836 2901 869 2963 ei
884 2901 1024 2977 civitas,
1040 2917 1132 2980 quae
1147 2900 1248 2964 caedi
1264 2900 1308 2964 ab
1323 2900 1402 2962 aliis
1417 2916 1488 2962 non
1502 2909 1602 2979 pote«

366 3014 459 3083 rant,
475 3015 514 3069 ut
539 3007 622 3069 inde
651 3007 815 3070 caederet
834 3007 1004 3088 quidquid
1024 3007 1194 3070 materiae
1214 3006 1258 3070 ad
1281 3005 1482 3070 aedificium
1505 3016 1599 3072 esset

367 3114 622 3191 necessarium,
640 3124 674 3177 et
689 3113 831 3194 quidem
846 3115 882 3178 id
896 3115 1010 3194 gratis
1024 3132 1068 3178 ac
1082 3116 1158 3178 sine
1170 3116 1241 3178 ulla
1256 3114 1556 3194 compensatione.

432 3219 520 3283 1293.
564 3219 603 3284 In
617 3221 687 3284 situ
702 3219 851 3301 Collegii
865 3222 980 3284 clivus
995 3221 1137 3302 quidam
1152 3233 1241 3300 erat,
1256 3237 1359 3301 quem
1371 3221 1407 3283 in
1418 3220 1606 3300 planitiem

369 3328 532 3406 redigere
548 3327 747 3408 Episcopus
765 3329 889 3406 voluit,
911 3339 946 3392 et
968 3329 1003 3392 iu
1024 3347 1065 3392 eo
1088 3329 1158 3392 duo
1178 3329 1288 3392 millia
1309 3328 1520 3392 ducatorum
1541 3345 1601 3390 ex-

368 3434 502 3514 pendit,
524 3445 559 3498 et
580 3433 614 3496 id
634 3437 758 3498 maluit
777 3435 977 3516 Episcopus
997 3452 1102 3516 quam
1125 3436 1231 3498 situm
1256 3435 1338 3498 alibi
1365 3433 1522 3497 oblatum
1541 3435 1601 3498 ad-

369 3543 521 3620 mittere,
538 3551 576 3606 ut
593 3542 750 3606 liberiori
765 3559 808 3606 ac
822 3543 1012 3606 salubriori
1026 3550 1109 3606 aere
1124 3543 1236 3606 nostri
1247 3540 1458 3605 fruerentur.
1476 3539 1521 3605 Et
1534 3541 1601 3604 sub

369 3659 578 3712 autumnum
609 3647 817 3714 effodiendis
839 3649 1078 3736 fundamentis
1104 3649 1191 3712 dare
1221 3666 1366 3729 operam
1395 3659 1605 3728 coeperunt.

369 3755 448 3835 lpse
468 3754 480 3785 ²
504 3764 622 3819 autem
646 3749 850 3835 praefectus
875 3757 993 3836 operis
1017 3764 1105 3835 erat;
1126 3765 1161 3819 et
1180 3771 1317 3818 summo
1340 3754 1468 3818 affectu
1482 3755 1599 3834 operis

371 3861 626 3940 perfectionem
650 3862 772 3926 videre
792 3861 955 3943 optabat;
978 3880 1061 3926 nam
1087 3881 1132 3925 ex
1158 3879 1200 3925 eo
1224 3861 1378 3942 pendere
1404 3877 1536 3940 magna
1553 3879 1599 3926 ex

371 3978 472 4048 parte
489 3969 612 4032 ovium
626 3986 772 4032 suarum
787 3969 957 4033 auxilium
973 3969 1223 4046 arbitrabatur,
1237 3967 1442 4048 adquorum
1458 3967 1600 4032 morbos

373 4074 551 4138 curandos
570 4075 714 4140 unicum
733 4092 812 4138 esse
832 4075 1028 4139 remedium
1048 4073 1237 4139 Societatis
1257 4091 1402 4155 operam
1421 4074 1600 4141 censebat.

436 4181 522 4245 1294.
567 4181 718 4262 Accepit
740 4191 858 4246 autem
878 4183 1022 4246 domum
1041 4180 1231 4262 quamdam
1252 4179 1533 4258 inhabitandam,
1552 4181 1611 4245 ῆι·-

372 4298 452 4351 turo
468 4287 630 4352 aedificio
646 4286 885 4367 conjunctam,
899 4299 937 4352 ut
949 4288 1169 4352 commodius
1179 4286 1279 4369 operi
1289 4297 1409 4368 posset
1420 4287 1608 4368 assistere3,

373 4406 409 4458 et
424 4396 474 4459 ita
489 4395 639 4474 singulis
654 4395 777 4460 diebus
796 4396 925 4459 multas
945 4395 1052 4458 horas
1068 4396 1105 4458 in
1124 4412 1231 4476 opere
1250 4394 1410 4474 urgendo
1428 4393 1610 4474 expende

411 4673 420 4705 ¹
449 4673 516 4717 Vide
526 4685 614 4727 supra.
623 4684 684 4728 pag.
694 4674 743 4726 ⁴7⁴,
754 4685 779 4716 n.
789 4673 850 4718 lm.

411 4743 424 4777 ¹
450 4743 601 4799 Episcopus.
