3717 5400
787 494 851 553 An.
874 494 945 552 1555
1424 490 1475 550 661

250 643 383 706 nostris
402 642 624 724 praestabat,
645 642 739 723 quod
753 661 797 706 ex
820 643 896 723 ipso
917 641 1076 722 Collegio
1095 656 1265 705 resonare
1286 638 1478 702 audiebant

250 751 286 812 in
302 747 462 813 domibus
476 749 700 829 privatorum
715 749 948 813 christianam
963 749 1056 812 hanc
1075 747 1284 825 doctrinam,
1306 761 1413 826 quam
1429 744 1478 809 di·

250 855 387 938 scipuli,
404 857 463 937 qui
478 858 515 920 in
530 855 689 936 Collegio
705 856 903 932 audierant,
919 856 993 920 suis
1008 855 1043 919 in
1059 855 1220 919 domibus
1234 853 1420 918 docebant.
1432 850 1477 914 Et

252 1070 424 1150 solebant,
446 1087 570 1134 eorum
590 1071 795 1135 reformatio
816 1088 859 1134 ac
876 1069 1057 1151 profectus
1077 1069 1203 1132 merito
1221 1067 1344 1146 magni
1358 1065 1476 1130 fiebat.

314 1175 402 1240 1818.
446 1175 514 1241 Per
528 1178 716 1242 lectionem
730 1193 876 1243 casuum
891 1173 1130 1240 conscientiae
1149 1173 1351 1254 ignorantia
1370 1171 1477 1236 etiam

250 1285 286 1348 in
313 1284 472 1364 plurimis
497 1284 636 1348 clericis
660 1302 740 1348 eam
764 1283 987 1348 audientibus
1012 1281 1326 1359 exterminabatur;
1352 1281 1416 1344 sed
1442 1288 1480 1343 et·

250 1391 331 1454 laici
346 1391 582 1471 quadraginta
597 1392 656 1455 vel
671 1390 927 1473 quinquaginta
948 1389 1073 1453 adesse
1092 1388 1207 1454 eidem
1225 1387 1368 1452 lectioni
1382 1387 1476 1450 soliti

250 1510 352 1561 erant
367 1496 389 1578 ¹;
406 1507 440 1561 et
461 1514 542 1562 cum
563 1499 607 1562 de
627 1498 848 1562 restitutione
870 1507 1047 1579 ageretur,
1067 1497 1111 1561 de
1131 1495 1354 1560 instituendis
1372 1510 1477 1574 gene·

250 1605 385 1668 ralibus
409 1606 703 1685 confessionibus,
730 1605 804 1669 suis
828 1605 1055 1669 conscientiis
1079 1601 1308 1680 consulendo,
1335 1599 1477 1665 solliciti

250 1722 363 1776 erant.

297 1817 402 1883 11819.
446 1820 644 1884 Conciones
659 1821 766 1885 etiarn
786 1819 982 1886 matutinae
1000 1830 1035 1884 et
1054 1819 1289 1900 vespertinae,
1314 1818 1357 1882 de
1376 1831 1478 1897 prae·

252 1926 364 2006 ceptis
378 1925 533 2007 Domini,
550 1929 595 1992 ad
610 1946 675 1993 cor
687 1929 858 2002 redeundi
872 1929 991 1992 multis
1006 1927 1232 1994 occasionem
1246 1926 1475 2008 praebebant,

251 2050 334 2096 nam
360 2051 500 2115 semper
521 2034 700 2099 auditores
719 2045 821 2099 erant
845 2035 1132 2115 frequentissimi,
1159 2051 1225 2097 nec
1250 2035 1365 2096 solum
1389 2041 1475 2094 tem·

251 2141 359 2220 plum,
374 2141 437 2204 sed
452 2143 609 2205 claustra
624 2142 825 2222 implebant,
843 2159 888 2204 ex
903 2142 1030 2223 quibus
1045 2142 1171 2204 concio
1189 2140 1302 2204 audiri
1322 2147 1475 2220 poterat.

251 2245 450 2311 incarcere
466 2249 572 2312 etiam
586 2257 621 2312 et
636 2249 715 2312 aliis
731 2248 886 2312 civitatis
900 2248 989 2311 locis
1003 2247 1127 2311 eadem
1142 2246 1303 2311 doctrina
1322 2244 1477 2325 explica·

251 2353 365 2418 batur.
383 2353 613 2418 Consultores
627 2354 639 2386 ¹
654 2365 772 2419 autem
788 2355 831 2419 de
846 2355 952 2419 rebus
966 2354 1013 2418 ad
1027 2353 1282 2418 conscientiam
1301 2351 1476 2433 pertinen·

250 2459 345 2523 tibus
371 2461 513 2539 plurimi
537 2471 651 2541 erant,
676 2471 711 2526 et
735 2461 925 2542 praecipue
950 2479 993 2526 eo
1012 2472 1183 2541 tempore,
1205 2478 1274 2540 quo
1294 2476 1406 2523 naves
1430 2475 1476 2521 ex

250 2567 408 2646 Bengala
424 2577 459 2632 et
473 2567 611 2632 Malaca
627 2569 827 2647 veniebant;
845 2578 878 2633 et
893 2568 973 2632 ideo
989 2569 1118 2632 multos
1133 2568 1317 2648 operarios
1332 2566 1414 2630 buic
1425 2565 1476 2632 vi·

251 2690 339 2739 neae
359 2673 504 2740 Domini
528 2677 751 2741 necessarios
776 2693 854 2740 esse
876 2674 912 2741 P.
931 2675 1095 2757 Quadros
1114 2674 1291 2755 admonet,
1313 2659 1477 2756 quamvis

251 2781 318 2843 hoc
333 2800 427 2845 anno
443 2800 515 2846 non
529 2785 634 2864 pauci
650 2795 834 2862 venerant,
847 2794 882 2847 et
894 2786 986 2847 inter
1000 2801 1064 2847 eos
1077 2782 1116 2847 P.
1131 2784 1288 2866 Joannes
1298 2778 1475 2847 Flander⁸

251 2887 297 2950 ab
311 2906 442 2952 aurora
461 2906 571 2969 usque
592 2889 637 2953 ad
659 2908 847 2971 vesperam
867 2891 1148 2955 confessionibus
1166 2890 1352 2954 audiendis
1368 2906 1476 2953 vaca·
1611 2910 1616 2916 ·

251 2994 322 3073 bat,
340 2996 397 3059 cui
412 2996 533 3075 lingua
549 2998 736 3061 lusitanica
750 2998 867 3062 infusa
878 3016 899 3061 a
911 2999 1066 3062 Domino
1080 2998 1280 3078 videbatur;
1292 3007 1366 3061 tam
1380 3007 1477 3061 recte

251 3118 293 3164 ea
312 3099 386 3181 jam
400 3102 452 3165 uti
466 3113 607 3183 poterat
629 3121 735 3185 quarn
756 3105 941 3169 addiscere
956 3106 1019 3169 vix
1039 3122 1143 3185 posse
1158 3105 1258 3184 prius
1276 3105 1474 3170 videbatur.

250 3208 294 3271 Et
317 3208 356 3271 Ρ.
373 3208 581 3274 Emmanuel
605 3210 812 3275 Feruandez
837 3230 900 3293 per
926 3212 1052 3277 domos
1075 3213 1183 3275 etiam
1212 3213 1475 3292 aegrotantium

251 3315 472 3380 discurrebat
496 3327 534 3380 ut
559 3334 682 3381 eorum
705 3318 843 3382 audiret
863 3318 1105 3382 confessiones
1126 3328 1160 3381 et
1186 3319 1367 3383 morituris
1391 3319 1481 3383 assi·

251 3433 370 3497 steret;
389 3423 482 3486 domi
498 3424 606 3487 etiarn
621 3424 862 3488 confessiones
875 3425 1052 3502 audiebat,
1069 3434 1104 3487 et
1116 3424 1378 3505 quintodecimo
1393 3442 1484 3507 quo·

251 3546 319 3609 que
340 3530 396 3593 die
419 3548 501 3595 cum
520 3547 652 3610 magna
672 3531 860 3595 devotione
882 3542 916 3594 et
936 3532 1056 3612 populi
1072 3530 1316 3594 satisfactione
1337 3532 1482 3595 concio·-

251 3634 416 3700 nabatur.

315 3740 402 3804 1820.
446 3741 588 3823 Agebat
603 3746 710 3808 etiam
728 3742 987 3808 confessarium
1003 3743 1041 3807 P.
1057 3744 1234 3823 Quantos,
1251 3743 1416 3825 quamvis
1432 3746 1486 3807 le·-

252 3848 360 3911 ctioni
375 3857 409 3911 et
428 3850 696 3929 praedicationi,
713 3861 751 3913 ut
766 3849 951 3930 diximus⁴,
967 3851 1128 3929 instaret,
1141 3862 1177 3914 et
1188 3852 1268 3915 aliis
1281 3852 1351 3932 piis
1366 3852 1482 3931 operi·

253 3954 318 4017 bus
333 3954 440 4019 dabat
455 3973 612 4037 operam;
628 3967 662 4021 et
677 3958 713 4021 in
728 3958 895 4037 consiliiS,
913 3975 1005 4038 quae
1020 3959 1140 4021 multis
1159 3959 1203 4021 ad
1221 3976 1259 4022 se
1274 3957 1479 4022 confluenti·

252 4060 317 4123 bus
332 4070 476 4141 propter
491 4064 731 4127 conscientiae
745 4082 831 4128 suae
848 4064 992 4144 negotia
1007 4064 1126 4138 dabat,
1148 4066 1401 4145 occupabatur.

313 4166 401 4231 1821.
445 4166 622 4233 Dolebant
643 4182 762 4234 autem
784 4171 978 4251 quodcum
1000 4188 1093 4235 anno
1118 4172 1309 4252 praeterito
1328 4171 1480 4235 Pro-rex

249 4272 425 4353 Legatum
440 4277 486 4340 ad
500 4275 635 4357 Regem
650 4276 815 4341 Sinarum
830 4279 996 4357 mitteret,
1012 4280 1129 4342 nullus
1145 4298 1190 4341 ex
1211 4281 1344 4343 nostris
1357 4279 1477 4343 socius

249 4434 462 4445 -ι--ι-ι-

291 4516 299 4549 Ι
331 4514 395 4560 Vide
405 4528 492 4571 supra,
502 4528 561 4571 pag.
571 4516 620 4571 651,
630 4528 672 4561 nn.
684 4518 737 4561 rw
751 4524 777 4563 ct
790 4518 849 4562 1799.

292 4590 304 4619 ²
331 4587 364 4631 lii
374 4588 482 4642 nclllcet,
492 4589 544 4643 qui,
555 4590 688 4634 consillum
698 4596 860 4645 quaerentes,
872 4590 904 4635 ad
916 4596 1019 4634 nostros
1029 4587 1146 4645 aliosque
1160 4592 1296 4645 religiosos
1310 4592 1479 4640 accedebant.

290 4660 302 4693 δ
330 4659 358 4702 Ρ.
368 4658 480 4712 Josnnes
491 4658 613 4703 Bocchlu.
624 4660 690 4705 Vide
700 4671 788 4716 supra,
799 4672 859 4716 pag.
869 4660 919 4717 660,
930 4673 956 4705 n.
964 4662 1024 4706 1752.

291 4734 303 4765 ⁴
330 4730 392 4785 Png.
401 4730 449 4785 662,
460 4742 485 4775 n.
497 4730 556 4785 1788,
566 4738 592 4775 et
603 4743 663 4787 pag.
673 4732 721 4787 656,
732 4743 756 4776 n.
768 4732 827 4777 17⁹8.
