3717 5400
809 485 872 542 Aa.
900 483 970 540 lma
1456 483 1508 544 189

264 638 418 710 quartus
434 640 468 691 et
482 629 625 708 quintus
640 628 708 692 duo
724 645 982 706 messanenses,
1010 628 1138 692 nobilis
1164 630 1279 708 prior,
1305 631 1395 692 alter
1416 647 1505 694 vero

264 737 373 813 civis3
390 747 513 798 sextus
528 747 644 798 autem
657 753 747 798 unus
762 753 807 798 ex
831 735 1036 798 secretariis
1052 736 1173 813 regite
1192 737 1249 814 qui
1264 753 1387 798 omnes
1407 738 1506 817 quin·

272 843 410 908 decimo
429 861 570 922 quoque
589 843 646 905 die
671 842 805 906 referre
825 841 1100 922 adPro-regem
1122 843 1315 919 debebant,
1337 843 1504 924 quidquid

271 950 474 1014 faciendum
493 950 747 1013 decrevissent.

330 1057 402 1120 544.
445 1057 509 1120 Est
523 1059 631 1121 etiam
646 1057 689 1119 ab
705 1057 830 1119 eodem
843 1054 1013 1134 Pro-rege
1030 1055 1218 1134 diligenter
1239 1066 1400 1119 curatum
1418 1065 1454 1120 ut
1470 1059 1506 1121 in

271 1164 435 1228 omnibns
449 1163 589 1228 Siciliae
609 1163 813 1226 civitatibus
838 1164 908 1226 duo
934 1164 1161 1240 eligerentur,
1189 1163 1278 1224 alter
1299 1163 1400 1241 civis,
1417 1165 1507 1228 alter

270 1289 356 1335 vero
372 1272 647 1346 ecclesiasticus,
664 1282 812 1350 uterque
828 1271 917 1349 pius,
936 1271 995 1349 qui
1016 1271 1165 1349 singulis
1187 1271 1385 1351 quibusque
1404 1289 1505 1335 men·

270 1380 367 1441 sibus
379 1378 579 1458 significent
591 1379 782 1458 praefectis
795 1376 909 1442 Officii
918 1377 1112 1440 Charitatis
1125 1378 1241 1440 sintne
1254 1378 1371 1457 aliqua
1384 1378 1420 1442 in
1432 1380 1507 1441 suis

271 1486 427 1563 urbibus
449 1487 577 1566 quibus
599 1487 736 1548 consuli
761 1495 936 1565 oporteat.
964 1483 1086 1548 Voluit
1103 1497 1221 1548 autem
1241 1485 1335 1548 idem
1355 1484 1507 1548 Pro-rex

272 1610 344 1671 εοε,
357 1594 419 1672 qui
429 1594 466 1656 iu
475 1593 543 1656 hoc
556 1593 750 1657 Consilium
763 1593 935 1672 adscripti
947 1584 1123 1670 essent,'in
1137 1602 1300 1655 nostrum
1309 1590 1506 1670 Collegium

271 1701 476 1778 convenire,
493 1709 528 1762 et
542 1699 701 1778 ipsemet,
717 1717 799 1762 curn
814 1718 878 1763 sex
892 1699 1089 1778 designatis
1104 1749 1110 1777 ,
1128 1699 1165 1761 in
1187 1698 1383 1776 Collegium
1405 1701 1502 1762 venit

267 1807 396 1886 quinto
412 1807 548 1870 decimo
563 1824 702 1887 quoque
717 1808 773 1870 die
790 1817 978 1886 postquam
993 1804 1060 1870 suit
1074 1808 1145 1868 tale
1167 1805 1319 1869 officium
1339 1805 1505 1868 constitu·

273 1925 362 1991 tum;
388 1913 449 1976 ubi
468 1923 503 1975 et
523 1915 729 1976 concionem
753 1913 907 1988 audivit,
933 1923 967 1974 et
992 1913 1117 1976 deinde
1139 1930 1292 1992 pransus
1314 1912 1420 1974 etiam
1441 1923 1505 1974 est.

272 2020 429 2100 Suntque
443 2038 514 2084 non
529 2037 645 2100 pauca
660 2039 702 2082 eo
723 2021 815 2083 drea
834 2020 1003 2083 fratribus
1024 2021 1155 2082 nostris
1179 2021 1215 2082 in
1241 2019 1380 2082 laudem
1403 2017 1507 2098 hujus

267 2129 389 2207 operis
404 2129 600 2207 composita
616 2129 790 2203 carmina,
809 2146 914 2207 quae,
937 2129 1019 2189 licet
1037 2127 1319 2190 valetudinarius
1335 2136 1444 2202 esset,
1469 2128 1505 2190 li·

272 2235 394 2298 benter
410 2236 576 2298 audiebat
593 2235 795 2298 memoriter
816 2235 1045 2314 pronuntiata
1066 2245 1100 2296 et
1122 2235 1262 2311 legebat
1285 2234 1352 2296 sibi
1372 2235 1503 2296 oblata.

330 2342 400 2404 545.
444 2342 499 2404 De
513 2342 593 2404 aliis
609 2341 790 2405 consuetis
805 2340 976 2404 Societati
989 2340 1206 2417 ministeriis,
1231 2339 1429 2419 cujusmodi
1453 2351 1507 2403 est

271 2449 340 2511 illis
353 2458 497 2529 praesto
512 2467 602 2527 esse,
619 2450 679 2529 qui
698 2449 735 2510 in
750 2449 910 2511 custodia
928 2448 1068 2527 publica
1088 2447 1297 2524 retinentur,
1315 2449 1440 2510 crebro
1456 2449 1506 2511 in-

272 2555 381 2618 tirmis
401 2575 443 2619 ac
466 2557 647 2619 morituris
667 2557 867 2632 subvenire,
895 2566 930 2617 et
955 2552 1167 2633 hujusmodi,
1191 2571 1233 2616 ea
1257 2554 1353 2616 dicta
1379 2555 1506 2618 intelli-

272 2674 414 2741 gantur,
431 2681 521 2743 quae
537 2664 777 2744 superioribus
792 2663 896 2725 annis
910 2662 1025 2725 fusius
1041 2662 1136 2725 dicta
1153 2669 1245 2724 sunt.

332 2771 404 2833 546.
447 2772 601 2834 Litteras
621 2772 837 2850 apostolicas
858 2768 993 2833 Summi
1013 2768 1193 2833 Pontificis
1214 2768 1314 2832 Pauli
1337 2768 1397 2845 lV,
1415 2787 1507 2849 quae

271 2877 415 2957 jubilaei
430 2880 584 2956 gratiam
600 2878 840 2956 continebant,
853 2876 967 2941 Roma
982 2895 1002 2939 a
1018 2877 1150 2941 nostris
1163 2876 1292 2939 missas
1304 2876 1341 2939 P.
1364 2876 1508 2939 Provin-

273 2986 374 3049 cialis
388 2985 574 3048 Messanae
590 2986 842 3065 imprimendas
857 2986 1014 3062 curavit,
1033 2996 1067 3047 et
1084 2994 1213 3063 rogatu
1234 2984 1507 3062 magistratuum

275 3104 378 3173 iquos
391 3092 546 3171 juratos
563 3092 705 3170 vocant)
720 3092 758 3155 P.
780 3092 1019 3170 Hieronymus
1041 3091 1192 3153 Ottellus
1213 3091 1293 3152 illas
1319 3091 1354 3153 111
1370 3108 1507 3155 summo

274 3202 405 3278 templo
416 3199 669 3278 promulgavit.
686 3199 772 3261 Dies
784 3198 848 3261 fuit
860 3200 896 3261 in
908 3217 977 3278 quo
1278 3198 1285 3227 ¹
1302 3200 1380 3276 plus
1392 3199 1508 3261 minus

274 3316 399 3369 nostro
413 3308 449 3368 in
468 3309 598 3386 templo
613 3306 877 3369 sanctissimam
892 3305 1156 3369 Eucharistiam
1177 3314 1415 3383 sumpserunt.
1439 3304 1510 3369 Sed

274 3415 311 3476 in
324 3414 435 3493 priori
446 3412 612 3491 jubilae0,
626 3432 746 3477 mense
758 3413 952 3475 Februario
964 3414 1204 3492 promulgam,
1219 3429 1290 3473 non
1303 3411 1417 3474 minor
1429 3412 1506 3489 11111,

274 3522 382 3583 immo
397 3520 510 3600 major
524 3520 589 3583 fuit
604 3538 800 3584 concursus
814 3538 858 3583 ae
879 3520 1011 3596 servor,
1031 3530 1064 3581 et
1081 3536 1188 3597 supra
1205 3519 1450 3597 septingentos
1466 3536 1508 3581 ac

274 3628 419 3707 viginti,
446 3646 515 3690 uno
541 3628 597 3691 die
622 3628 848 3691 sanctissimo
875 3626 1008 3689 Christi
1038 3626 1196 3703 Corpore
1227 3625 1446 3699 refecerunt,
1474 3638 1509 3689 et

275 3736 384 3797 multo
399 3736 553 3812 plurium
568 3735 809 3798 consessiones
825 3753 867 3796 ea
882 3733 1105 3796 hebdomada
1121 3733 1323 3795 audierunt.

335 3842 405 3905 547.
449 3841 597 3921 Adjuvit
611 3842 719 3905 etiam
733 3840 914 3904 servorem
929 3840 1043 3903 oratio
1059 3838 1103 3901 40
1117 3840 1298 3917 horarum,
1313 3840 1355 3901 de
1368 3856 1437 3919 qua
1453 3857 1508 3902 su·

276 3950 395 4028 petius
416 3950 547 4013 mentio
568 3948 664 4011 iacta
690 3956 743 4010 est
768 3956 790 4006 ².
812 3947 890 4010 Hoc
909 3929 1048 4009 tantum
1069 3946 1216 4025 addam,
1245 3946 1337 4025 quod
1361 3956 1507 4027 propter

269 4058 483 4120 electionem
495 4058 623 4120 bonam
635 4054 769 4119 Summi
781 4054 963 4117 Pontificis
975 4063 1028 4116 est
1040 4053 1146 4129 iacta,
1158 4066 1192 4116 et
1203 4054 1297 4132 quod
1310 4061 1429 4117 tantus
1440 4052 1508 4117 suit

274 4164 395 4227 servor
417 4164 533 4226 Patris
553 4162 688 4237 Ottelli,
710 4163 794 4225 dum
820 4162 866 4225 ad
891 4170 1132 4240 congregatos
1155 4177 1354 4223 sermonem
1378 4162 1507 4226 exhor·

271 4272 441 4334 tatorium
456 4270 620 4345 habebat,
639 4281 675 4332 ut
690 4270 766 4349 ipse
782 4269 817 4331 in
837 4268 1028 4348 deliquium
1051 4268 1229 4346 inciderit,
1253 4284 1319 4331 usu
1343 4269 1509 4349 loquendi

316 4512 324 4544 ¹
353 4511 523 4555 Desideratnr
534 4512 576 4555 bic
585 4512 762 4555 accedentium
772 4512 806 4555 ed
815 4522 920 4555 sacram
931 4522 1046 4554 mensam
1057 4520 1186 4553 numerus.
1200 4510 1263 4553 Eum
1273 4517 1362 4553 autem
1373 4521 1430 4553 esee
1449 4522 1510 4555 sex·

274 4587 348 4625 canti
357 4584 476 4628 novimus
485 4596 518 4626 ex
529 4582 661 4626 Franciscl
679 4582 805 4635 Stephani
822 4582 917 4626 litteris
935 4582 982 4624 17.·
999 4580 1158 4635 Septembris
1176 4581 1253 4635 hujus
1269 4582 1329 4625 anni
1345 4582 1423 4627 datis.
1445 4582 1509 4626 Vide

276 4655 397 4698 Litterae
406 4655 638 4707 Quadrimestres,
648 4662 667 4698 1.
677 4665 714 4705 111,
722 4666 783 4708 pag.
792 4654 844 4699 614.

316 4730 327 4758 ²
356 4727 420 4781 Pag.
431 4728 477 4778 183,
488 4740 512 4771 11,
521 4728 569 4771 526.
