3717 5400
1375 17 1826 177 Ἶ-

422 538 477 598 ooo
879 535 1007 596 Canon.
1027 533 1105 595 Soc.
1125 535 1195 608 ths.

423 683 599 761 chumeni,
613 685 671 764 qui
684 700 764 747 cum
776 683 864 745 duos
878 683 1019 745 veltres
1030 697 1170 745 menses
1181 680 1228 744 ibi
1242 681 1391 746 instituti
1405 691 1535 763 essent,
1547 701 1653 747 rece·

423 792 564 865 debant,
581 801 615 855 et
631 790 691 854 alii
705 791 756 853 eis
771 789 1021 868 succedebant,
1037 798 1180 869 praeter
1194 789 1259 851 hos
1274 789 1366 852 aliae
1381 790 1546 854 mulieres
1556 801 1651 856 cate·

424 901 619 964 chumenae
634 898 669 960 iu
685 896 862 978 hospitali,
879 907 917 959 ut
933 895 1086 959 diximus
1102 893 1123 973 ¹,
1139 895 1428 960 instituebantur.
1599 879 1602 883 ’

486 1004 573 1069 1815.
618 1005 655 1068 In
670 1005 785 1068 insula
803 1003 946 1066 nomine
960 1001 1129 1066 Chioram
1148 1001 1172 1081 ¹,
1194 1020 1284 1083 quae
1303 1004 1420 1067 media
1443 1006 1546 1069 leuca
1571 1004 1649 1069 Goa

424 1114 545 1190 distat,
566 1114 666 1176 multi
683 1109 756 1192 jam
778 1127 887 1190 opera
909 1119 1113 1173 nostrorum
1133 1110 1317 1174 christiani
1337 1111 1452 1176 effecti
1473 1123 1599 1191 eraut;·
1613 1125 1651 1177 et

422 1222 502 1286 ideo
527 1239 572 1284 ex
597 1218 831 1299 eleemosynis
856 1219 969 1282 nostri
994 1218 1182 1281 ecclesiam
1206 1218 1255 1281 ibi
1279 1219 1517 1299 confecerant,
1540 1231 1576 1284 et
1600 1222 1649 1286 ibi

422 1328 611 1409 quemdam
631 1343 677 1390 ex
696 1326 867 1389 fratribus
887 1326 1001 1388 nostri
1018 1325 1178 1389 Goenses
1198 1326 1365 1389 tenebant
1385 1326 1498 1391 solida
1516 1329 1649 1392 virtute

422 1435 632 1516 praeditum,
650 1434 710 1514 qui
725 1433 940 1496 christianos
954 1450 997 1494 ea
1016 1432 1177 1515 docebat,
1198 1449 1289 1512 quae
1310 1433 1355 1496 ad
1377 1436 1526 1497 salutem
1547 1445 1649 1498 erant

423 1541 638 1618 necessaria,
668 1551 702 1602 et
731 1539 880 1618 singulis
908 1539 1093 1603 dominicis
1120 1557 1164 1602 ac
1192 1539 1330 1603 festivis
1357 1539 1480 1604 diebus
1504 1541 1649 1622 quidam

423 1648 592 1713 sacerdos
607 1665 650 1710 ex
666 1646 825 1726 Collegio
841 1635 1057 1722 mittebatur,
1073 1647 1131 1726 qui
1146 1663 1289 1710 sacrum
1302 1647 1397 1727 apud
1412 1665 1474 1711 eos
1494 1649 1649 1712 celebra-

422 1767 475 1821 ret
490 1765 524 1819 et
536 1755 638 1837 juxta
653 1771 776 1818 eorum
791 1765 934 1834 captum
950 1755 1235 1818 concionaretur.

484 1861 571 1925 1816.
616 1861 702 1924 Erat
728 1870 845 1924 autem
870 1860 1014 1940 quidam
1035 1862 1137 1941 quasi
1161 1872 1308 1925 exactor
1329 1863 1522 1942 institutus,
1547 1863 1648 1944 cujus

422 1971 512 2035 haec
531 1980 608 2032 erat
629 1987 728 2047 cura,
750 1982 788 2032 ut
806 1968 1023 2032 christianos
1042 1968 1088 2030 ad
1106 1969 1294 2032 ecclesiam
1315 1980 1350 2032 et
1373 1971 1419 2034 ad
1440 1970 1647 2034 catechismi

419 2078 605 2141 lectionem
620 2087 857 2155 congregaret
872 2073 894 2153 ³,
912 2076 969 2138 cui
984 2074 1128 2154 quidam
1142 2076 1197 2138 vir
1212 2076 1326 2140 bonus
1340 2078 1385 2140 ob
1399 2078 1557 2141 laborem
1575 2077 1645 2140 siu·

418 2185 512 2264 gulis
540 2183 721 2248 mensibus
745 2200 892 2246 aureum
922 2183 1109 2246 tribuebat.
1141 2181 1292 2261 Quidam
1324 2185 1431 2247 etiam
1458 2185 1643 2262 lusitanus,

417 2291 522 2354 valde
537 2292 616 2371 pius
631 2301 665 2353 et
680 2291 811 2353 nostris
826 2289 1000 2366 addictus,
1017 2308 1062 2352 ex
1077 2290 1263 2368 charitate,
1279 2299 1480 2354 nostrorum
1500 2301 1642 2371 rogatu,

419 2386 674 2480 protectionem
690 2413 812 2460 eorum
826 2396 1101 2460 christianorum
1116 2397 1282 2477 suscepit,
1298 2414 1342 2460 ne
1358 2399 1466 2461 ullam
1479 2397 1645 2479 injuriam

418 2508 475 2570 vel
490 2505 658 2568 damnum
672 2505 723 2568 eis
738 2503 860 2567 inferri
871 2513 1064 2584 pateretur.

480 2611 566 2676 1817.
610 2611 773 2690 Pro-rex,
787 2610 833 2674 D.
855 2609 981 2674 Petrus
1003 2610 1271 2690 Mascaregnas,
1293 2629 1374 2674 cum
1393 2612 1531 2675 videret
1549 2613 1644 2677 insu·

416 2722 488 2784 lam
517 2719 615 2784 Goae
645 2720 680 2783 in
706 2728 780 2782 tres
801 2729 920 2799 partes
944 2736 1023 2781 esse
1048 2718 1211 2797 divisam,
1238 2736 1346 2783 unam
1367 2737 1490 2783 earum
1515 2718 1639 2784 Ordini

416 2825 476 2891 gu
495 2827 686 2901 Dominici,
703 2828 851 2889 alteram
867 2825 992 2888 Ordini
1006 2822 1018 2855 ⁴
1032 2824 1091 2890 S.¹¹
1111 2824 1307 2916 Francisci,
1323 2827 1465 2890 tertiam
1480 2826 1640 2907 Collegio

414 2944 539 2997 nostro
554 2933 743 3008 commisit;
759 2944 792 2994 et
808 2932 844 2995 in
859 2933 987 3012 quavis
1003 2933 1131 2995 harum
1145 2933 1299 3013 partium
1319 2934 1447 3014 aliquis
1467 2935 1640 2997 lusitanus

414 3049 594 3121 protector
609 3056 784 3102 novorum
799 3039 1074 3102 christianorum
1086 3041 1193 3103 etiam
1208 3039 1273 3102 suit
1284 3041 1476 3115 institutus
1489 3057 1640 3120 quorum

414 3148 520 3211 etiam
535 3146 685 3210 officium
701 3156 778 3209 erat
793 3146 837 3209 de
852 3146 971 3209 causis
986 3146 1144 3226 ipsorum
1155 3145 1316 3225 J'udicare
1330 3157 1365 3210 et
1379 3148 1423 3211 de
1443 3150 1496 3211 eis
1515 3147 1640 3211 docen-

414 3255 480 3334 dis,
497 3264 541 3332 et,
558 3254 588 3318 si
604 3271 692 3334 opus
707 3263 811 3331 esset,
832 3254 1021 3334 puniendis
1036 3271 1159 3317 curam
1174 3254 1307 3317 habere
1327 3251 1349 3333 ’ς
1374 3264 1409 3317 et
1429 3255 1519 3319 haec
1537 3256 1641 3319 tertia

414 3379 499 3443 pars
514 3362 788 3425 christianorum
803 3359 879 3439 ejus
893 3361 1029 3423 insulae
1048 3378 1121 3424 non
1139 3378 1266 3440 parum
1285 3362 1419 3439 negotii
1439 3370 1474 3424 et
1493 3379 1640 3442 occupa·

413 3469 518 3533 tionis
538 3468 669 3531 nostris
689 3467 891 3531 exhibebat.
914 3466 1003 3530 Cum
1023 3476 1141 3531 autem
1162 3466 1310 3531 Pro-rex
1331 3468 1496 3533 audiebat
1522 3467 1640 3548 hujus-

414 3574 508 3639 modi
530 3574 745 3638 christianae
770 3573 954 3637 doctrinae
979 3574 1160 3651 lectiones,
1184 3583 1222 3637 ut
1244 3577 1320 3638 zelo
1342 3591 1474 3653 magno
1495 3576 1641 3639 honoris

413 3680 480 3745 Dei
494 3682 675 3762 praeditus
690 3690 780 3759 erat,
796 3690 903 3761 caput
923 3682 1063 3760 aperire
1081 3690 1116 3743 et
1134 3698 1261 3743 manus
1281 3683 1317 3746 in
1338 3682 1477 3745 coelum
1498 3684 1639 3745 elevare

413 3808 456 3853 ac
470 3789 548 3853 Deo
562 3789 700 3868 gratias
714 3804 821 3868 agere
838 3788 964 3851 solitus
980 3798 1068 3865 erat,
1086 3786 1180 3868 quod
1193 3786 1270 3867 ejus
1284 3805 1412 3851 nomen
1427 3788 1462 3851 in
1474 3789 1578 3851 terris
1588 3788 1639 3851 in·

412 3896 566 3960 fidelium
590 3896 730 3958 laudari
755 3895 910 3973 audiret;
936 3904 972 3957 et
995 3912 1142 3974 prorsus
1166 3911 1334 3975 magnam
1359 3895 1637 3958 consolationem

453 4137 463 4172 ¹
491 4136 583 4192 Supra,
593 4148 653 4191 pag.
663 4136 711 4189 ⁶52,
722 4148 746 4180 n.
757 4136 817 4183 1791.

450 4212 462 4243 ¹
490 4210 560 4256 Alibi
571 4210 675 4263 saepius
686 4208 807 4254 choram.

450 4284 462 4316 ³
491 4282 536 4327 bis.
548 4282 733 4335 congregabat.

449 4358 461 4389 ⁴
488 4354 538 4398 Ubi
550 4364 596 4397 uos
609 4352 705 4396 ordini
714 4352 858 4407 scribimus,
869 4364 916 4396 ms.
929 4352 1009 4395 habet
1020 4350 1289 4395 Ordinis—Nonnihil
1298 4352 1436 4395 immutata
1443 4350 1486 4395 hlc
1496 4358 1640 4408 suntque

409 4427 514 4483 scripsit
527 4428 562 4470 6.·
579 4425 730 4469 Decembris
744 4424 820 4479 hujus
835 4426 894 4468 annl
909 4424 962 4467 1555
978 4423 1004 4466 Ρ.
1015 4424 1144 4467 Antonlus
1157 4423 1189 4466 de
1203 4422 1328 4475 Quadros.
1339 4423 1386 4466 att
1402 4422 1480 4467 enlm:
1495 4423 1529 4467 “Il
1544 4424 1641 4470 Vlcere

412 4500 468 4543 Don
479 4500 567 4543 Pietro
577 4497 769 4550 hlazcaregnas,
781 4507 827 4550 per
834 4496 878 4551 plu
889 4500 1010 4539 numento
1020 4495 1062 4541 del
1069 4495 1176 4538 seruitio
1186 4495 1210 4537 d'
1220 4494 1640 4549 1dato,u011eparurquesntsota

411 4572 436 4615 di
448 4570 505 4614 Goa
515 4572 540 4613 in
551 4578 591 4613 tre
602 4569 680 4622 partl,
695 4568 779 4612 dando
794 4578 856 4612 curs
871 4568 917 4611 alll
933 4566 1011 4611 Psdri
1023 4566 1048 4609 dl
1059 4565 1085 4610 S.
1095 4566 1235 4610 Domenico
1245 4567 1307 4610 delli
1320 4564 1464 4611 Christiani
1473 4566 1534 4611 dell'
1542 4580 1604 4623 uns,
1613 4579 1640 4615 et

410 4643 456 4686 alli
467 4642 495 4686 P.
507 4642 532 4685 di
544 4640 569 4684 S.
586 4640 733 4683 Fraucesco
749 4639 808 4683 delli
825 4638 969 4683 Christiani
984 4640 1043 4681 dell’
1056 4639 1133 4689 ultra,
1147 4645 1173 4682 et
1188 4639 1234 4681 alli
1249 4638 1277 4684 P.
1293 4638 1362 4683 della
1378 4639 1533 4693 compagult
1547 4648 1641 4687 nostra

409 4714 493 4757 dando
503 4716 528 4756 la
539 4723 602 4756 cura
613 4712 673 4755 delli
682 4710 824 4756 Christiani
833 4712 894 4755 dall·
905 4713 998 4764 altra„
1010 4710 1121 4754 Diversi
1130 4712 1211 4760 anisi,
1220 4718 1280 4764 etc.¹
1289 4712 1333 4756 tol.
1341 4710 1382 4755 art
1391 4723 1420 4755 v.

450 4784 462 4816 ⁵
489 4784 666 4829 Maharbrrct.
