3717 5400
387 461 442 521 632
845 466 974 527 Canon.
993 467 1071 528 Soc.
1092 471 1163 542 jas.

389 617 532 671 nostros
547 609 582 672 in
603 610 761 690 Collegio
777 609 976 677 Salvatoris
995 616 1197 691 sustentari,
1215 631 1294 679 cum
1316 632 1362 678 ex
1382 615 1621 694 eleemosynis·

390 717 511 795 populi
527 725 663 780 tantum
676 719 807 799 aliquid
819 718 957 784 farinae
969 723 1207 801 colligeretur,
1220 731 1255 785 et
1265 739 1355 803 quas
1367 721 1593 785 Gubernator
1606 721 1620 752 ²

391 830 426 884 et
447 822 590 902 quidam
617 825 676 888 alii
702 825 892 907 faciebant,
920 829 966 892 ad
990 829 1125 893 victum
1151 827 1310 893 sufficere
1337 847 1408 892 non
1433 837 1621 910 poterant;

393 944 501 1008 agros
525 931 697 1010 quosdam
722 934 874 998 habebat
898 936 1100 1014 collegium,
1125 935 1188 1000 sed
1213 937 1259 999 ad
1277 953 1339 998 eos
1363 935 1531 999 colendos
1549 952 1621 998 nec

394 1036 489 1100 vires
503 1057 569 1102 nec
591 1040 701 1103 otium
723 1043 834 1105 nostri
853 1043 1046 1121 habebant;
1073 1044 1142 1107 duo
1161 1042 1255 1106 servi
1275 1054 1310 1106 et
1329 1043 1473 1106 totidem
1488 1059 1618 1105 servae

393 1145 523 1208 mortui
537 1145 687 1224 fuerant,
704 1157 739 1211 et
762 1148 881 1228 aliqui,
905 1151 966 1229 qui
986 1161 1207 1230 supererant,
1224 1168 1245 1213 a
1261 1149 1299 1212 P.
1319 1149 1533 1212 Provinciali
1546 1166 1621 1212 non

395 1269 459 1332 pro
474 1254 642 1332 legitimis
657 1255 771 1318 servis
786 1255 1007 1319 habebantur
1030 1255 1052 1330 ¹3
1070 1275 1135 1321 nec
1155 1258 1248 1321 enim
1263 1258 1397 1334 titulus,
1413 1257 1533 1338 quoin
1548 1273 1619 1321 ser·

395 1359 543 1422 vitutem
559 1361 694 1426 redacti
709 1373 820 1441 erant,
842 1363 873 1426 ei
888 1365 1069 1443 placebat;
1086 1381 1153 1428 nec
1167 1364 1299 1444 aliquid
1314 1375 1390 1427 erat
1406 1365 1441 1426 in
1455 1361 1626 1438 Brasilia,

396 1467 489 1546 quod
510 1467 681 1548 majorem
704 1482 843 1548 gereret
865 1473 1071 1551 scrupulum
1090 1472 1327 1549 conscientiis,
1348 1487 1455 1550 quam
1473 1487 1534 1533 eos
1549 1487 1628 1532 ser·

396 1590 523 1637 vorum
540 1578 617 1638 loco
632 1576 774 1654 habere,
792 1577 852 1657 qni
867 1579 1023 1658 legitime
1036 1596 1101 1659 pro
1123 1579 1238 1642 servis
1253 1578 1406 1641 habendi
1420 1595 1491 1640 non
1506 1587 1619 1639 erant.

397 1677 532 1744 Partim
557 1699 644 1762 ergo
667 1701 711 1746 ex
733 1685 980 1765 eleemosynis,
1011 1687 1140 1766 partim
1165 1702 1227 1748 aes
1255 1687 1408 1748 alienum
1434 1683 1629 1747 conflando

397 1789 510 1853 nostri
535 1788 755 1870 victitabant,
784 1791 879 1872 quod
901 1803 1020 1856 tamen
1044 1811 1090 1855 ex
1114 1791 1383 1873 nova·quadam
1407 1791 1516 1871 Regis
1534 1792 1627 1853 elee-

398 1912 561 1976 mosyna,
574 1915 680 1978 quam
692 1899 952 1979 singulisannis
963 1900 1039 1962 dari
1048 1898 1214 1979 iusserat,
1225 1899 1476 1962 dissolvebant.
1486 1896 1630 1961 Domos
1675 1884 1679 1892 “

400 2001 572 2080 quasdam
598 2003 829 2069 aedificarunt
854 2007 979 2084 nostri,
1010 2023 1101 2087 quae
1128 2008 1182 2070 bis
1211 2007 1431 2082 ceciderant,
1461 2004 1524 2068 sed
1548 2002 1626 2084 jam

400 2111 511 2172 coctis
526 2111 654 2190 tegulis
673 2130 794 2177 earum
816 2123 948 2178 tectum
968 2122 1197 2194 operuerant;
1217 2113 1360 2194 quidam
1383 2122 1502 2175 autem
1522 2111 1625 2174 faber

401 2218 589 2296 murariuS,
617 2220 676 2300 qui
694 2222 775 2283 exul
794 2239 839 2283 ex
858 2221 1077 2301 Portugallia
1097 2222 1226 2287 missus
1249 2220 1376 2300 suerat,
1398 2221 1540 2283 domum
1562 2234 1631 2281 no·

400 2342 483 2388 vam
499 2326 707 2390 construxit.

376 2462 378 2471 ν
463 2431 550 2496 1729.
595 2433 758 2498 Affirmat
780 2434 872 2498 idem
896 2436 1103 2501 Ludovicus
1127 2437 1222 2517 quod
1241 2447 1275 2500 et
1294 2435 1332 2500 P.
1349 2435 1515 2513 Nobrega
1534 2429 1626 2495 affir-

381 2540 536 2604 mabat:
558 2561 602 2604 ex
623 2542 752 2605 adultis
772 2543 973 2607 hominibus
990 2543 1144 2608 fructum
1163 2544 1300 2623 sperari
1319 2560 1389 2606 non
1409 2557 1525 2622 posse,
1542 2539 1626 2621 quia

401 2645 560 2729 capaces*
581 2650 797 2714 christianae
827 2651 922 2715 vitae
950 2669 1021 2715 non
1048 2651 1271 2732 videbantur,
1302 2649 1466 2732 quamvis
1492 2647 1628 2729 aliquot

401 2756 505 2835 signa
519 2758 556 2821 in
570 2758 670 2821 initio
685 2756 777 2821 bo'na
794 2758 969 2838 dederint,
986 2770 1020 2822 et
1032 2778 1076 2822 ex
1091 2760 1254 2823 omnibus
1272 2758 1547 2835 brasiliensibus,
1564 2756 1632 2836 qui

402 2862 616 2943 baptismum
630 2876 873 2945 susceperant,
887 2882 931 2929 ne
942 2882 1034 2929 unus
1045 2866 1185 2947 quidem
1200 2866 1236 2929 id
1251 2865 1426 2946 specimen
1443 2862 1634 2943 religionis

402 2970 605 3049 praebebat,
621 2972 715 3051 quod
730 2972 847 3051 quivis
862 2971 874 3002 ³
889 2990 934 3036 ex
949 2957 1298 3053 servis'aethiopibus
1315 2971 1473 3036 Ghineae
1489 2971 1574 3034 dare
1588 2970 1629 3033 in

403 3072 621 3157 Portugallia
649 3080 777 3142 solitus
802 3091 889 3142 erat.
916 3080 1115 3173 Videbatur
1140 3080 1185 3143 ad
1210 3097 1332 3143 eorum
1356 3078 1629 3142 conversionem

402 3183 485 3245 utile
511 3183 668 3248 futurum
688 3187 779 3266 quod
803 3186 896 3249 idola
916 3204 988 3250 non
1012 3187 1198 3265 haberent;
1226 3186 1288 3249 sed
1308 3187 1552 3266 experimento
1577 3183 1632 3247 di-

403 3306 502 3353 scere
517 3292 628 3355 nostri
644 3293 853 3357 videbantur
870 3294 965 3375 quod
978 3294 1047 3357 hoe
1061 3294 1223 3371 nocebat,
1240 3294 1322 3374 quia
1338 3292 1469 3355 nullum
1486 3307 1635 3355 sensum

403 3398 585 3478 religionis
600 3400 789 3463 habebant.
805 3400 953 3483 Reliqua
969 3412 1045 3463 erat
1061 3418 1142 3481 spes
1163 3402 1198 3462 in
1217 3402 1347 3481 pueris,
1369 3400 1532 3480 quamvis
1551 3412 1637 3479 per*

403 3504 541 3569 difficile
567 3506 610 3569 de
635 3520 821 3587 parentum
842 3508 1014 3585 manibus,
1037 3518 1073 3570 ut
1098 3504 1286 3587 diximus⁴,
1311 3506 1562 3586 eripiebantur.
1584 3504 1633 3569 Et

404 3630 474 3675 non
490 3614 593 3693 pauci
609 3630 654 3677 ex
666 3615 732 3692 his,
748 3616 809 3695 qui
824 3626 1015 3695 utcumque
1031 3632 1052 3677 a
1070 3616 1201 3678 nostris
1219 3613 1497 3693 excipiebantur,
1519 3611 1639 3691 logie·

404 3718 506 3793 bant;
531 3730 565 3782 et
582 3718 656 3801 jam
676 3722 944 3801 quatuordecim
969 3733 1029 3784 aut
1054 3721 1255 3801 quindecim
1280 3721 1345 3783 sub
1368 3720 1504 3782 initium
1525 3716 1633 3797 hujus

404 3827 488 3888 anni
510 3826 575 3889 sub
598 3826 634 3889 Ρ.
649 3826 833 3891 Ludovico
852 3828 1030 3907 fugerant.
1052 3829 1174 3908 ltaque
1195 3845 1265 3890 non
1284 3826 1473 3889 admodum
1492 3824 1639 3887 sarissa·

405 3934 521 3997 ciebat
542 3932 580 3995 P.
596 3934 781 3998 Ludovico
801 3935 948 4013 fructus,
971 3936 1032 4015 qui
1052 3954 1096 3997 ex
1116 3936 1184 3997 hac
1204 3934 1308 3997 vinea
1331 3932 1476 3995 Domini
1490 3932 1637 4011 collige-

405 4040 526 4113 batur;
551 4042 609 4121 qui
632 4043 783 4105 enimin
806 4043 895 4104 locis
920 4059 1031 4122 prope
1054 4043 1174 4105 urbem
1198 4040 1397 4105 Salvatoris
1419 4038 1635 4118 residebant,

406 4165 476 4227 quo
499 4149 689 4210 viciniores
717 4148 909 4225 Lusitanis
936 4168 977 4211 eo
1000 4149 1116 4211 minus
1136 4150 1254 4213 idonei
1275 4148 1321 4210 ad
1340 4148 1445 4211 fidem
1469 4157 1502 4209 et
1522 4146 1645 4209 vitam

450 4426 457 4457 ¹
486 4426 624 4470 Eduardut
641 4427 766 4480 (Duorle)
777 4429 810 4471 da
822 4428 909 4471 Costa.
922 4428 988 4471 Vide
998 4438 1086 4482 supra.
1098 4436 1116 4471 t.
1127 4439 1163 4479 tr,
1173 4428 1289 4482 pug.5l¹¹,
1299 4432 1386 4470 annot.
1400 4428 1419 4468 l.

448 4496 459 4527 ¹
488 4496 542 4540 Hoc
554 4508 602 4549 est,
613 4507 641 4542 ut
652 4511 683 4541 ex
694 4502 860 4553 sequentibus
870 4507 951 4553 patet.
964 4512 1013 4542 non
1024 4501 1186 4543 habebantur
1196 4501 1272 4552 tales,
1283 4507 1307 4541 ut
1319 4499 1344 4541 in
1354 4509 1398 4540 eos
1408 4496 1554 4546 dominium,
1561 4497 1650 4550 quale

409 4568 435 4611 in
445 4579 536 4611 servos
547 4571 621 4619 solet,
633 4572 749 4615 exerceri
760 4574 792 4615 ab
804 4574 855 4615 ullo
864 4579 960 4625 posset.

449 4636 461 4670 ⁸
487 4640 640 4685 Marruvia

451 4716 462 4745 ⁴
489 4712 581 4766 Supra.
594 4725 653 4768 pag.
663 4714 711 4763 628.
722 4726 746 4757 n.
758 4714 817 4759 171⁴).
