3717 5400
803 489 960 550 aalma
1439 465 1492 550 aar

264 636 400 715 sitaniS,
430 635 489 717 qui
517 645 601 699 tunc
629 634 737 716 Regis
765 637 902 700 curiam
929 635 1182 716 sequebantur,
1214 635 1403 716 hospitium
1432 637 1492 699 ha·

265 743 407 808 bebant.
1127 753 1131 760 “

330 850 418 914 1919.
461 848 546 913 Post
564 849 653 914 duos
672 858 732 914 aut
754 859 827 914 tres
852 849 927 914 dies
950 850 1096 914 recessit
1117 867 1163 912 ex
1184 867 1226 913 eo
1247 851 1325 913 loco
1346 849 1435 924 Rex,
1456 846 1495 912 ut

269 965 349 1021 octo
375 957 511 1020 dierum
537 941 662 1020 itinere
687 957 733 1020 ad
758 957 877 1020 aviam
902 974 1004 1020 suam
1028 957 1250 1019 invisendam
1274 956 1351 1020 iret.
1376 955 1495 1019 Nostri

268 1072 388 1128 autem
402 1064 438 1127 in
452 1079 579 1145 campo
595 1064 653 1126 illo
669 1063 798 1128 deserti
812 1063 971 1142 fuerunt,
988 1081 1053 1127 nec
1068 1062 1244 1126 habebant
1259 1063 1319 1142 qui
1334 1059 1496 1126 sarcinas

271 1171 429 1252 ipsorum
453 1169 582 1250 ferret;
603 1171 666 1234 sed
685 1171 812 1234 nobilis
831 1171 974 1252 quidam
998 1171 1184 1246 lusitanus
1207 1170 1387 1234 Gonzalus
1409 1169 1495 1232 Her·

271 1295 353 1341 rera
370 1277 523 1355 nomine,
540 1276 585 1340 ad
601 1277 774 1358 quaedam
794 1294 859 1341 sua
877 1278 957 1340 loca
978 1277 1096 1341 vicina
1116 1287 1257 1340 nostros
1276 1276 1439 1356 deduxit,
1463 1285 1497 1339 et

272 1383 308 1448 in
323 1385 466 1465 propria
481 1384 587 1448 domo
602 1401 664 1448 eos
679 1385 894 1464 relinquens,
912 1383 1046 1463 Regem
1066 1384 1192 1448 deinde
1212 1393 1355 1447 secutus
1375 1392 1440 1461 est;
1463 1391 1498 1447 et

272 1491 322 1555 ibi
337 1508 401 1572 per
412 1507 569 1556 mensem
585 1491 761 1572 integrum
774 1491 942 1572 usquead
955 1489 1030 1570 ejus
1045 1491 1195 1554 reditum
1207 1491 1497 1570 conquieverunt.

334 1597 421 1661 1920.
464 1596 577 1677 Regio
602 1598 678 1677 illa,
705 1597 740 1661 in
765 1615 837 1678 qua
862 1597 940 1660 Rex
964 1597 1105 1661 assidue
1129 1598 1360 1674 versabatur,
1387 1599 1497 1661 multo

271 1705 419 1769 fertilior
434 1714 487 1768 est
501 1705 591 1781 aliis,
608 1723 697 1785 quas
711 1706 809 1785 prius
824 1706 937 1769 nostri
951 1703 1127 1781 viderant,
1144 1705 1234 1768 adeo
1255 1718 1292 1768 ut
1313 1706 1367 1767 bis
1388 1714 1422 1768 et
1443 1717 1497 1768 ter

274 1813 424 1893 singulis
439 1813 540 1876 annis
555 1811 709 1879 fructum
723 1811 849 1890 serret3
866 1821 901 1875 et
921 1811 1106 1875 accidebat
1119 1829 1228 1875 unum
1247 1829 1325 1874 esse
1344 1813 1381 1875 in
1400 1811 1500 1892 spica*

276 1928 310 1985 et
330 1919 426 1983 aliud
444 1917 517 1998 jam
539 1919 760 1983 seminatum.
782 1917 899 1981 Habet
918 1919 1013 1981 mala
1034 1920 1186 1999 persica,
1210 1918 1296 1981 ficus
1322 1918 1441 1982 Indiae
1466 1927 1501 1980 et

275 2044 410 2091 cannas
424 2025 589 2090 sacchari
608 2035 643 2088 et
658 2023 795 2106 aliquas
814 2027 921 2100 vites;
944 2042 1010 2088 nec
1031 2025 1187 2088 abundat
1208 2023 1408 2104 hujusmodi
1429 2025 1500 2088 fru-

274 2134 401 2212 ctibuS,
418 2133 502 2214 quia
517 2141 612 2195 terra
627 2149 697 2195 non
713 2133 897 2194 excolitur.
916 2130 1030 2212 Aquis
1046 2132 1201 2195 abundat
1222 2142 1256 2194 et
1279 2133 1421 2211 optimis
1440 2132 1500 2195 flu·

276 2239 430 2304 minibus
454 2257 497 2302 ac
522 2239 642 2304 multis
666 2248 701 2302 et
726 2240 867 2317 magnis
891 2239 1060 2318 piscibus:
1082 2239 1228 2302 arbores
1247 2239 1291 2302 ab
1315 2239 1382 2314 his,
1410 2257 1500 2320 quae

275 2355 357 2412 sunt
371 2348 406 2410 in
421 2345 594 2426 Hispania
609 2359 644 2408 et
658 2344 769 2420 India,
786 2345 949 2408 diversae
964 2354 1056 2423 sunt,
1074 2354 1108 2407 et
1123 2345 1244 2425 spinas
1255 2346 1397 2419 habent,
1412 2345 1501 2409 adeo

275 2461 313 2518 ut
328 2471 399 2517 non
414 2453 490 2516 sine
505 2453 666 2516 molestia
682 2437 744 2532 per
758 2452 884 2516 itinera
900 2453 1060 2532 equitare
1075 2454 1197 2531 liceat,
1221 2471 1305 2515 nam
1325 2463 1444 2516 vestes
1467 2464 1502 2516 et

276 2561 395 2625 omnia
411 2561 627 2640 discerpunt.

339 2667 426 2731 1921.
470 2666 651 2731 Ecclesiae
668 2666 839 2731 rotundae
853 2677 935 2729 sunt
950 2674 985 2729 et
1004 2665 1105 2746 palea
1121 2676 1283 2753 opertae,
1298 2683 1364 2731 nec
1380 2667 1503 2748 imagi·

275 2792 340 2838 nes
353 2775 496 2853 habent,
513 2773 607 2855 quod
625 2773 800 2854 pictorum
819 2772 958 2837 defectu
974 2774 1137 2837 accidere
1154 2775 1351 2837 videbatur.
1375 2774 1504 2840 Clerici

277 2880 459 2961 conjugati
474 2890 571 2958 sunt,
587 2890 623 2944 et
642 2880 748 2959 pauci
766 2879 869 2943 fiunt:
890 2879 1084 2943 monachos
1104 2897 1322 2960 magnopere
1342 2900 1503 2945 reveren·

278 2998 346 3069 tur,
364 3006 513 3070 quorum
529 2988 629 3051 multi
650 2987 739 3051 casti
760 2987 1010 3065 censebantur,
1032 2988 1195 3068 quamvis
1215 2989 1274 3051 alii
1296 2992 1389 3051 male
1409 2990 1504 3053 audi·

278 3105 377 3177 rent;
407 3097 468 3177 qni
495 3106 615 3159 tamen
643 3113 688 3159 ex
716 3095 899 3158 monachis
927 3095 964 3158 in
992 3095 1142 3159 desertis
1169 3097 1257 3159 locis
1286 3096 1504 3175 habitabant,

278 3204 390 3269 vitam
405 3220 490 3267 vere
505 3202 786 3267 anachoriticam
801 3219 887 3282 prae
902 3220 940 3264 se
955 3201 1127 3265 serebant.

341 3311 430 3376 1922.
473 3311 614 3391 Vulgus
639 3310 820 3373 hominum
847 3309 891 3372 ad
917 3309 1143 3373 devotionem
1172 3328 1386 3390 propensum
1413 3311 1507 3372 vide·
1562 3390 1565 3394 ἱ

279 3427 347 3496 tur,
365 3418 427 3482 sed
442 3434 617 3499 pauperes
630 3434 702 3480 non
717 3416 866 3479 libenter
880 3416 1004 3479 vident
1018 3416 1232 3489 mendicare.
1255 3416 1346 3479 sorte
1369 3418 1451 3497 quia
1473 3427 1508 3479 et

279 3524 347 3606 ipsi
365 3541 540 3605 pauperes
566 3534 646 3587 sunt
671 3532 706 3587 et
723 3522 832 3586 animi
857 3540 984 3603 parum
1009 3523 1185 3602 generosi.
1214 3522 1316 3602 Quod
1338 3524 1384 3586 ibi
1405 3522 1509 3585 valde

282 3631 370 3694 alios
390 3629 552 3693 aedificat
578 3640 631 3693 est
652 3646 733 3693 cum
748 3646 878 3708 magna
899 3630 1148 3692 recollectione
1166 3638 1201 3692 et
1221 3630 1317 3692 vitae
1332 3631 1510 3708 gravitate

282 3737 417 3816 vivere;
437 3746 472 3801 et
492 3746 529 3799 ut
549 3735 687 3801 fructus
711 3736 839 3816 aliquis
860 3735 942 3816 capi
966 3754 1011 3799 ex
1036 3736 1089 3799 eis
1112 3746 1244 3815 posset,
1270 3738 1511 3799 necessarium

282 3862 360 3909 esse
379 3843 417 3907 P.
441 3842 622 3908 Gonzalus
641 3843 808 3907 censebat
827 3842 878 3906 sic
901 3860 939 3906 se
959 3858 1096 3922 gerere,
1123 3854 1162 3906 ut
1187 3845 1223 3908 in
1248 3845 1397 3906 scientia
1417 3855 1450 3908 et
1477 3846 1512 3907 in

282 3952 414 4016 virtute
445 3950 606 4014 homines
630 3966 669 4013 se
697 3950 915 4030 superiorem
946 3950 1160 4013 existiment.
1194 3950 1365 4030 Quamvis
1394 3962 1513 4014 autem

283 4058 415 4123 multae
440 4058 511 4121 sint
530 4056 702 4121 ecclesiae
727 4067 762 4119 et
787 4057 868 4119 loca
886 4057 1144 4119 monachorum
1168 4058 1266 4121 ineo
1292 4075 1420 4137 regno,
1442 4076 1511 4121 non

282 4168 468 4230 solvuntur
489 4164 648 4227 decimae
673 4182 694 4227 a
715 4164 858 4245 populo,
879 4163 942 4227 sed
963 4164 1042 4244 agri
1063 4164 1237 4243 assignati
1257 4176 1338 4228 sunt
1359 4168 1394 4229 in
1415 4167 1514 4229 cleri·

283 4289 405 4337 corum
421 4280 455 4337 et
469 4271 717 4351 religiosorum
732 4286 848 4335 usum.

344 4378 432 4443 1923.
476 4378 554 4442 Hoc
574 4394 710 4457 mense,
733 4394 803 4458 quo
826 4376 980 4441 reditum
1003 4376 1113 4459 Regis
1132 4378 1244 4443 nostri
1266 4380 1514 4459 expectabant,

282 4488 437 4568 gratiam
451 4487 676 4568 postularunt
689 4485 735 4548 ab
749 4500 792 4548 eo
810 4481 818 4515 ¹
835 4484 880 4547 ad
894 4482 1005 4565 Regis
1019 4483 1231 4567 Aethiopiae
1248 4497 1401 4550 mentem
1418 4488 1517 4549 intel·

327 4729 336 4761 Ι
366 4724 876 4781 8103verumextsttrnamnsscribendum
888 4736 945 4770 esse
955 4736 972 4769 a
985 4724 1046 4771 Deo.
