3717 5400
806 505 869 563 ΑΝ.
893 506 964 564 1555
1447 505 1501 564 217

327 646 397 709 701.
444 647 546 728 Quod
573 650 618 713 ad
639 649 819 729 Pragense
841 650 1040 729 Collegium
1061 654 1197 729 attinet,
1219 652 1413 732 scripserat
1433 651 1500 715 Ro·

270 771 458 818 manorum
478 755 554 820 Rex
574 756 736 821 Patribus
759 757 904 822 Canisio
924 770 959 821 et
980 758 1130 838 Lanoyo
1149 776 1194 822 ex
1213 759 1358 820 civitate
1379 757 1499 836 Augu·

269 870 323 924 sta
343 861 350 891 ¹
366 879 404 925 se
419 864 645 928 constituisse
666 865 919 928 monasterium
936 865 1138 945 Oybinense
1161 883 1241 928 cum
1254 865 1415 928 omuibus
1427 865 1501 927 suis

264 966 417 1048 juribuS,
445 971 615 1034 reditibus
640 981 674 1034 et
695 973 941 1035 emolumentis
965 973 1010 1034 ad
1036 974 1329 1035 sustentationem
1351 971 1499 1049 Collegii

270 1077 381 1139 nostri
397 1076 589 1153 Praeensis
605 1079 802 1156 assignare,
819 1096 900 1142 cum
915 1080 1003 1142 ordo
1018 1077 1311 1156 coelestinorum,
1335 1078 1380 1141 ad
1395 1095 1500 1157 quem

266 1185 519 1247 monasterium
541 1185 625 1247 illud
642 1186 848 1264 pertinebat,
876 1186 913 1248 in
938 1186 1007 1248 iilis
1031 1186 1226 1265 provinciis
1247 1184 1321 1265 jam
1348 1202 1499 1265 prorsus

266 1307 345 1354 esse
357 1293 518 1355 desiisset
540 1294 562 1351 ².
590 1291 634 1354 Et
657 1292 824 1372 quiahoc
850 1295 1105 1356 monasterium
1130 1293 1265 1372 aliquot
1291 1293 1499 1354 milliaribus

266 1397 384 1479 Praga
400 1399 566 1470 distabat,
583 1400 706 1463 scribit
721 1416 759 1462 se
772 1400 962 1480 deputasse
974 1399 1151 1480 quoddam
1165 1400 1417 1462 monasterium
1430 1400 1498 1462 ira·

265 1515 358 1567 trum
374 1504 518 1569 Ordinis
533 1505 835 1580 Praedicatorum,
853 1508 917 1568 sub
934 1507 1036 1569 titulo
1052 1505 1111 1569 Sd*
1131 1506 1332 1581 Clementis,
1351 1505 1446 1585 quod
1461 1507 1498 1568 in

267 1615 413 1694 antiqua
432 1615 589 1676 civitatis
609 1613 800 1692 Pragensis
822 1625 935 1695 parte,
956 1615 992 1676 in
1018 1614 1163 1688 salubri,
1185 1631 1334 1676 amoeno
1354 1627 1389 1676 et
1404 1629 1498 1676 eom·

267 1722 373 1784 modo
388 1723 469 1784 loco
485 1723 600 1784 omnis
615 1723 742 1784 aetatis
758 1722 969 1798 hominibus,
987 1731 1025 1785 ut
1041 1723 1086 1784 ad
1101 1722 1291 1784 conciones
1306 1731 1340 1783 et
1354 1722 1498 1784 scholas

266 1837 469 1891 nostrorum
485 1828 608 1892 venire
620 1837 775 1908 possent;
792 1847 861 1910 qua
877 1827 920 1892 de
936 1846 974 1891 re
990 1839 1132 1891 nostros
1147 1845 1185 1890 se
1200 1829 1390 1890 admonere
1406 1828 1497 1890 dice·

266 1935 338 2014 bat,
355 1947 392 1998 ut
407 1937 602 1999 deliberare
627 1947 771 2017 possent
798 1937 974 2016 quomodo
1001 1937 1256 1998 monasterium
1281 1936 1366 1997 illud
1391 1933 1496 2014 Oybi·

267 2060 376 2105 nense
391 2043 426 2105 in
442 2043 682 2123 spiritualibus
699 2056 733 2105 et
758 2043 1010 2122 temporalibus
1036 2060 1162 2122 regere
1183 2044 1324 2116 vellent;
1353 2054 1387 2106 et
1401 2053 1440 2105 ut
1455 2043 1499 2105 de

268 2149 336 2212 situ
353 2159 387 2213 et
402 2151 572 2231 qualitate
586 2151 792 2213 monasterii
812 2149 871 2214 §.ti
894 2149 1086 2214 Clementis
1107 2162 1251 2229 possent
1271 2148 1457 2213 informari
1472 2147 1495 2210 ³.

325 2255 396 2320 702.
440 2256 529 2321 Cum
558 2267 676 2321 autem
705 2275 749 2320 ex
778 2257 833 2320 his
860 2269 977 2320 motus
1000 2256 1038 2320 P.
1067 2255 1204 2320 Natalis
1235 2257 1389 2320 eundum
1419 2275 1497 2320 esse

266 2363 303 2427 P.
322 2363 466 2427 Canisio
481 2364 635 2444 Pragam
650 2375 810 2427 censeret
824 2362 847 2441 ⁴,
865 2365 1002 2427 litteras
1016 2364 1150 2444 abipso
1161 2363 1259 2442 Rege
1270 2363 1299 2426 F
1301 2364 1497 2426 erdinando

267 2471 470 2551 postulavit,
488 2484 521 2534 et
537 2471 698 2548 obtinuit,
715 2471 761 2534 ad
776 2471 1016 2535 Archiducem
1030 2471 1209 2547 Austriae,
1222 2469 1498 2546 Ferdinandum,

268 2576 378 2642 filium
392 2579 513 2658 ipsius
531 2588 566 2641 et
582 2577 787 2658 Pro-regem
802 2579 996 2642 Bohemiae
1026 2583 1048 2657 Ι;
1075 2588 1111 2641 et
1132 2579 1254 2657 primis
1270 2578 1394 2640 diebus
1417 2577 1500 2659 Julii

308 2820 318 2851 ¹
347 2819 402 2863 Has
417 2818 573 2864 Ferdinandi
589 2820 694 2863 litteras
711 2832 761 2863 non
778 2821 898 2865 vidimus.
913 2820 1013 2865 Earum
1028 2827 1115 2863 tamen
1130 2820 1246 2864 meminit
1257 2822 1310 2874 ipse
1321 2819 1501 2864 Ferdinandus

268 2888 371 2945 Ignatlo
386 2892 502 2935 scribens
517 2892 638 2945 Augusta
648 2892 698 2935 28.⁸
708 2890 845 2935 Februarii
861 2892 937 2945 hujus
949 2892 1009 2935 anni
1021 2892 1086 2935 1555:
1098 2892 1164 2935 “Eos
1177 2893 1264 2946 itaque
1278 2892 1330 2946 (qul
1344 2891 1427 2935 Roma
1438 2892 1500 2935 Pra-

268 2973 329 3016 gam
340 2962 516 3013 mitterentur)
525 2973 572 3005 suo
583 2970 698 3016 tempore
714 2962 916 3016 expectabimus,
927 2963 960 3005 ad
976 2963 1049 3015 cnjus
1064 2973 1126 3005 sane
1139 2962 1242 3015 collegii
1256 2962 1413 3005 erectionem
1422 2969 1449 3006 et
1458 2973 1502 3005 ne-

269 3034 409 3077 cessariam
418 3032 643 3085 sustentationem,
653 3041 763 3088 quantos
773 3041 798 3077 et
810 3034 899 3087 quales
910 3034 1035 3085 redditus,
1046 3044 1146 3087 quaeve
1157 3035 1224 3076 bona
1231 3033 1366 3086 assignare
1377 3034 1499 3076 decreve-

267 3106 356 3157 rimus,
367 3105 495 3151 iratrihus
504 3105 555 3149 tuis
565 3106 759 3149 honorabilibus
769 3106 907 3159 religiosis,
919 3105 1030 3159 devotis,
1043 3106 1117 3149 nobis
1127 3106 1238 3159 dilectis,
1247 3104 1356 3149 Nicolao
1366 3105 1398 3148 de
1407 3104 1499 3159 Lanoi,

267 3176 377 3231 Collegit
388 3176 542 3221 Viennensis
552 3178 656 3229 rectori,
667 3189 697 3220 ac
708 3178 787 3221 Petro
799 3176 901 3221 Canislo
912 3188 1005 3221 sacrae
1015 3177 1163 3231 theologiae
1174 3176 1330 3227 doctoribus,
1342 3175 1499 3230 significavi·

267 3258 347 3299 mus..
355 3248 420 3292 Acta
429 3248 599 3299 sanctorum,
606 3250 622 3292 1.
632 3260 662 3299 c.,
671 3261 694 3291 n.
703 3249 751 3303 t73;
760 3248 912 3301 Msucnnca,
922 3248 1062 3303 Epistulae
1073 3249 1167 3292 Sancti
1173 3248 1287 3302 Ignatii,
1293 3260 1352 3303 pag.
1361 3247 1499 3304 bib-Epi·

267 3321 351 3363 stolae
360 3320 440 3363 etlam
451 3321 566 3363 meminit
577 3320 790 3371 Beannssnnonn,
802 3321 819 3364 l.
831 3332 861 3375 c.,
872 3331 932 3375 pag.
944 3320 993 3365 762.

308 3392 320 3423 ¹
347 3390 510 3446 Videsupra,
522 3400 540 3436 t.
552 3402 587 3439 tv.
598 3404 658 3446 pag.
669 3392 716 3435 ¹265.
726 3404 750 3435 n.
760 3392 807 3445 570,
819 3394 880 3436 etin
892 3394 940 3436 hoc
951 3400 968 3435 t.
981 3404 1005 3443 v,
1016 3404 1077 3447 pag.
1087 3392 1135 3446 233,
1145 3404 1170 3435 n.
1180 3392 1231 3435 673.

308 3462 321 3495 ⁸
347 3463 416 3507 “Hor
426 3470 523 3519 quanto
533 3465 559 3507 ai
570 3464 694 3518 Collegio,
705 3466 728 3507 lo
740 3476 778 3508 me
789 3466 822 3508 ho
833 3466 948 3509 siorzato
957 3465 1042 3518 prima
1053 3476 1069 3508 a
1079 3465 1253 3508 determinare
1261 3464 1500 3518 dellnogo,etdap-

268 3536 311 3589 poi
321 3535 388 3579 delle
400 3536 501 3579 intrade
512 3548 526 3579 o
538 3535 640 3590 redditi.
651 3535 721 3580 Vero
732 3540 754 3587 e,
763 3538 810 3580 che
821 3536 855 3580 mi
865 3548 927 3580 sono
943 3543 1014 3579 stato
1026 3543 1208 3590 representato
1223 3537 1320 3580 diversi
1331 3536 1401 3589 tuogi
1413 3543 1439 3579 et
1448 3548 1500 3579 mo·

267 3609 386 3661 nasterij,
398 3619 440 3651 ma
450 3608 544 3651 sicome
555 3608 670 3651 anchora
682 3610 707 3651 la
717 3620 763 3652 sua
774 3608 884 3653 Maiesta
892 3608 974 3652 hebbe
985 3608 1079 3652 fattaii
1091 3609 1199 3661 insegni,
1209 3620 1257 3651 non
1267 3609 1287 3650 s'
1298 3608 1413 3651 oilerisse
1423 3609 1500 3661 luogo

267 3679 313 3735 plu
324 3680 455 3723 commodo
465 3680 512 3722 che
525 3682 565 3722 nei
575 3681 733 3723 monasterio
744 3680 775 3723 de
786 3680 811 3725 S.
823 3679 964 3731 Clemente,
976 3681 1043 3723 dove
1054 3692 1117 3724 sono
1127 3681 1139 3723 1
1151 3680 1260 3723 obirati
1272 3680 1303 3722 de
1314 3678 1339 3721 S.
1351 3679 1496 3723 Dominico.

269 3750 303 3793 Et
319 3762 365 3805 per
381 3752 453 3794 vitar
463 3753 486 3793 le
502 3752 653 3795 dliiieultadl
669 3752 738 3795 circa
749 3754 775 3795 la
785 3752 907 3807 dispensa
918 3752 967 3795 dei·
977 3752 1074 3805 ordine,
1085 3753 1196 3795 hauemo
1206 3757 1312 3795 trouato
1321 3753 1363 3795 un'
1372 3753 1440 3794 altro
1450 3762 1501 3794 mo-

269 3823 384 3866 neoterio
399 3824 469 3867 circa
480 3822 497 3865 li
508 3823 573 3867 muri
589 3824 658 3867 della
672 3826 751 3875 citta,
762 3832 787 3865 et
798 3824 816 3867 ii
826 3824 977 3868 Archiducs
988 3822 1158 3871 Ferdinando.
1169 3822 1265 3876 figtiolo
1281 3823 1349 3866 delia
1362 3833 1411 3865 sua
1425 3821 1501 3865 Maie-

269 3902 319 3941 sta,
328 3896 346 3938 ll
357 3897 432 3948 quale
443 3896 522 3938 molto
533 3895 556 3937 ci
569 3896 703 3945 iauorlsse,
713 3896 756 3949 gia
765 3895 799 3938 ha
808 3896 1009 3939 eonsentltoche
1018 3897 1040 3939 sl
1051 3896 1136 3939 faccia
1146 3907 1179 3939 un
1190 3894 1290 3938 cambio
1300 3894 1324 3938 di
1336 3894 1419 3947 questi
1428 3894 1501 3937 2ωο-

268 3968 385 4021 nasterij.
400 3969 534 4019 taimente,
550 3968 629 4011 cheli
647 3967 806 4011 Dominlcani
823 3974 913 4022 sponte
928 3968 1065 4022 migrando
1080 3968 1123 4011 dal
1138 3978 1185 4010 sno
1198 3966 1356 4010 monasterio
1370 3967 1389 4007 il
1399 3966 1499 4019 qualee

268 4044 343 4082 tanto
360 4038 473 4089 antleho,
484 4038 533 4081 che
549 4040 670 4091 arestosi
682 4039 822 4087 ruinarris,
833 4045 858 4081 et
869 4039 1060 4094 guadagnando
1073 4040 1160 4093 quella
1172 4038 1328 4082 commoditlt
1345 4044 1370 4080 et
1386 4037 1501 4081 amenith

268 4110 328 4153 ‹leil'
338 4112 406 4153 altro
416 4110 581 4160 monasterio,
592 4111 612 4153 s·
622 4112 743 4163 obligano
753 4110 776 4153 d·
787 4111 913 4164 impetrat
923 4112 949 4154 la
959 4112 1066 4154 lieentia
1076 4111 1216 4154 solliciente
1224 4111 1268 4152 dai
1276 4120 1322 4153 sno
1330 4109 1498 4153 Prouinciale.

268 4179 303 4224 Et
310 4184 379 4224 cossi
388 4182 491 4225 iassano
498 4182 694 4225 uolentierialla
701 4181 861 4236 Compagnia
868 4189 958 4237 questo
967 4184 1043 4235 luogo
1050 4194 1096 4226 suo
1105 4184 1135 4225 de
1142 4182 1223 4226 Sento
1230 4182 1370 4234 Clemente,
1378 4182 1443 4224 doue
1451 4192 1501 4224 non

267 4250 382 4295 hebbero
392 4250 425 4295 fin
436 4264 452 4295 a
463 4252 505 4305 qui
516 4254 541 4296 la
552 4254 706 4296 sufficientia
721 4254 762 4296 dei
773 4254 869 4305 uiuere,
885 4254 982 4297 sicome
997 4254 1041 4305 gia
1056 4254 1116 4296 nell'
1130 4255 1200 4296 altro
1213 4254 1354 4301 hauernno,
1370 4252 1501 4304 adgiutatl

268 4322 339 4367 dalla
348 4334 396 4367 sua
412 4324 544 4377 Maiesta„
560 4324 678 4368 Canlsius
693 4324 805 4378 ignatio,
818 4324 910 4376 ibJulii
923 4325 982 4368 taes.
995 4324 1209 4375 Baauasnnaoaa,
1220 4326 1237 4367 1.
1248 4336 1280 4373 c.,
1290 4334 1351 4377 pag.
1360 4324 1402 4366 sto
1411 4332 1437 4365 et
1447 4324 1498 4366 517.

306 4396 319 4428 ⁴
346 4394 497 4449 Congruunt
515 4397 554 4439 his
570 4397 635 4439 haec
650 4396 746 4441 canisii
764 4398 853 4441 verba:
869 4396 1050 4451 'Ringratiato
1065 4397 1105 4441 sia
1121 4397 1139 4441 11
1156 4397 1236 4450 padre
1252 4397 1293 4439 del
1309 4396 1375 4438 elelo
1389 4402 1416 4439 et
1434 4396 1502 4438 delta

268 4470 347 4519 terra,
367 4468 384 4510 il
402 4468 461 4521 quai
481 4478 520 4510 me
537 4469 570 4510 ha
587 4468 710 4511 condutto
725 4480 788 4511 sano
799 4480 814 4511 a
825 4467 920 4521 Prata,
939 4475 965 4511 et
982 4469 1120 4522 adglutato
1134 4469 1317 4521 spetialmente
1333 4478 1380 4522 per
1395 4468 1504 4511 satisiar

268 4539 311 4582 ali'
321 4539 468 4585 obedientia
478 4539 519 4581 del
537 4539 568 4582 R.
579 4538 607 4583 P.
618 4539 713 4584 Nostro
731 4538 848 4593 Natale„
859 4539 970 4584 Litteris
986 4552 1074 4595 snpra,
1085 4552 1109 4583 n.
1117 4540 1164 4592 701,
1176 4547 1265 4585 annot.
1280 4540 1301 4595 8,
1317 4540 1504 4583 memoratis.-

267 4606 335 4653 vioe
346 4612 425 4654 etiam
436 4622 524 4665 snpra,
535 4622 594 4665 pag.
606 4612 646 4654 2t5
656 4617 682 4655 et
693 4611 740 4665 216,
752 4622 776 4654 n.
786 4611 838 4653 696.

309 4679 320 4712 ὓ
347 4680 559 4736 “Maximillam
567 4682 724 4726 Ferdinandi
732 4682 743 4725 1
752 4682 819 4725 filius
827 4690 890 4725 natu
900 4683 1035 4733 maximus,
1046 4692 1113 4725 anno
1124 4683 1226 4736 quidem
1237 4682 1290 4726 1549
1300 4682 1439 4726 Bohemlae
1448 4682 1504 4725 Rex

269 4753 417 4796 nominatus
434 4758 500 4807 erat;
518 4753 564 4797 sed
581 4754 756 4809 spoponderat
769 4764 806 4807 se,
816 4762 892 4807 patre
909 4754 979 4807 viro,
990 4755 1065 4807 regni
1080 4753 1299 4797 administrationi
1311 4765 1361 4799 non
1375 4754 1504 4797 immixtu-
