<?xml version="1.0" encoding="UTF-8"?>
<!DOCTYPE html PUBLIC "-//W3C//DTD XHTML 1.0 Transitional//EN"
    "http://www.w3.org/TR/xhtml1/DTD/xhtml1-transitional.dtd">
<html xmlns="http://www.w3.org/1999/xhtml" xml:lang="en" lang="en">
 <head>
  <title>
</title>
<meta http-equiv="Content-Type" content="text/html;charset=utf-8" />
  <meta name='ocr-system' content='tesseract 3.04.00' />
  <meta name='ocr-capabilities' content='ocr_page ocr_carea ocr_par ocr_line ocrx_word'/>
</head>
<body>
  <div class='ocr_page' id='page_1' title='image "./vitaignatiiloio01polagoog_0160.png"; bbox 0 0 3717 5400; ppageno 0'>
   <div class='ocr_carea' id='block_1_1' title="bbox 350 495 1123 568">
    <p class='ocr_par' dir='ltr' id='par_1_1' title="bbox 350 495 1123 568">
     <span class='ocr_line' id='line_1_1' title="bbox 350 495 1123 568; baseline -0.004 -15"><span class='ocrx_word' id='word_1_1' title='bbox 350 498 402 554; x_wconf 69' lang='lat' dir='ltr'>ist</span> <span class='ocrx_word' id='word_1_2' title='bbox 806 496 935 555; x_wconf 70' lang='lat' dir='ltr'>Cattos.</span> <span class='ocrx_word' id='word_1_3' title='bbox 956 495 1032 554; x_wconf 87' lang='lat' dir='ltr'>Soc.</span> <span class='ocrx_word' id='word_1_4' title='bbox 1054 496 1123 568; x_wconf 79' lang='lat' dir='ltr'>Jas.</span> 
     </span>
    </p>
   </div>
   <div class='ocr_carea' id='block_1_2' title="bbox 290 642 1650 3728">
    <p class='ocr_par' dir='ltr' id='par_1_2' title="bbox 345 642 1650 1349">
     <span class='ocr_line' id='line_1_2' title="bbox 348 642 1581 722; baseline 0.002 -18"><span class='ocrx_word' id='word_1_5' title='bbox 348 643 519 720; x_wconf 88' lang='lat' dir='ltr'>venisset,</span> <span class='ocrx_word' id='word_1_6' title='bbox 537 659 748 722; x_wconf 88' lang='lat' dir='ltr'>campanam</span> <span class='ocrx_word' id='word_1_7' title='bbox 764 642 905 722; x_wconf 89' lang='lat' dir='ltr'>quidem</span> <span class='ocrx_word' id='word_1_8' title='bbox 925 642 1128 721; x_wconf 89' lang='lat' dir='ltr'>ponendam</span> <span class='ocrx_word' id='word_1_9' title='bbox 1147 659 1224 704; x_wconf 84' lang='lat' dir='ltr'>esse</span> <span class='ocrx_word' id='word_1_10' title='bbox 1250 643 1388 706; x_wconf 89' lang='lat' dir='ltr'>censuit</span> <span class='ocrx_word' id='word_1_11' title='bbox 1413 644 1503 706; x_wconf 90' lang='lat' dir='ltr'>intra</span> <span class='ocrx_word' id='word_1_12' title='bbox 1520 645 1581 707; x_wconf 83' lang='lat' dir='ltr'>do-</span> 
     </span>
     <span class='ocr_line' id='line_1_3' title="bbox 346 749 1582 830; baseline 0.002 -18"><span class='ocrx_word' id='word_1_13' title='bbox 346 766 456 826; x_wconf 89' lang='lat' dir='ltr'>mum,</span> <span class='ocrx_word' id='word_1_14' title='bbox 472 757 510 812; x_wconf 93' lang='lat' dir='ltr'>ut</span> <span class='ocrx_word' id='word_1_15' title='bbox 526 749 658 812; x_wconf 90' lang='lat' dir='ltr'>scholis</span> <span class='ocrx_word' id='word_1_16' title='bbox 672 749 870 813; x_wconf 86' lang='lat' dir='ltr'>deserviret</span> <span class='ocrx_word' id='word_1_17' title='bbox 883 759 918 812; x_wconf 93' lang='lat' dir='ltr'>et</span> <span class='ocrx_word' id='word_1_18' title='bbox 933 749 1048 812; x_wconf 88' lang='lat' dir='ltr'>ordini</span> <span class='ocrx_word' id='word_1_19' title='bbox 1073 749 1278 827; x_wconf 90' lang='lat' dir='ltr'>domestico,</span> <span class='ocrx_word' id='word_1_20' title='bbox 1295 759 1331 812; x_wconf 90' lang='lat' dir='ltr'>et</span> <span class='ocrx_word' id='word_1_21' title='bbox 1345 749 1439 830; x_wconf 90' lang='lat' dir='ltr'>quod</span> <span class='ocrx_word' id='word_1_22' title='bbox 1455 751 1582 814; x_wconf 89' lang='lat' dir='ltr'>eadem</span> 
     </span>
     <span class='ocr_line' id='line_1_4' title="bbox 345 839 1650 938; baseline 0.002 -20"><span class='ocrx_word' id='word_1_23' title='bbox 345 857 455 919; x_wconf 85' lang='lat' dir='ltr'>etiam</span> <span class='ocrx_word' id='word_1_24' title='bbox 470 855 516 920; x_wconf 90' lang='lat' dir='ltr'>ad</span> <span class='ocrx_word' id='word_1_25' title='bbox 531 855 676 920; x_wconf 85' lang='lat' dir='ltr'>Missam</span> <span class='ocrx_word' id='word_1_26' title='bbox 691 855 878 919; x_wconf 85' lang='lat' dir='ltr'>dicendam</span> <span class='ocrx_word' id='word_1_27' title='bbox 892 855 971 918; x_wconf 90' lang='lat' dir='ltr'>dari</span> <span class='ocrx_word' id='word_1_28' title='bbox 986 854 1129 934; x_wconf 83' lang='lat' dir='ltr'>signum</span> <span class='ocrx_word' id='word_1_29' title='bbox 1141 865 1280 936; x_wconf 89' lang='lat' dir='ltr'>poterat</span> <span class='ocrx_word' id='word_1_30' title='bbox 1300 853 1320 919; x_wconf 85' lang='lat'>¹.</span> <span class='ocrx_word' id='word_1_31' title='bbox 1344 855 1481 921; x_wconf 90' lang='lat' dir='ltr'>Domus</span> <span class='ocrx_word' id='word_1_32' title='bbox 1504 859 1582 938; x_wconf 84' lang='lat' dir='ltr'>qui·</span> <span class='ocrx_word' id='word_1_33' title='bbox 1648 839 1650 844; x_wconf 15' lang='grc' dir='ltr'><em>Α</em></span> 
     </span>
     <span class='ocr_line' id='line_1_5' title="bbox 347 949 1578 1043; baseline 0.002 -17"><span class='ocrx_word' id='word_1_34' title='bbox 347 964 427 1026; x_wconf 91' lang='lat' dir='ltr'>dem</span> <span class='ocrx_word' id='word_1_35' title='bbox 441 979 558 1043; x_wconf 83' lang='lat' dir='ltr'><strong>capax</strong></span> <span class='ocrx_word' id='word_1_36' title='bbox 572 975 649 1026; x_wconf 90' lang='lat' dir='ltr'>erat</span> <span class='ocrx_word' id='word_1_37' title='bbox 663 972 698 1026; x_wconf 89' lang='lat' dir='ltr'>et</span> <span class='ocrx_word' id='word_1_38' title='bbox 711 965 860 1027; x_wconf 89' lang='lat' dir='ltr'>honesta</span> <span class='ocrx_word' id='word_1_39' title='bbox 885 981 928 1026; x_wconf 93' lang='lat' dir='ltr'>ac</span> <span class='ocrx_word' id='word_1_40' title='bbox 947 949 1133 1026; x_wconf 88' lang='lat' dir='ltr'>com&#39;moda</span> <span class='ocrx_word' id='word_1_41' title='bbox 1148 972 1182 1024; x_wconf 91' lang='lat' dir='ltr'>et</span> <span class='ocrx_word' id='word_1_42' title='bbox 1194 964 1332 1042; x_wconf 89' lang='lat' dir='ltr'>plateae</span> <span class='ocrx_word' id='word_1_43' title='bbox 1348 964 1504 1028; x_wconf 87' lang='lat' dir='ltr'>civitatis</span> <span class='ocrx_word' id='word_1_44' title='bbox 1518 983 1578 1028; x_wconf 81' lang='lat' dir='ltr'>ex·</span> 
     </span>
     <span class='ocr_line' id='line_1_6' title="bbox 347 1068 1579 1151; baseline 0.002 -19"><span class='ocrx_word' id='word_1_45' title='bbox 347 1070 463 1149; x_wconf 90' lang='lat' dir='ltr'>posita</span> <span class='ocrx_word' id='word_1_46' title='bbox 477 1080 512 1133; x_wconf 91' lang='lat' dir='ltr'>et</span> <span class='ocrx_word' id='word_1_47' title='bbox 527 1069 572 1133; x_wconf 89' lang='lat' dir='ltr'>ad</span> <span class='ocrx_word' id='word_1_48' title='bbox 594 1071 713 1134; x_wconf 90' lang='lat' dir='ltr'>omnia</span> <span class='ocrx_word' id='word_1_49' title='bbox 734 1070 930 1133; x_wconf 89' lang='lat' dir='ltr'>ministeria</span> <span class='ocrx_word' id='word_1_50' title='bbox 956 1079 1078 1132; x_wconf 91' lang='lat' dir='ltr'>nostra</span> <span class='ocrx_word' id='word_1_51' title='bbox 1103 1068 1192 1130; x_wconf 91' lang='lat' dir='ltr'>satis</span> <span class='ocrx_word' id='word_1_52' title='bbox 1208 1071 1452 1134; x_wconf 88' lang='lat' dir='ltr'>accommoda.</span> <span class='ocrx_word' id='word_1_53' title='bbox 1480 1072 1579 1151; x_wconf 88' lang='lat' dir='ltr'>Quae</span> 
     </span>
     <span class='ocr_line' id='line_1_7' title="bbox 347 1176 1579 1258; baseline 0 -18"><span class='ocrx_word' id='word_1_54' title='bbox 347 1187 467 1241; x_wconf 89' lang='lat' dir='ltr'>autem</span> <span class='ocrx_word' id='word_1_55' title='bbox 481 1176 651 1241; x_wconf 88' lang='lat' dir='ltr'>Vicarius</span> <span class='ocrx_word' id='word_1_56' title='bbox 672 1188 798 1240; x_wconf 89' lang='lat' dir='ltr'>contra</span> <span class='ocrx_word' id='word_1_57' title='bbox 817 1177 1007 1258; x_wconf 83' lang='lat' dir='ltr'>privilegia</span> <span class='ocrx_word' id='word_1_58' title='bbox 1026 1190 1149 1243; x_wconf 89' lang='lat' dir='ltr'>nostra</span> <span class='ocrx_word' id='word_1_59' title='bbox 1168 1189 1378 1258; x_wconf 86' lang='lat' dir='ltr'>notaverat,</span> <span class='ocrx_word' id='word_1_60' title='bbox 1401 1178 1579 1258; x_wconf 83' lang='lat' dir='ltr'>Suffraga-</span> 
     </span>
     <span class='ocr_line' id='line_1_8' title="bbox 346 1284 983 1349; baseline 0.002 -2"><span class='ocrx_word' id='word_1_61' title='bbox 346 1301 436 1348; x_wconf 86' lang='lat' dir='ltr'>neus</span> <span class='ocrx_word' id='word_1_62' title='bbox 449 1284 550 1348; x_wconf 87' lang='lat' dir='ltr'>nihili</span> <span class='ocrx_word' id='word_1_63' title='bbox 565 1284 726 1348; x_wconf 90' lang='lat' dir='ltr'>ducenda</span> <span class='ocrx_word' id='word_1_64' title='bbox 741 1301 819 1348; x_wconf 89' lang='lat' dir='ltr'>esse</span> <span class='ocrx_word' id='word_1_65' title='bbox 834 1287 983 1349; x_wconf 87' lang='lat' dir='ltr'>censuit.</span> 
     </span>
    </p>

    <p class='ocr_par' dir='ltr' id='par_1_3' title="bbox 290 1389 1586 3077">
     <span class='ocr_line' id='line_1_9' title="bbox 406 1389 1584 1474; baseline 0 -20"><span class='ocrx_word' id='word_1_66' title='bbox 406 1391 476 1454; x_wconf 82' lang='grc'>439.</span> <span class='ocrx_word' id='word_1_67' title='bbox 521 1391 629 1455; x_wconf 89' lang='lat' dir='ltr'>Venit</span> <span class='ocrx_word' id='word_1_68' title='bbox 644 1401 762 1454; x_wconf 86' lang='lat' dir='ltr'>autent</span> <span class='ocrx_word' id='word_1_69' title='bbox 775 1389 788 1421; x_wconf 82' lang='grc'><strong><em>’</em></strong></span> <span class='ocrx_word' id='word_1_70' title='bbox 802 1392 848 1454; x_wconf 90' lang='lat' dir='ltr'>ad</span> <span class='ocrx_word' id='word_1_71' title='bbox 862 1391 1070 1471; x_wconf 84' lang='lat' dir='ltr'>Collegium,</span> <span class='ocrx_word' id='word_1_72' title='bbox 1095 1404 1220 1474; x_wconf 86' lang='lat' dir='ltr'>quarta</span> <span class='ocrx_word' id='word_1_73' title='bbox 1240 1393 1436 1472; x_wconf 83' lang='lat' dir='ltr'>Februarii,</span> <span class='ocrx_word' id='word_1_74' title='bbox 1463 1401 1501 1456; x_wconf 92' lang='lat' dir='ltr'>ut</span> <span class='ocrx_word' id='word_1_75' title='bbox 1517 1392 1584 1456; x_wconf 48' lang='lat' dir='ltr'>Sa*</span> 
     </span>
     <span class='ocr_line' id='line_1_10' title="bbox 347 1497 1578 1580; baseline 0.001 -20"><span class='ocrx_word' id='word_1_76' title='bbox 347 1516 449 1561; x_wconf 88' lang='lat' dir='ltr'>crum</span> <span class='ocrx_word' id='word_1_77' title='bbox 464 1499 613 1576; x_wconf 89' lang='lat' dir='ltr'>audiret,</span> <span class='ocrx_word' id='word_1_78' title='bbox 630 1499 821 1562; x_wconf 89' lang='lat' dir='ltr'>comitante</span> <span class='ocrx_word' id='word_1_79' title='bbox 831 1497 978 1562; x_wconf 90' lang='lat' dir='ltr'>Vicario</span> <span class='ocrx_word' id='word_1_80' title='bbox 995 1499 1066 1580; x_wconf 89' lang='lat' dir='ltr'>(qui</span> <span class='ocrx_word' id='word_1_81' title='bbox 1077 1500 1270 1564; x_wconf 81' lang='lat' dir='ltr'>amicitiam</span> <span class='ocrx_word' id='word_1_82' title='bbox 1286 1516 1426 1578; x_wconf 87' lang='lat' dir='ltr'>semper</span> <span class='ocrx_word' id='word_1_83' title='bbox 1442 1517 1527 1580; x_wconf 89' lang='lat' dir='ltr'>prae</span> <span class='ocrx_word' id='word_1_84' title='bbox 1539 1517 1578 1562; x_wconf 91' lang='lat' dir='ltr'>se</span> 
     </span>
     <span class='ocr_line' id='line_1_11' title="bbox 348 1605 1579 1683; baseline 0.001 -15"><span class='ocrx_word' id='word_1_85' title='bbox 348 1606 484 1668; x_wconf 89' lang='lat' dir='ltr'>serebat</span> <span class='ocrx_word' id='word_1_86' title='bbox 497 1605 533 1668; x_wconf 92' lang='lat' dir='ltr'>in</span> <span class='ocrx_word' id='word_1_87' title='bbox 548 1608 659 1683; x_wconf 87' lang='lat' dir='ltr'>rultu,</span> <span class='ocrx_word' id='word_1_88' title='bbox 676 1605 813 1669; x_wconf 91' lang='lat' dir='ltr'>nonita</span> <span class='ocrx_word' id='word_1_89' title='bbox 837 1615 956 1668; x_wconf 90' lang='lat' dir='ltr'>tamen</span> <span class='ocrx_word' id='word_1_90' title='bbox 972 1606 1008 1668; x_wconf 91' lang='lat' dir='ltr'>in</span> <span class='ocrx_word' id='word_1_91' title='bbox 1033 1605 1149 1681; x_wconf 86' lang='lat' dir='ltr'>sactis)</span> <span class='ocrx_word' id='word_1_92' title='bbox 1167 1617 1201 1670; x_wconf 87' lang='lat' dir='ltr'>et</span> <span class='ocrx_word' id='word_1_93' title='bbox 1222 1608 1343 1670; x_wconf 89' lang='lat' dir='ltr'>multis</span> <span class='ocrx_word' id='word_1_94' title='bbox 1365 1607 1444 1670; x_wconf 89' lang='lat' dir='ltr'>aliis</span> <span class='ocrx_word' id='word_1_95' title='bbox 1463 1623 1579 1670; x_wconf 87' lang='lat' dir='ltr'>sacer·</span> 
     </span>
     <span class='ocr_line' id='line_1_12' title="bbox 348 1713 1577 1794; baseline 0 -18"><span class='ocrx_word' id='word_1_96' title='bbox 348 1713 499 1792; x_wconf 86' lang='lat' dir='ltr'>dotibus,</span> <span class='ocrx_word' id='word_1_97' title='bbox 516 1723 552 1776; x_wconf 94' lang='lat' dir='ltr'>et</span> <span class='ocrx_word' id='word_1_98' title='bbox 566 1721 737 1792; x_wconf 86' lang='lat' dir='ltr'>exceptus</span> <span class='ocrx_word' id='word_1_99' title='bbox 750 1723 803 1775; x_wconf 91' lang='lat' dir='ltr'>est</span> <span class='ocrx_word' id='word_1_100' title='bbox 815 1729 897 1775; x_wconf 91' lang='lat' dir='ltr'>cum</span> <span class='ocrx_word' id='word_1_101' title='bbox 911 1713 1127 1776; x_wconf 85' lang='lat' dir='ltr'>carminibus</span> <span class='ocrx_word' id='word_1_102' title='bbox 1143 1733 1163 1776; x_wconf 89' lang='lat' dir='ltr'>a</span> <span class='ocrx_word' id='word_1_103' title='bbox 1179 1731 1289 1794; x_wconf 89' lang='lat' dir='ltr'>puero</span> <span class='ocrx_word' id='word_1_104' title='bbox 1304 1713 1460 1794; x_wconf 88' lang='lat' dir='ltr'>quodam</span> <span class='ocrx_word' id='word_1_105' title='bbox 1475 1713 1577 1776; x_wconf 92' lang='lat' dir='ltr'>disci-</span> 
     </span>
     <span class='ocr_line' id='line_1_13' title="bbox 349 1818 1577 1900; baseline 0 -18"><span class='ocrx_word' id='word_1_106' title='bbox 349 1821 430 1899; x_wconf 89' lang='lat' dir='ltr'>pulo</span> <span class='ocrx_word' id='word_1_107' title='bbox 445 1820 614 1883; x_wconf 91' lang='lat' dir='ltr'>recitatis.</span> <span class='ocrx_word' id='word_1_108' title='bbox 631 1818 742 1884; x_wconf 89' lang='lat' dir='ltr'>Sacro</span> <span class='ocrx_word' id='word_1_109' title='bbox 756 1829 874 1882; x_wconf 91' lang='lat' dir='ltr'>autem</span> <span class='ocrx_word' id='word_1_110' title='bbox 896 1819 1068 1897; x_wconf 84' lang='lat' dir='ltr'>absoluta,</span> <span class='ocrx_word' id='word_1_111' title='bbox 1092 1819 1234 1884; x_wconf 88' lang='lat' dir='ltr'>Laelius</span> <span class='ocrx_word' id='word_1_112' title='bbox 1250 1819 1414 1898; x_wconf 88' lang='lat' dir='ltr'>Bisolius,</span> <span class='ocrx_word' id='word_1_113' title='bbox 1434 1822 1493 1900; x_wconf 86' lang='lat' dir='ltr'>qui</span> <span class='ocrx_word' id='word_1_114' title='bbox 1509 1821 1577 1884; x_wconf 91' lang='lat' dir='ltr'>boc</span> 
     </span>
     <span class='ocr_line' id='line_1_14' title="bbox 349 1925 1586 2007; baseline 0.002 -19"><span class='ocrx_word' id='word_1_115' title='bbox 349 1929 426 2007; x_wconf 90' lang='lat' dir='ltr'>ipso</span> <span class='ocrx_word' id='word_1_116' title='bbox 442 1945 535 1990; x_wconf 88' lang='lat' dir='ltr'>anno</span> <span class='ocrx_word' id='word_1_117' title='bbox 550 1928 587 1990; x_wconf 88' lang='lat' dir='ltr'>in</span> <span class='ocrx_word' id='word_1_118' title='bbox 600 1925 813 1990; x_wconf 89' lang='lat' dir='ltr'>Societatem</span> <span class='ocrx_word' id='word_1_119' title='bbox 826 1936 881 1988; x_wconf 88' lang='lat' dir='ltr'>est</span> <span class='ocrx_word' id='word_1_120' title='bbox 896 1926 1072 1990; x_wconf 87' lang='lat' dir='ltr'>admissus</span> <span class='ocrx_word' id='word_1_121' title='bbox 1088 1925 1109 2005; x_wconf 81' lang='lat'>³,</span> <span class='ocrx_word' id='word_1_122' title='bbox 1132 1943 1212 1990; x_wconf 90' lang='lat' dir='ltr'>cum</span> <span class='ocrx_word' id='word_1_123' title='bbox 1234 1943 1364 2006; x_wconf 84' lang='lat' dir='ltr'>magna</span> <span class='ocrx_word' id='word_1_124' title='bbox 1390 1937 1586 1991; x_wconf 89' lang='lat' dir='ltr'>venustate·</span> 
     </span>
     <span class='ocr_line' id='line_1_15' title="bbox 348 2031 1577 2113; baseline 0 -17"><span class='ocrx_word' id='word_1_125' title='bbox 348 2034 524 2113; x_wconf 89' lang='lat' dir='ltr'>quaedam</span> <span class='ocrx_word' id='word_1_126' title='bbox 538 2034 608 2096; x_wconf 92' lang='lat' dir='ltr'>alia</span> <span class='ocrx_word' id='word_1_127' title='bbox 620 2032 872 2112; x_wconf 87' lang='lat' dir='ltr'>pronuntiavit.</span> <span class='ocrx_word' id='word_1_128' title='bbox 891 2031 980 2096; x_wconf 90' lang='lat' dir='ltr'>Cum</span> <span class='ocrx_word' id='word_1_129' title='bbox 995 2032 1120 2097; x_wconf 89' lang='lat' dir='ltr'>deinde</span> <span class='ocrx_word' id='word_1_130' title='bbox 1140 2036 1283 2098; x_wconf 91' lang='lat' dir='ltr'>domum</span> <span class='ocrx_word' id='word_1_131' title='bbox 1301 2034 1472 2098; x_wconf 89' lang='lat' dir='ltr'>vidissent</span> <span class='ocrx_word' id='word_1_132' title='bbox 1488 2044 1522 2096; x_wconf 89' lang='lat' dir='ltr'>et</span> <span class='ocrx_word' id='word_1_133' title='bbox 1539 2043 1577 2096; x_wconf 87' lang='lat' dir='ltr'>ut</span> 
     </span>
     <span class='ocr_line' id='line_1_16' title="bbox 349 2140 1580 2222; baseline 0.001 -20"><span class='ocrx_word' id='word_1_134' title='bbox 349 2151 472 2203; x_wconf 89' lang='lat' dir='ltr'>nostro</span> <span class='ocrx_word' id='word_1_135' title='bbox 484 2141 647 2204; x_wconf 89' lang='lat' dir='ltr'>Instituto</span> <span class='ocrx_word' id='word_1_136' title='bbox 659 2140 926 2203; x_wconf 87' lang='lat' dir='ltr'>accommodam</span> <span class='ocrx_word' id='word_1_137' title='bbox 939 2141 1153 2216; x_wconf 83' lang='lat' dir='ltr'>laudassent,</span> <span class='ocrx_word' id='word_1_138' title='bbox 1167 2151 1356 2222; x_wconf 87' lang='lat' dir='ltr'>antequam</span> <span class='ocrx_word' id='word_1_139' title='bbox 1365 2157 1411 2204; x_wconf 87' lang='lat' dir='ltr'>ex</span> <span class='ocrx_word' id='word_1_140' title='bbox 1423 2157 1464 2204; x_wconf 87' lang='lat' dir='ltr'>ea</span> <span class='ocrx_word' id='word_1_141' title='bbox 1478 2158 1580 2220; x_wconf 86' lang='lat' dir='ltr'>egre-</span> 
     </span>
     <span class='ocr_line' id='line_1_17' title="bbox 350 2245 1586 2327; baseline -0.001 -16"><span class='ocrx_word' id='word_1_142' title='bbox 350 2248 526 2323; x_wconf 86' lang='lat' dir='ltr'>derentur,</span> <span class='ocrx_word' id='word_1_143' title='bbox 550 2248 595 2311; x_wconf 91' lang='lat' dir='ltr'>ab</span> <span class='ocrx_word' id='word_1_144' title='bbox 614 2248 737 2310; x_wconf 89' lang='lat' dir='ltr'>eodem</span> <span class='ocrx_word' id='word_1_145' title='bbox 762 2247 883 2310; x_wconf 89' lang='lat' dir='ltr'>Laelio</span> <span class='ocrx_word' id='word_1_146' title='bbox 909 2247 1070 2310; x_wconf 89' lang='lat' dir='ltr'>oratione</span> <span class='ocrx_word' id='word_1_147' title='bbox 1084 2249 1193 2311; x_wconf 89' lang='lat' dir='ltr'>latina</span> <span class='ocrx_word' id='word_1_148' title='bbox 1210 2248 1350 2327; x_wconf 88' lang='lat' dir='ltr'>excepti</span> <span class='ocrx_word' id='word_1_149' title='bbox 1364 2256 1463 2326; x_wconf 91' lang='lat' dir='ltr'>sunt,</span> <span class='ocrx_word' id='word_1_150' title='bbox 1481 2245 1586 2326; x_wconf 87' lang='lat' dir='ltr'>cujus</span> 
     </span>
     <span class='ocr_line' id='line_1_18' title="bbox 290 2355 1581 2435; baseline 0 -18"><span class='ocrx_word' id='word_1_151' title='bbox 290 2355 295 2364; x_wconf 85' lang='lat'>&#39;</span> <span class='ocrx_word' id='word_1_152' title='bbox 356 2355 451 2418; x_wconf 88' lang='lat' dir='ltr'>actio</span> <span class='ocrx_word' id='word_1_153' title='bbox 466 2366 501 2418; x_wconf 93' lang='lat' dir='ltr'>et</span> <span class='ocrx_word' id='word_1_154' title='bbox 516 2373 589 2417; x_wconf 86' lang='lat' dir='ltr'>vox</span> <span class='ocrx_word' id='word_1_155' title='bbox 604 2372 646 2416; x_wconf 91' lang='lat' dir='ltr'>ac</span> <span class='ocrx_word' id='word_1_156' title='bbox 661 2365 737 2417; x_wconf 90' lang='lat' dir='ltr'>tota</span> <span class='ocrx_word' id='word_1_157' title='bbox 752 2355 998 2433; x_wconf 89' lang='lat' dir='ltr'>pronunciatio</span> <span class='ocrx_word' id='word_1_158' title='bbox 1015 2355 1110 2434; x_wconf 89' lang='lat' dir='ltr'>(nam</span> <span class='ocrx_word' id='word_1_159' title='bbox 1125 2355 1239 2435; x_wconf 87' lang='lat' dir='ltr'>ipsam</span> <span class='ocrx_word' id='word_1_160' title='bbox 1261 2356 1456 2418; x_wconf 90' lang='lat' dir='ltr'>orationem</span> <span class='ocrx_word' id='word_1_161' title='bbox 1479 2371 1581 2434; x_wconf 85' lang='lat' dir='ltr'>prae·</span> 
     </span>
     <span class='ocr_line' id='line_1_19' title="bbox 354 2459 1582 2540; baseline 0 -16"><span class='ocrx_word' id='word_1_162' title='bbox 354 2470 477 2540; x_wconf 87' lang='lat' dir='ltr'>ceptor</span> <span class='ocrx_word' id='word_1_163' title='bbox 492 2471 752 2540; x_wconf 85' lang='lat' dir='ltr'>composuerat,</span> <span class='ocrx_word' id='word_1_164' title='bbox 773 2461 921 2538; x_wconf 88' lang='lat' dir='ltr'>scilicet,</span> <span class='ocrx_word' id='word_1_165' title='bbox 938 2459 975 2524; x_wconf 90' lang='lat' dir='ltr'>P.</span> <span class='ocrx_word' id='word_1_166' title='bbox 999 2460 1175 2538; x_wconf 86' lang='lat' dir='ltr'>Andreas)</span> <span class='ocrx_word' id='word_1_167' title='bbox 1191 2463 1226 2524; x_wconf 91' lang='lat' dir='ltr'>in</span> <span class='ocrx_word' id='word_1_168' title='bbox 1246 2477 1415 2540; x_wconf 83' lang='lat' dir='ltr'>magnam</span> <span class='ocrx_word' id='word_1_169' title='bbox 1431 2460 1582 2524; x_wconf 84' lang='lat' dir='ltr'>admira-</span> 
     </span>
     <span class='ocr_line' id='line_1_20' title="bbox 357 2567 1579 2648; baseline 0 -18"><span class='ocrx_word' id='word_1_170' title='bbox 357 2569 489 2631; x_wconf 88' lang='lat' dir='ltr'>tionem</span> <span class='ocrx_word' id='word_1_171' title='bbox 504 2567 774 2647; x_wconf 83' lang='lat' dir='ltr'>Suffraganeum</span> <span class='ocrx_word' id='word_1_172' title='bbox 790 2579 825 2631; x_wconf 93' lang='lat' dir='ltr'>et</span> <span class='ocrx_word' id='word_1_173' title='bbox 838 2568 1024 2632; x_wconf 89' lang='lat' dir='ltr'>Vicarium</span> <span class='ocrx_word' id='word_1_174' title='bbox 1045 2585 1126 2632; x_wconf 93' lang='lat' dir='ltr'>cum</span> <span class='ocrx_word' id='word_1_175' title='bbox 1147 2569 1226 2631; x_wconf 92' lang='lat' dir='ltr'>aliis</span> <span class='ocrx_word' id='word_1_176' title='bbox 1246 2569 1433 2631; x_wconf 87' lang='lat' dir='ltr'>convertit.</span> <span class='ocrx_word' id='word_1_177' title='bbox 1455 2567 1579 2648; x_wconf 88' lang='lat' dir='ltr'>Cupie·</span> 
     </span>
     <span class='ocr_line' id='line_1_21' title="bbox 356 2673 1582 2755; baseline 0.001 -17"><span class='ocrx_word' id='word_1_178' title='bbox 356 2676 415 2738; x_wconf 92' lang='lat' dir='ltr'>bat</span> <span class='ocrx_word' id='word_1_179' title='bbox 430 2686 548 2739; x_wconf 90' lang='lat' dir='ltr'>autem</span> <span class='ocrx_word' id='word_1_180' title='bbox 562 2674 600 2739; x_wconf 90' lang='lat' dir='ltr'>P.</span> <span class='ocrx_word' id='word_1_181' title='bbox 617 2673 783 2739; x_wconf 87' lang='lat' dir='ltr'>Andreas</span> <span class='ocrx_word' id='word_1_182' title='bbox 797 2675 956 2739; x_wconf 91' lang='lat' dir='ltr'>obtinere</span> <span class='ocrx_word' id='word_1_183' title='bbox 972 2675 1040 2739; x_wconf 93' lang='lat' dir='ltr'>hoc</span> <span class='ocrx_word' id='word_1_184' title='bbox 1056 2693 1076 2739; x_wconf 89' lang='lat' dir='ltr'>a</span> <span class='ocrx_word' id='word_1_185' title='bbox 1093 2675 1129 2738; x_wconf 91' lang='lat' dir='ltr'>P.</span> <span class='ocrx_word' id='word_1_186' title='bbox 1147 2673 1297 2755; x_wconf 85' lang='lat' dir='ltr'>ignatio,</span> <span class='ocrx_word' id='word_1_187' title='bbox 1312 2684 1350 2738; x_wconf 93' lang='lat' dir='ltr'>ut</span> <span class='ocrx_word' id='word_1_188' title='bbox 1359 2675 1407 2739; x_wconf 92' lang='lat' dir='ltr'>ibi</span> <span class='ocrx_word' id='word_1_189' title='bbox 1419 2676 1582 2755; x_wconf 85' lang='lat' dir='ltr'>collegio-</span> 
     </span>
     <span class='ocr_line' id='line_1_22' title="bbox 355 2782 1581 2863; baseline 0.002 -19"><span class='ocrx_word' id='word_1_190' title='bbox 355 2785 428 2846; x_wconf 92' lang='lat' dir='ltr'>lum</span> <span class='ocrx_word' id='word_1_191' title='bbox 453 2792 622 2863; x_wconf 87' lang='lat' dir='ltr'>tanquam</span> <span class='ocrx_word' id='word_1_192' title='bbox 643 2783 768 2845; x_wconf 90' lang='lat' dir='ltr'>stabile</span> <span class='ocrx_word' id='word_1_193' title='bbox 788 2783 1044 2846; x_wconf 86' lang='lat' dir='ltr'>admitteretur.</span> <span class='ocrx_word' id='word_1_194' title='bbox 1069 2782 1147 2847; x_wconf 92' lang='lat' dir='ltr'>Non</span> <span class='ocrx_word' id='word_1_195' title='bbox 1173 2793 1291 2847; x_wconf 92' lang='lat' dir='ltr'>tamen</span> <span class='ocrx_word' id='word_1_196' title='bbox 1316 2800 1462 2863; x_wconf 87' lang='lat' dir='ltr'>prorsus</span> <span class='ocrx_word' id='word_1_197' title='bbox 1488 2784 1581 2863; x_wconf 92' lang='lat' dir='ltr'>quod</span> 
     </span>
     <span class='ocr_line' id='line_1_23' title="bbox 354 2889 1581 2970; baseline -0.001 -17"><span class='ocrx_word' id='word_1_198' title='bbox 354 2890 495 2969; x_wconf 89' lang='lat' dir='ltr'>petebat</span> <span class='ocrx_word' id='word_1_199' title='bbox 511 2890 672 2968; x_wconf 88' lang='lat' dir='ltr'>obtinuit,</span> <span class='ocrx_word' id='word_1_200' title='bbox 688 2891 853 2970; x_wconf 89' lang='lat' dir='ltr'>quamvis</span> <span class='ocrx_word' id='word_1_201' title='bbox 869 2891 904 2953; x_wconf 92' lang='lat' dir='ltr'>in</span> <span class='ocrx_word' id='word_1_202' title='bbox 919 2890 1075 2968; x_wconf 85' lang='lat' dir='ltr'>gratiam</span> <span class='ocrx_word' id='word_1_203' title='bbox 1090 2889 1202 2953; x_wconf 92' lang='lat' dir='ltr'>Ducis</span> <span class='ocrx_word' id='word_1_204' title='bbox 1217 2900 1361 2953; x_wconf 89' lang='lat' dir='ltr'>nostros</span> <span class='ocrx_word' id='word_1_205' title='bbox 1376 2891 1422 2955; x_wconf 91' lang='lat' dir='ltr'>ibi</span> <span class='ocrx_word' id='word_1_206' title='bbox 1438 2907 1581 2954; x_wconf 90' lang='lat' dir='ltr'>manere</span> 
     </span>
     <span class='ocr_line' id='line_1_24' title="bbox 351 2997 500 3077; baseline -0.007 -17"><span class='ocrx_word' id='word_1_207' title='bbox 351 2997 500 3077; x_wconf 86' lang='lat' dir='ltr'>juberet.</span> 
     </span>
    </p>

    <p class='ocr_par' dir='ltr' id='par_1_4' title="bbox 355 3102 1587 3728">
     <span class='ocr_line' id='line_1_25' title="bbox 414 3102 1581 3183; baseline 0.001 -17"><span class='ocrx_word' id='word_1_208' title='bbox 414 3102 484 3166; x_wconf 73' lang='grc'>440.</span> <span class='ocrx_word' id='word_1_209' title='bbox 529 3102 683 3167; x_wconf 91' lang='lat' dir='ltr'>Admisit</span> <span class='ocrx_word' id='word_1_210' title='bbox 699 3103 747 3166; x_wconf 93' lang='lat' dir='ltr'>ibi</span> <span class='ocrx_word' id='word_1_211' title='bbox 762 3104 798 3166; x_wconf 94' lang='lat' dir='ltr'>in</span> <span class='ocrx_word' id='word_1_212' title='bbox 813 3102 1027 3167; x_wconf 89' lang='lat' dir='ltr'>Societatem</span> <span class='ocrx_word' id='word_1_213' title='bbox 1040 3104 1263 3167; x_wconf 89' lang='lat' dir='ltr'>sacerdotem</span> <span class='ocrx_word' id='word_1_214' title='bbox 1275 3105 1373 3167; x_wconf 91' lang='lat' dir='ltr'>illurn</span> <span class='ocrx_word' id='word_1_215' title='bbox 1384 3102 1581 3183; x_wconf 85' lang='lat' dir='ltr'>Argentea·</span> 
     </span>
     <span class='ocr_line' id='line_1_26' title="bbox 362 3210 1586 3291; baseline 0 -18"><span class='ocrx_word' id='word_1_216' title='bbox 362 3226 448 3289; x_wconf 89' lang='lat' dir='ltr'>sem,</span> <span class='ocrx_word' id='word_1_217' title='bbox 476 3210 519 3273; x_wconf 89' lang='lat' dir='ltr'>de</span> <span class='ocrx_word' id='word_1_218' title='bbox 544 3227 614 3291; x_wconf 95' lang='lat' dir='ltr'>quo</span> <span class='ocrx_word' id='word_1_219' title='bbox 640 3211 804 3290; x_wconf 88' lang='lat' dir='ltr'>superius</span> <span class='ocrx_word' id='word_1_220' title='bbox 827 3212 924 3273; x_wconf 89' lang='lat' dir='ltr'>sacta</span> <span class='ocrx_word' id='word_1_221' title='bbox 946 3222 999 3274; x_wconf 89' lang='lat' dir='ltr'>est</span> <span class='ocrx_word' id='word_1_222' title='bbox 1019 3210 1150 3273; x_wconf 91' lang='lat' dir='ltr'>mentio</span> <span class='ocrx_word' id='word_1_223' title='bbox 1171 3210 1193 3290; x_wconf 77' lang='lat'>⁴,</span> <span class='ocrx_word' id='word_1_224' title='bbox 1217 3220 1251 3273; x_wconf 91' lang='lat' dir='ltr'>et</span> <span class='ocrx_word' id='word_1_225' title='bbox 1271 3210 1458 3273; x_wconf 87' lang='lat' dir='ltr'>Patavium</span> <span class='ocrx_word' id='word_1_226' title='bbox 1474 3228 1586 3291; x_wconf 88' lang='lat' dir='ltr'>usque</span> 
     </span>
     <span class='ocr_line' id='line_1_27' title="bbox 355 3314 1584 3397; baseline 0.001 -19"><span class='ocrx_word' id='word_1_227' title='bbox 355 3318 431 3396; x_wconf 91' lang='lat' dir='ltr'>ipse</span> <span class='ocrx_word' id='word_1_228' title='bbox 455 3314 493 3379; x_wconf 90' lang='lat' dir='ltr'>P.</span> <span class='ocrx_word' id='word_1_229' title='bbox 520 3316 686 3379; x_wconf 90' lang='lat' dir='ltr'>Andreas</span> <span class='ocrx_word' id='word_1_230' title='bbox 701 3317 858 3394; x_wconf 86' lang='lat' dir='ltr'>deduxit,</span> <span class='ocrx_word' id='word_1_231' title='bbox 879 3328 914 3380; x_wconf 94' lang='lat' dir='ltr'>et</span> <span class='ocrx_word' id='word_1_232' title='bbox 935 3316 1016 3380; x_wconf 89' lang='lat' dir='ltr'>inde</span> <span class='ocrx_word' id='word_1_233' title='bbox 1035 3333 1249 3397; x_wconf 85' lang='lat' dir='ltr'>progressus</span> <span class='ocrx_word' id='word_1_234' title='bbox 1268 3329 1320 3381; x_wconf 86' lang='lat' dir='ltr'>est</span> <span class='ocrx_word' id='word_1_235' title='bbox 1343 3315 1525 3397; x_wconf 79' lang='lat' dir='ltr'>VenetiaS,</span> <span class='ocrx_word' id='word_1_236' title='bbox 1547 3330 1584 3380; x_wconf 90' lang='lat' dir='ltr'>ut</span> 
     </span>
     <span class='ocr_line' id='line_1_28' title="bbox 355 3422 1585 3503; baseline 0.001 -17"><span class='ocrx_word' id='word_1_237' title='bbox 355 3422 582 3487; x_wconf 87' lang='lat' dir='ltr'>Cardinalem</span> <span class='ocrx_word' id='word_1_238' title='bbox 597 3422 657 3486; x_wconf 54' lang='lat' dir='ltr'>gat</span> <span class='ocrx_word' id='word_1_239' title='bbox 673 3423 814 3501; x_wconf 78' lang='lat' dir='ltr'>Angeli,</span> <span class='ocrx_word' id='word_1_240' title='bbox 830 3424 889 3503; x_wconf 93' lang='lat' dir='ltr'>qui</span> <span class='ocrx_word' id='word_1_241' title='bbox 901 3423 1031 3486; x_wconf 89' lang='lat' dir='ltr'>ibidem</span> <span class='ocrx_word' id='word_1_242' title='bbox 1041 3424 1265 3502; x_wconf 87' lang='lat' dir='ltr'>versabatur,</span> <span class='ocrx_word' id='word_1_243' title='bbox 1278 3424 1497 3487; x_wconf 87' lang='lat' dir='ltr'>conveniret.</span> <span class='ocrx_word' id='word_1_244' title='bbox 1511 3422 1585 3487; x_wconf 90' lang='lat' dir='ltr'>Nec</span> 
     </span>
     <span class='ocr_line' id='line_1_29' title="bbox 360 3528 1587 3611; baseline 0 -18"><span class='ocrx_word' id='word_1_245' title='bbox 360 3531 454 3593; x_wconf 92' lang='lat' dir='ltr'>enim</span> <span class='ocrx_word' id='word_1_246' title='bbox 468 3528 725 3609; x_wconf 81' lang='lat' dir='ltr'>Suffraganeus</span> <span class='ocrx_word' id='word_1_247' title='bbox 739 3540 909 3593; x_wconf 87' lang='lat' dir='ltr'>executus</span> <span class='ocrx_word' id='word_1_248' title='bbox 929 3540 1017 3609; x_wconf 87' lang='lat' dir='ltr'>erat,</span> <span class='ocrx_word' id='word_1_249' title='bbox 1040 3548 1130 3611; x_wconf 91' lang='lat' dir='ltr'>quae</span> <span class='ocrx_word' id='word_1_250' title='bbox 1150 3548 1244 3593; x_wconf 89' lang='lat' dir='ltr'>anno</span> <span class='ocrx_word' id='word_1_251' title='bbox 1259 3532 1486 3610; x_wconf 87' lang='lat' dir='ltr'>praecedenti</span> <span class='ocrx_word' id='word_1_252' title='bbox 1501 3530 1587 3595; x_wconf 87' lang='lat' dir='ltr'>Car-</span> 
     </span>
     <span class='ocr_line' id='line_1_30' title="bbox 358 3636 1585 3728; baseline 0 -29"><span class='ocrx_word' id='word_1_253' title='bbox 358 3636 713 3728; x_wconf 86' lang='lat' dir='ltr'>dinalispromiserat</span> <span class='ocrx_word' id='word_1_254' title='bbox 728 3636 750 3715; x_wconf 85' lang='lat'>⁸,</span> <span class='ocrx_word' id='word_1_255' title='bbox 773 3638 817 3700; x_wconf 91' lang='lat' dir='ltr'>de</span> <span class='ocrx_word' id='word_1_256' title='bbox 835 3647 1039 3700; x_wconf 90' lang='lat' dir='ltr'>nostrorum</span> <span class='ocrx_word' id='word_1_257' title='bbox 1058 3636 1186 3699; x_wconf 87' lang='lat' dir='ltr'>debitis</span> <span class='ocrx_word' id='word_1_258' title='bbox 1206 3636 1453 3701; x_wconf 77' lang='lat' dir='ltr'>dissolvendis,</span> <span class='ocrx_word' id='word_1_259' title='bbox 1478 3636 1585 3701; x_wconf 88' lang='lat' dir='ltr'>Dedit</span> 
     </span>
    </p>
   </div>
   <div class='ocr_carea' id='block_1_3' title="bbox 353 3946 1592 4788">
    <p class='ocr_par' dir='ltr' id='par_1_5' title="bbox 353 3946 1592 4499">
     <span class='ocr_line' id='line_1_31' title="bbox 396 3946 1591 4003; baseline -0.001 -11"><span class='ocrx_word' id='word_1_260' title='bbox 396 3948 405 3979; x_wconf 81' lang='lat'>¹</span> <span class='ocrx_word' id='word_1_261' title='bbox 434 3946 645 4000; x_wconf 71' lang='lat' dir='ltr'>Gravialllhaec</span> <span class='ocrx_word' id='word_1_262' title='bbox 661 3948 762 4002; x_wconf 77' lang='lat' dir='ltr'>questio</span> <span class='ocrx_word' id='word_1_263' title='bbox 778 3948 810 3991; x_wconf 86' lang='lat' dir='ltr'>de</span> <span class='ocrx_word' id='word_1_264' title='bbox 830 3958 958 4001; x_wconf 82' lang='lat' dir='ltr'>campana</span> <span class='ocrx_word' id='word_1_265' title='bbox 972 3946 1005 3991; x_wconf 77' lang='lat' dir='ltr'>td</span> <span class='ocrx_word' id='word_1_266' title='bbox 1021 3946 1151 4001; x_wconf 65' lang='lat' dir='ltr'>leontium</span> <span class='ocrx_word' id='word_1_267' title='bbox 1166 3958 1265 4001; x_wconf 83' lang='lat' dir='ltr'>quoque</span> <span class='ocrx_word' id='word_1_268' title='bbox 1283 3949 1385 4003; x_wconf 81' lang='lat' dir='ltr'>perlata</span> <span class='ocrx_word' id='word_1_269' title='bbox 1401 3954 1453 4002; x_wconf 79' lang='lat' dir='ltr'>ert,</span> <span class='ocrx_word' id='word_1_270' title='bbox 1471 3958 1504 3991; x_wconf 82' lang='lat' dir='ltr'>ex</span> <span class='ocrx_word' id='word_1_271' title='bbox 1514 3950 1591 4003; x_wconf 79' lang='lat' dir='ltr'>eujus</span> 
     </span>
     <span class='ocr_line' id='line_1_32' title="bbox 353 4017 1586 4074; baseline 0 -13"><span class='ocrx_word' id='word_1_272' title='bbox 353 4031 428 4073; x_wconf 74' lang='lat' dir='ltr'>cona,</span> <span class='ocrx_word' id='word_1_273' title='bbox 440 4020 505 4063; x_wconf 84' lang='lat' dir='ltr'>baec</span> <span class='ocrx_word' id='word_1_274' title='bbox 516 4020 637 4063; x_wconf 80' lang='lat' dir='ltr'>Andreae</span> <span class='ocrx_word' id='word_1_275' title='bbox 649 4018 829 4073; x_wconf 72' lang='lat' dir='ltr'>Bonainsegna</span> <span class='ocrx_word' id='word_1_276' title='bbox 838 4018 972 4072; x_wconf 82' lang='lat' dir='ltr'>rescripsit</span> <span class='ocrx_word' id='word_1_277' title='bbox 984 4017 1117 4061; x_wconf 83' lang='lat' dir='ltr'>Poiancus:</span> <span class='ocrx_word' id='word_1_278' title='bbox 1128 4017 1219 4061; x_wconf 81' lang='lat' dir='ltr'>“Circa</span> <span class='ocrx_word' id='word_1_279' title='bbox 1230 4019 1247 4061; x_wconf 88' lang='lat' dir='ltr'>il</span> <span class='ocrx_word' id='word_1_280' title='bbox 1258 4024 1368 4061; x_wconf 86' lang='lat' dir='ltr'>mettere</span> <span class='ocrx_word' id='word_1_281' title='bbox 1379 4030 1513 4074; x_wconf 80' lang='lat' dir='ltr'>campana,</span> <span class='ocrx_word' id='word_1_282' title='bbox 1522 4030 1586 4073; x_wconf 86' lang='lat' dir='ltr'>pare</span> 
     </span>
     <span class='ocr_line' id='line_1_33' title="bbox 353 4088 1586 4145; baseline -0.001 -11"><span class='ocrx_word' id='word_1_283' title='bbox 353 4094 402 4134; x_wconf 89' lang='lat' dir='ltr'>ben</span> <span class='ocrx_word' id='word_1_284' title='bbox 412 4102 473 4134; x_wconf 71' lang='lat' dir='ltr'>cona</span> <span class='ocrx_word' id='word_1_285' title='bbox 483 4093 607 4145; x_wconf 80' lang='lat' dir='ltr'>alquanto</span> <span class='ocrx_word' id='word_1_286' title='bbox 617 4098 709 4134; x_wconf 70' lang='lat' dir='ltr'>strena</span> <span class='ocrx_word' id='word_1_287' title='bbox 718 4089 744 4133; x_wconf 89' lang='lat' dir='ltr'>ln</span> <span class='ocrx_word' id='word_1_288' title='bbox 754 4100 816 4134; x_wconf 75' lang='lat' dir='ltr'>cm</span> <span class='ocrx_word' id='word_1_289' title='bbox 826 4090 933 4143; x_wconf 82' lang='lat' dir='ltr'>privata</span> <span class='ocrx_word' id='word_1_290' title='bbox 943 4098 969 4133; x_wconf 91' lang='lat' dir='ltr'>et</span> <span class='ocrx_word' id='word_1_291' title='bbox 979 4088 1122 4143; x_wconf 73' lang='lat' dir='ltr'>prophana,</span> <span class='ocrx_word' id='word_1_292' title='bbox 1133 4090 1254 4133; x_wconf 76' lang='lat' dir='ltr'>manime</span> <span class='ocrx_word' id='word_1_293' title='bbox 1263 4101 1310 4144; x_wconf 86' lang='lat' dir='ltr'>per</span> <span class='ocrx_word' id='word_1_294' title='bbox 1327 4090 1353 4133; x_wconf 80' lang='lat' dir='ltr'>lt</span> <span class='ocrx_word' id='word_1_295' title='bbox 1369 4090 1544 4143; x_wconf 81' lang='lat' dir='ltr'>predicatione</span> <span class='ocrx_word' id='word_1_296' title='bbox 1560 4100 1586 4133; x_wconf 86' lang='lat' dir='ltr'>et</span> 
     </span>
     <span class='ocr_line' id='line_1_34' title="bbox 353 4161 1592 4216; baseline 0 -11"><span class='ocrx_word' id='word_1_297' title='bbox 353 4173 446 4215; x_wconf 79' lang='lat' dir='ltr'>messe,</span> <span class='ocrx_word' id='word_1_298' title='bbox 455 4172 481 4207; x_wconf 89' lang='lat' dir='ltr'>et</span> <span class='ocrx_word' id='word_1_299' title='bbox 491 4174 541 4207; x_wconf 90' lang='lat' dir='ltr'>non</span> <span class='ocrx_word' id='word_1_300' title='bbox 552 4162 661 4206; x_wconf 73' lang='lat' dir='ltr'>essendo</span> <span class='ocrx_word' id='word_1_301' title='bbox 670 4162 780 4206; x_wconf 78' lang='lat' dir='ltr'>risoluta</span> <span class='ocrx_word' id='word_1_302' title='bbox 789 4164 816 4206; x_wconf 72' lang='lat'>11</span> <span class='ocrx_word' id='word_1_303' title='bbox 825 4162 986 4216; x_wconf 71' lang='lat' dir='ltr'>campagnia</span> <span class='ocrx_word' id='word_1_304' title='bbox 996 4162 1022 4205; x_wconf 89' lang='lat' dir='ltr'>di</span> <span class='ocrx_word' id='word_1_305' title='bbox 1033 4162 1146 4206; x_wconf 77' lang='lat' dir='ltr'>restarvi</span> <span class='ocrx_word' id='word_1_306' title='bbox 1157 4162 1183 4203; x_wconf 91' lang='lat' dir='ltr'>ln</span> <span class='ocrx_word' id='word_1_307' title='bbox 1190 4161 1319 4214; x_wconf 76' lang='lat' dir='ltr'>Argenta.</span> <span class='ocrx_word' id='word_1_308' title='bbox 1328 4164 1359 4204; x_wconf 81' lang='lat' dir='ltr'>ne</span> <span class='ocrx_word' id='word_1_309' title='bbox 1368 4171 1459 4205; x_wconf 78' lang='lat' dir='ltr'>manco</span> <span class='ocrx_word' id='word_1_310' title='bbox 1467 4162 1592 4205; x_wconf 80' lang='lat' dir='ltr'>havendo</span> 
     </span>
     <span class='ocr_line' id='line_1_35' title="bbox 353 4232 1586 4289; baseline -0.002 -12"><span class='ocrx_word' id='word_1_311' title='bbox 353 4244 416 4277; x_wconf 71' lang='lat' dir='ltr'>casa</span> <span class='ocrx_word' id='word_1_312' title='bbox 424 4237 538 4289; x_wconf 79' lang='lat' dir='ltr'>propria3</span> <span class='ocrx_word' id='word_1_313' title='bbox 548 4241 575 4277; x_wconf 86' lang='lat' dir='ltr'>et</span> <span class='ocrx_word' id='word_1_314' title='bbox 586 4240 660 4278; x_wconf 85' lang='lat' dir='ltr'>tanto</span> <span class='ocrx_word' id='word_1_315' title='bbox 670 4246 761 4281; x_wconf 80' lang='lat' dir='ltr'>manco</span> <span class='ocrx_word' id='word_1_316' title='bbox 771 4237 784 4277; x_wconf 83' lang='lat' dir='ltr'>e</span> <span class='ocrx_word' id='word_1_317' title='bbox 794 4233 828 4277; x_wconf 83' lang='lat' dir='ltr'>da</span> <span class='ocrx_word' id='word_1_318' title='bbox 838 4232 987 4288; x_wconf 80' lang='lat' dir='ltr'>procurarsl</span> <span class='ocrx_word' id='word_1_319' title='bbox 997 4240 1097 4288; x_wconf 82' lang='lat' dir='ltr'>questo,</span> <span class='ocrx_word' id='word_1_320' title='bbox 1107 4232 1214 4277; x_wconf 78' lang='lat' dir='ltr'>essendo</span> <span class='ocrx_word' id='word_1_321' title='bbox 1229 4232 1248 4276; x_wconf 91' lang='lat' dir='ltr'>il</span> <span class='ocrx_word' id='word_1_322' title='bbox 1262 4232 1370 4275; x_wconf 75' lang='lat' dir='ltr'>Victrio</span> <span class='ocrx_word' id='word_1_323' title='bbox 1386 4244 1449 4287; x_wconf 90' lang='lat' dir='ltr'>poco</span> <span class='ocrx_word' id='word_1_324' title='bbox 1465 4233 1586 4287; x_wconf 88' lang='lat' dir='ltr'>propitio.</span> 
     </span>
     <span class='ocr_line' id='line_1_36' title="bbox 354 4303 1584 4359; baseline 0 -12"><span class='ocrx_word' id='word_1_325' title='bbox 354 4304 434 4348; x_wconf 78' lang='lat' dir='ltr'>Potra</span> <span class='ocrx_word' id='word_1_326' title='bbox 444 4306 562 4359; x_wconf 80' lang='lat' dir='ltr'>adunque</span> <span class='ocrx_word' id='word_1_327' title='bbox 573 4306 599 4349; x_wconf 85' lang='lat' dir='ltr'>la</span> <span class='ocrx_word' id='word_1_328' title='bbox 609 4304 639 4348; x_wconf 86' lang='lat' dir='ltr'>R.</span> <span class='ocrx_word' id='word_1_329' title='bbox 651 4304 684 4348; x_wconf 81' lang='lat' dir='ltr'>V.</span> <span class='ocrx_word' id='word_1_330' title='bbox 695 4306 751 4349; x_wconf 84' lang='lat' dir='ltr'>dire</span> <span class='ocrx_word' id='word_1_331' title='bbox 761 4306 809 4350; x_wconf 88' lang='lat' dir='ltr'>che</span> <span class='ocrx_word' id='word_1_332' title='bbox 819 4305 854 4349; x_wconf 79' lang='lat' dir='ltr'>ba</span> <span class='ocrx_word' id='word_1_333' title='bbox 864 4305 1010 4348; x_wconf 77' lang='lat' dir='ltr'>consultata</span> <span class='ocrx_word' id='word_1_334' title='bbox 1020 4314 1037 4347; x_wconf 78' lang='lat' dir='ltr'>a</span> <span class='ocrx_word' id='word_1_335' title='bbox 1047 4303 1136 4351; x_wconf 85' lang='lat' dir='ltr'>Roma.</span> <span class='ocrx_word' id='word_1_336' title='bbox 1145 4310 1204 4359; x_wconf 68' lang='lat' dir='ltr'>etc,</span> <span class='ocrx_word' id='word_1_337' title='bbox 1215 4310 1241 4347; x_wconf 87' lang='lat' dir='ltr'>et</span> <span class='ocrx_word' id='word_1_338' title='bbox 1250 4314 1300 4347; x_wconf 84' lang='lat' dir='ltr'>non</span> <span class='ocrx_word' id='word_1_339' title='bbox 1309 4306 1322 4346; x_wconf 80' lang='lat' dir='ltr'>e</span> <span class='ocrx_word' id='word_1_340' title='bbox 1330 4314 1408 4358; x_wconf 75' lang='lat' dir='ltr'>pareo</span> <span class='ocrx_word' id='word_1_341' title='bbox 1416 4304 1584 4353; x_wconf 79' lang='lat' dir='ltr'>conveniente</span> 
     </span>
     <span class='ocr_line' id='line_1_37' title="bbox 354 4374 1591 4430; baseline 0.001 -12"><span class='ocrx_word' id='word_1_342' title='bbox 354 4377 403 4418; x_wconf 77' lang='lat' dir='ltr'>cue</span> <span class='ocrx_word' id='word_1_343' title='bbox 413 4376 438 4419; x_wconf 87' lang='lat' dir='ltr'>in</span> <span class='ocrx_word' id='word_1_344' title='bbox 449 4386 512 4420; x_wconf 74' lang='lat' dir='ltr'>case</span> <span class='ocrx_word' id='word_1_345' title='bbox 522 4378 607 4420; x_wconf 82' lang='lat' dir='ltr'>aliena</span> <span class='ocrx_word' id='word_1_346' title='bbox 617 4382 643 4419; x_wconf 90' lang='lat' dir='ltr'>et</span> <span class='ocrx_word' id='word_1_347' title='bbox 654 4387 703 4420; x_wconf 83' lang='lat' dir='ltr'>non</span> <span class='ocrx_word' id='word_1_348' title='bbox 714 4376 821 4420; x_wconf 73' lang='lat' dir='ltr'>emendo</span> <span class='ocrx_word' id='word_1_349' title='bbox 831 4376 857 4421; x_wconf 82' lang='lat' dir='ltr'>la</span> <span class='ocrx_word' id='word_1_350' title='bbox 868 4374 1028 4429; x_wconf 69' lang='lat' dir='ltr'>Compagnle</span> <span class='ocrx_word' id='word_1_351' title='bbox 1043 4376 1153 4420; x_wconf 75' lang='lat' dir='ltr'>risoluta</span> <span class='ocrx_word' id='word_1_352' title='bbox 1168 4375 1193 4419; x_wconf 89' lang='lat' dir='ltr'>dl</span> <span class='ocrx_word' id='word_1_353' title='bbox 1208 4375 1337 4425; x_wconf 82' lang='lat' dir='ltr'>sermarsl,</span> <span class='ocrx_word' id='word_1_354' title='bbox 1353 4376 1374 4419; x_wconf 81' lang='lat' dir='ltr'>ti</span> <span class='ocrx_word' id='word_1_355' title='bbox 1391 4382 1473 4419; x_wconf 80' lang='lat' dir='ltr'>metra</span> <span class='ocrx_word' id='word_1_356' title='bbox 1485 4382 1591 4430; x_wconf 77' lang='lat' dir='ltr'>campa·</span> 
     </span>
     <span class='ocr_line' id='line_1_38' title="bbox 354 4446 669 4499; baseline 0.006 -10"><span class='ocrx_word' id='word_1_357' title='bbox 354 4458 410 4499; x_wconf 63' lang='lat' dir='ltr'>nm„</span> <span class='ocrx_word' id='word_1_358' title='bbox 420 4446 470 4492; x_wconf 65' lang='lat'>26.⁸</span> <span class='ocrx_word' id='word_1_359' title='bbox 481 4446 598 4499; x_wconf 78' lang='lat' dir='ltr'>januarii</span> <span class='ocrx_word' id='word_1_360' title='bbox 609 4448 669 4491; x_wconf 67' lang='lat'>1555.</span> 
     </span>
    </p>

    <p class='ocr_par' dir='ltr' id='par_1_6' title="bbox 394 4516 629 4573">
     <span class='ocr_line' id='line_1_39' title="bbox 394 4516 629 4573; baseline 0.013 -12"><span class='ocrx_word' id='word_1_361' title='bbox 394 4516 406 4549; x_wconf 81' lang='lat'><strong>¹</strong></span> <span class='ocrx_word' id='word_1_362' title='bbox 434 4516 629 4573; x_wconf 72' lang='lat' dir='ltr'>suffraganeus.</span> 
     </span>
    </p>

    <p class='ocr_par' dir='ltr' id='par_1_7' title="bbox 395 4588 824 4645">
     <span class='ocr_line' id='line_1_40' title="bbox 395 4588 824 4645; baseline 0.005 -12"><span class='ocrx_word' id='word_1_363' title='bbox 395 4588 408 4621; x_wconf 82' lang='lat'>⁸</span> <span class='ocrx_word' id='word_1_364' title='bbox 435 4588 670 4645; x_wconf 52' lang='lat' dir='ltr'>videaupnfflez.</span> <span class='ocrx_word' id='word_1_365' title='bbox 687 4590 824 4644; x_wconf 54' lang='lat' dir='ltr'>idanus.</span> 
     </span>
    </p>

    <p class='ocr_par' dir='ltr' id='par_1_8' title="bbox 395 4662 921 4717">
     <span class='ocr_line' id='line_1_41' title="bbox 395 4662 921 4717; baseline 0.004 -12"><span class='ocrx_word' id='word_1_366' title='bbox 395 4665 406 4695; x_wconf 63' lang='grc' dir='ltr'>θ</span> <span class='ocrx_word' id='word_1_367' title='bbox 433 4662 921 4717; x_wconf 64' lang='lat' dir='ltr'>Pac.128,n.862,etpug.185,n.384.</span> 
     </span>
    </p>

    <p class='ocr_par' dir='ltr' id='par_1_9' title="bbox 394 4734 887 4788">
     <span class='ocr_line' id='line_1_42' title="bbox 394 4734 887 4788; baseline 0 -11"><span class='ocrx_word' id='word_1_368' title='bbox 394 4734 407 4767; x_wconf 81' lang='lat'>⁸</span> <span class='ocrx_word' id='word_1_369' title='bbox 435 4734 500 4777; x_wconf 86' lang='lat' dir='ltr'>Vide</span> <span class='ocrx_word' id='word_1_370' title='bbox 512 4744 599 4788; x_wconf 77' lang='lat' dir='ltr'>supra,</span> <span class='ocrx_word' id='word_1_371' title='bbox 611 4740 630 4778; x_wconf 83' lang='lat' dir='ltr'>t.</span> <span class='ocrx_word' id='word_1_372' title='bbox 641 4746 677 4781; x_wconf 78' lang='lat' dir='ltr'>tv,</span> <span class='ocrx_word' id='word_1_373' title='bbox 688 4746 747 4788; x_wconf 68' lang='lat' dir='ltr'>paz.</span> <span class='ocrx_word' id='word_1_374' title='bbox 758 4734 792 4783; x_wconf 84' lang='lat'>90.</span> <span class='ocrx_word' id='word_1_375' title='bbox 804 4746 828 4777; x_wconf 88' lang='lat' dir='ltr'>n.</span> <span class='ocrx_word' id='word_1_376' title='bbox 840 4734 887 4777; x_wconf 82' lang='grc'><strong>164.</strong></span> 
     </span>
    </p>
   </div>
   <div class='ocr_carea' id='block_1_4' title="bbox 0 0 1867 5400">
    <p class='ocr_par' dir='ltr' id='par_1_10' title="bbox 0 0 1867 5400">
     <span class='ocr_line' id='line_1_43' title="bbox 0 0 1867 5400; baseline 0 0"><span class='ocrx_word' id='word_1_377' title='bbox 0 0 1867 5400; x_wconf 95' lang='lat' dir='ltr'> </span> 
     </span>
    </p>
   </div>
  </div>
 </body>
</html>
