3717 5400
365 489 401 548 28
821 491 949 550 Canon.
971 491 1048 550 Soc.
1069 493 1140 564 las.

366 645 420 698 set
445 633 483 698 P.
511 634 686 715 ignatius,
715 636 853 698 litterae
879 637 1105 700 nibilominus
1133 657 1215 700 eum
1245 639 1281 700 in
1305 638 1499 702 Germania
1527 657 1599 703 non

364 741 586 818 invenerunt,
604 745 685 822 quia
698 741 770 821 jam
787 741 821 804 in
836 741 987 818 ltaliam,
1003 746 1110 807 rebus
1122 763 1213 825 quae
1225 746 1291 825 ipsi
1305 747 1465 825 agendae
1480 757 1593 826 erant,

364 849 554 930 expeditis,
572 849 735 912 redierat.

424 955 474 1018 47.
518 955 605 1018 Tum
623 955 659 1018 P.
675 956 834 1036 lg-natius
849 959 892 1022 de
908 956 1117 1039 quibusdam
1132 958 1258 1037 gratiis
1273 959 1396 1038 magni
1412 960 1593 1039 momenti,

362 1079 455 1142 quae
470 1080 491 1124 a
506 1061 603 1142 Rege
620 1061 858 1128 Romanorum
882 1061 1105 1128 Ferdinando
1126 1065 1396 1144 expetebantur,
1416 1066 1491 1145 egit
1511 1083 1593 1130 cum

361 1169 487 1236 eodem
502 1167 645 1232 Summo
660 1167 840 1249 Pontifice,
858 1185 947 1251 quas
962 1184 1085 1234 omues
1101 1182 1262 1234 amanter
1274 1172 1332 1234 ille
1353 1173 1546 1252 concessit3
1560 1183 1596 1237 et

361 1285 462 1338 tanto
478 1277 611 1339 honore
626 1275 663 1340 P.
682 1277 857 1356 ignatium
873 1277 1057 1356 afficiebat,
1080 1288 1119 1340 ut
1133 1289 1276 1357 praeter
1296 1293 1432 1341 morem
1451 1277 1595 1344 Pontifi-

362 1399 454 1462 cum,
472 1383 625 1446 nonnisi
650 1384 766 1465 capite
790 1395 916 1465 operto
943 1397 1023 1448 earn
1048 1386 1143 1464 loqui
1168 1399 1289 1448 secum
1311 1387 1540 1464 permitteret
1555 1395 1595 1450 et

362 1507 485 1554 coram
512 1490 629 1553 multis
645 1492 802 1554 externis
826 1508 907 1553 cunt
935 1492 1013 1570 ipso
1039 1491 1288 1554 deambulabat
1317 1492 1336 1550 ¹.
1364 1493 1454 1555 Cum
1483 1493 1592 1557 etiam

360 1605 486 1675 postea
502 1597 562 1676 per
576 1596 801 1660 cardinalem
816 1596 1035 1660 Saracenttm
1055 1597 1194 1676 'gratia
1216 1599 1424 1677 quaedamst
1449 1597 1595 1663 Summo

361 1701 530 1766 Pontifice
556 1707 795 1782 postularetur
821 1708 910 1779 (erat
936 1706 966 1767 is
991 1701 1153 1768 Pontifici
1177 1705 1404 1784 gratissimus
1430 1719 1465 1768 et
1492 1705 1594 1770 initio

360 1807 589 1873 Pontificatus
604 1812 722 1874 omnia
739 1829 799 1891 per
815 1809 891 1890 ejus
911 1812 1144 1875 ministerium
1159 1813 1381 1890 agebantur),
1405 1829 1479 1875 rem
1495 1814 1592 1877 illam

358 1927 470 1980 totam
486 1918 663 1981 commisit
679 1917 716 1979 P.
742 1918 870 1996 Ignatii
882 1915 1028 1998 judicio.
1046 1918 1231 1996 Agebatur
1247 1929 1365 1981 autem
1376 1919 1419 1982 de
1436 1919 1591 2000 quadani

359 2026 637 2088 commutatione
651 2023 674 2087 ³.
693 2025 736 2088 Et
751 2041 832 2088 cttm
848 2025 1029 2088 Cardinali
1044 2024 1256 2104 Augustano
1271 2027 1323 2088 sic
1338 2026 1382 2089 de
1398 2023 1435 2088 P.
1453 2026 1591 2106 Ignatio

363 2140 397 2194 et
412 2132 455 2194 de
471 2131 648 2196 Societate
674 2131 840 2212 loquutus
858 2142 926 2208 est,
954 2142 992 2195 ut
1016 2132 1150 2195 diceret
1169 2132 1264 2194 idem
1285 2133 1497 2211 Cardinalis,
1514 2147 1591 2196 rem

358 2253 597 2318 exaggerans,
614 2239 720 2318 quod,
737 2238 768 2300 si
781 2239 922 2318 quando
936 2238 1059 2301 favore
1071 2239 1189 2318 aliquo
1201 2239 1376 2317 indigeret
1393 2240 1487 2319 apud
1503 2237 1594 2303 Pon·

361 2343 502 2425 illicem,
519 2361 703 2408 recursum
716 2343 764 2406 ad
777 2345 922 2408 Patrem
937 2345 1114 2423 ignatium
1129 2355 1222 2407 esset
1235 2342 1433 2408 habiturus.

422 2449 472 2513 48.
517 2451 605 2515 Cum
615 2467 701 2529 ergo
715 2451 804 2513 haec
817 2461 851 2514 et
864 2451 933 2514 alia
946 2452 1049 2530 signa
1058 2465 1143 2514 suae
1154 2451 1594 2517 benevolentiaePoutifex

360 2559 574 2635 ostenderet,
591 2558 741 2621 tentavit
764 2557 839 2638 ejus
852 2557 1011 2620 animum
1033 2557 1072 2620 P.
1088 2557 1260 2636 ignatius
1284 2558 1379 2637 quod
1394 2559 1440 2621 ad
1464 2555 1588 2623 funda-

356 2665 489 2729 tionem
503 2665 628 2729 attinet
645 2663 793 2745 Collegii
805 2661 967 2739 Romani
982 2673 1014 2727 et
1026 2663 1157 2729 accidit
1170 2675 1378 2745 opportune,
1394 2676 1431 2730 ut
1443 2666 1589 2747 quidam

357 2772 414 2836 vir
433 2773 560 2835 nobilis
581 2773 750 2853 hispanus
773 2768 817 2835 ab
839 2770 1056 2851 Imperatore
1077 2772 1206 2834 missus
1224 2783 1319 2835 esset
1338 2773 1385 2835 ad
1405 2771 1591 2837 Summum

358 2878 563 2941 Pontificem
590 2878 814 2941 salutandum
835 2888 869 2941 et
890 2878 1212 2957 congratulandum
1227 2876 1295 2959 [de]
1311 2877 1386 2957 ejus
1405 2880 1588 2943 electione.

359 2986 424 3049 Cui
451 2986 614 3065 quamvis
636 3002 706 3048 non
731 2996 824 3048 esset
844 2986 911 3047 hoc
933 2985 1142 3048 nominatim
1167 2986 1407 3064 commissum,
1430 2987 1590 3065 generali

357 3106 477 3156 tamen
492 3092 740 3155 commissione
753 3103 855 3155 utens
870 3108 978 3171 quarn
989 3091 1035 3154 ab
1044 3102 1193 3172 utroque
1205 3090 1217 3122 ⁴
1228 3093 1392 3171 habebat,
1407 3094 1589 3172 negotium

358 3198 510 3263 Romani
526 3200 638 3261 nostri
653 3198 803 3278 Collegii
818 3198 972 3261 officiose
988 3198 1178 3261 admodum
1192 3197 1336 3262 Summo
1351 3198 1513 3262 Pontifici
1527 3217 1591 3262 no·

355 3306 449 3370 mine
459 3306 639 3386 utriusque
652 3304 824 3385 Principis
835 3304 1107 3369 commendavit.
1118 3304 1401 3384 Etresponderat
1412 3305 1588 3381 Pontifex,

357 3430 395 3476 se
419 3414 584 3493 operibus
606 3414 697 3475 velle
720 3413 851 3475 bonum
868 3410 1045 3490 affectum,
1066 3428 1170 3492 quem
1194 3429 1280 3491 erga
1300 3412 1515 3475 Societatem
1530 3429 1590 3475 no·

358 3532 471 3583 stram
486 3520 650 3596 habebat,
668 3518 865 3582 ostendere.

416 3627 466 3689 49.
511 3626 638 3690 Postea
660 3626 768 3706 aliqui
788 3625 997 3689 Cardinales
1020 3626 1188 3705 alloquuti
1211 3638 1293 3688 sunt
1316 3625 1522 3688 Pontificem
1545 3644 1587 3688 ea

355 3735 399 3797 de
415 3752 465 3811 re;
482 3744 516 3795 et
530 3733 746 3812 significavit
762 3731 935 3811 Pontifex,
953 3734 1045 3795 velle
1060 3734 1128 3795 ltoc
1145 3748 1233 3811 opus
1245 3733 1421 3811 amplecti;
1435 3744 1470 3794 et
1482 3732 1587 3812 jussit

356 3842 403 3905 ad
418 3859 455 3903 se
472 3841 603 3903 adferri
618 3856 793 3903 summam
807 3840 1049 3901 concessionis
1064 3839 1146 3921 Julii
1162 3840 1256 3901 tertii
1277 3843 1398 3919 (quam
1412 3839 1590 3901 nu‘nrrtam

359 3952 500 4024 vocant)
519 3947 540 4025 ⁵;
556 3948 616 4010 sed
634 3946 912 4025 assignationem
925 3946 991 4008 sibi
1007 3962 1077 4008 non
1093 3947 1234 4025 placere
1250 3946 1415 4017 ostendit,
1432 3957 1467 4007 et
1483 3946 1589 4008 aliam

357 4114 570 4127 Qun——

401 4228 408 4259 ¹
438 4224 505 4267 Vide
518 4224 613 4267 Curius
623 4224 655 4266 de
668 4223 722 4266 San
731 4222 849 4275 Ignacio,
860 4230 878 4264 t.
890 4234 916 4275 v,
925 4230 1001 4275 page.
1010 4220 1051 4263 292
1061 4229 1085 4263 et
1097 4220 1145 4263 tot.

398 4300 409 4329 Ι
437 4296 549 4349 Jounncs
563 4295 673 4338 llllchael
693 4293 827 4347 Saraceni,
841 4304 888 4337 neu
906 4292 1054 4335 sarracino.
1070 4291 1136 4335 Vide
1155 4292 1250 4334 Curras
1264 4292 1299 4334 aa
1316 4292 1371 4334 San
1391 4291 1545 4343 igniverat.
1564 4302 1591 4345 v,

358 4379 421 4471 pai·
431 4368 504 4483 3⁵¹&
518 4440 612 4482 Curias
623 4438 656 4481 de
668 4436 722 4479 San
734 4436 852 4489 ignatio,
862 4444 881 4479 t.
893 4444 928 4484 tr,
946 4444 1005 4487 patr.
1016 4434 1065 4484 870,
1077 4441 1103 4476 et
1119 4440 1137 4477 t.
1147 4446 1172 4485 r,
1185 4444 1260 4487 pugn.
1279 4435 1325 4486 234,
1336 4434 1384 4480 292
1397 4434 1438 4477 298
1452 4433 1590 4487 etbib-boe,

355 4518 384 4555 et
395 4512 606 4561 Battus-sesanna,
617 4508 760 4565 Epistulae
768 4511 794 4551 et
805 4508 870 4551 Acta
882 4506 914 4550 Β.
926 4506 1020 4550 Patris
1029 4506 1104 4549 Petri
1116 4506 1229 4556 canisii,
1240 4515 1257 4548 r.
1268 4517 1286 4558 t,
1301 4506 1456 4561 praesertim
1469 4516 1530 4561 pag.
1539 4506 1589 4560 ⁴76,

357 4585 540 4701 an120t§.iffilicet
551 4656 714 4710 Imperatore
725 4655 831 4709 ejusque
842 4654 894 4697 filio
907 4654 1034 4707 Pltlllppo.
1047 4653 1112 4697 Vide
1123 4664 1209 4707 supra,
1220 4662 1283 4706 pag.
1295 4651 1330 4699 23,
1341 4662 1365 4693 n.
1374 4648 1410 4701 ὦ,
1420 4654 1511 4692 annot.
1519 4649 1539 4690 2.

395 4728 406 4758 a
437 4728 502 4771 Vide
513 4738 602 4782 supra,
613 4738 673 4781 pap.
683 4726 718 4777 25,
729 4736 753 4768 n.
764 4726 798 4768 42.
