3717 5400
359 471 416 531 252
819 468 947 528 Canos.
968 468 1045 526 Soc.
1068 467 1137 540 Jas.

361 618 598 698 pectaiionem
612 617 763 690 11113133,
785 615 879 694 quod
899 613 1043 692 ingenia
1062 613 1201 675 illorum
1222 611 1401 673 hominum
1417 609 1462 670 ad
1478 607 1594 671 virtu·

359 734 431 787 tem
446 735 610 804 prompta
625 740 703 786 esse
720 721 934 786 viderentur.
955 721 999 784 Et
1013 730 1052 782 ut
1071 719 1255 798 provincia
1271 716 1395 778 fertilis
1411 725 1475 790 est,
1493 717 1592 778 itaet

358 849 382 893 a
404 831 538 894 crebris
560 830 749 893 admodum
769 828 906 910 populis
928 827 1101 890 habitata.
1122 825 1166 888 Et
1186 825 1217 888 si
1237 833 1308 886 tam
1327 823 1460 902 magni,
1483 840 1590 902 quam

356 937 462 1017 parvi
476 937 596 1018 populi
610 943 848 1008 numerentur,
866 935 911 996 ad
932 933 1079 1011 triginta
1101 931 1210 995 millia
1231 947 1405 1010 pagorum
1420 947 1463 992 ac
1487 930 1588 992 villa-

358 1062 439 1107 rum
455 1044 647 1107 ascendere
663 1043 826 1105 dicuntur
842 1041 862 1104 ¹.
1267 1047 1270 1051 ’

419 1149 489 1214 710.
535 1149 758 1230 Optabantur
780 1159 897 1211 autem
921 1166 943 1210 a
964 1146 1002 1210 P.
1026 1145 1168 1210 Canisio
1192 1144 1299 1224 aliqui
1321 1142 1425 1223 periti
1445 1142 1589 1221 linguae

357 1276 527 1338 graecae,
550 1268 600 1334 et,
621 1267 762 1337 praeter
783 1257 872 1319 duos
887 1255 1088 1333 theologiae
1103 1253 1286 1330 doctores,
1304 1251 1458 1330 aliquem
1482 1249 1588 1311 etiam

357 1366 647 1428 concionatorem
662 1381 882 1443 germanum.
899 1361 1084 1426 Viaticum
1098 1373 1213 1422 autem
1232 1359 1277 1422 ad
1297 1369 1439 1420 nostros
1454 1356 1589 1419 mitten·

358 1472 437 1550 dos,
462 1482 501 1534 ut
525 1472 659 1534 Romae
678 1479 800 1533 mutuo
821 1469 1054 1548 acciperetur,
1075 1467 1257 1543 monebat;
1282 1465 1363 1544 quia
1385 1463 1506 1526 statim
1525 1479 1590 1542 per

355 1589 587 1658 augusteum,
604 1579 752 1659 quaevis
766 1593 903 1641 summa
916 1576 1000 1639 data
1011 1575 1147 1650 suisset,
1160 1572 1377 1636 refundenda
1391 1581 1495 1633 esset.
1510 1569 1589 1632 Rex

354 1687 463 1750 etiam
480 1685 731 1761 Romanorum,
745 1701 835 1763 quae
848 1684 893 1746 acl
905 1680 1104 1745 aedificium
1118 1679 1319 1742 necessaria
1335 1687 1448 1752 erant,
1465 1677 1587 1738 libera·

357 1797 438 1857 liter
453 1793 621 1855 offerebat
636 1799 656 1854 ¹.
671 1845 673 1850 ,

417 1901 488 1964 711.
532 1899 704 1978 Cupiebat
719 1909 838 1961 autem
854 1896 1040 1960 Archidux
1055 1894 1301 1957 Ferdinandus
1317 1906 1354 1955 ut
1370 1894 1444 1971 ipse
1466 1890 1502 1954 P.
1520 1890 1586 1955 Ca-

357 2008 481 2083 11131113,
508 2008 611 2070 simul
637 2023 717 2068 cum
738 2021 832 2066 novo
852 2002 1010 2082 Collegio
1031 2000 1187 2078 Pragam
1209 1999 1362 2075 veniret,
1384 2017 1455 2061 non
1474 1999 1589 2060 solum

357 2125 504 2196 propter
520 2113 696 2193 publicam
711 2111 909 2185 utilitatem,
927 2108 1109 2171 sedetiam
1125 2107 1169 2168 ob
1186 2123 1288 2168 suam
1303 2106 1493 2184 privatam,
1506 2105 1588 2185 quia

357 2238 495 2284 cumen
511 2219 674 2298 cupiebat
690 2217 924 2280 conterreres
941 2232 1024 2276 suas
1045 2212 1277 2276 familiariter.
1295 2212 1338 2275 Et
1360 2211 1508 2274 similior
1529 2227 1590 2290 pa·

358 2328 405 2390 tri
427 2345 490 2389 suo
513 2327 570 2390 hic
592 2326 761 2402 Princeps
780 2339 887 2402 quam
909 2321 1033 2400 reliqui
1054 2319 1129 2398 ejus
1150 2319 1279 2382 fratres
1301 2319 1531 2395 credebatur3
1553 2327 1589 2380 et

355 2451 481 2497 omnes
496 2451 541 2495 ex
555 2431 723 2494 Bohemia
739 2429 940 2492 haereticos
955 2427 1239 2502 concionatores
1258 2424 1316 2506 qui
1328 2441 1475 2488 numero
1487 2424 1587 2487 multi

359 2552 474 2619 erant,
490 2541 674 2618 expulerat
688 2537 710 2595 ³.

400 2758 407 2787 ⁸
438 2760 486 2803 “Et
496 2772 559 2815 pare
570 2769 650 2815 certo,
661 2766 707 2807 che
718 2767 760 2819 piu
771 2778 798 2809 se
810 2767 879 2821 possi
889 2774 916 2811 et
926 2766 1020 2810 debbia
1029 2776 1137 2820 sperare
1147 2766 1178 2808 de
1189 2776 1248 2819 qua,
1258 2766 1307 2808 che
1318 2766 1349 2807 de
1360 2765 1471 2819 Vienna,
1482 2775 1534 2807 non
1544 2764 1589 2806 ob·

358 2838 447 2876 stante
457 2834 505 2876 che
515 2834 581 2877 hora
591 2842 683 2889 questa
692 2837 846 2883 Vniuersita
856 2838 989 2893 Pragense
998 2838 1037 2881 sia
1048 2838 1121 2892 qnasi
1129 2837 1160 2880 de
1169 2838 1264 2890 niente,
1274 2837 1315 2880 eli
1323 2837 1404 2879 nostri
1413 2846 1489 2890 spero
1496 2846 1588 2880 saran-

358 2916 391 2947 no
401 2905 419 2947 li
428 2906 504 2959 primi
515 2905 638 2962 Theologi
648 2914 675 2951 et
685 2909 824 2962 professori
841 2911 911 2953 33113
926 2910 1017 2955 schola
1026 2910 1120 2963 dappoi
1130 2911 1156 2953 ia
1166 2915 1250 2952 morte
1261 2908 1302 2951 dei
1311 2908 1377 2960 Joan
1392 2907 1473 2961 liuss,
1489 2907 1586 2949 3133313

356 2976 406 3028 ‘per
417 2977 485 3019 altro
495 2984 581 3031 tempo
590 2990 618 3021 se
629 2985 705 3031 potra
714 2980 828 3023 seriuere
839 2980 883 3035 piu
893 2980 1082 3025 dliiasamente.
1093 2980 1168 3023 Para
1178 2990 1218 3022 me
1229 2979 1277 3022 che
1294 2980 1321 3022 la
1339 2981 1417 3023 bonta
1434 2979 1476 3022 del
1491 2978 1585 3030 Signor

360 3048 454 3091 Nostro
464 3058 492 3091 33
502 3050 591 3101 voglia
599 3057 687 3104 presto
697 3050 808 3094 inclinar
819 3062 865 3106 per
874 3059 1026 3096 conuertere
1037 3051 1121 3106 questi
1132 3052 1220 3104 cnori,
1236 3051 1255 3094 ll
1268 3051 1337 3105 quali
1355 3060 1485 3094 moserano
1500 3049 1583 3093 333113

358 3130 411 3162 vna
421 3126 495 3163 certa
504 3126 668 3174 promptezza
678 3122 732 3164 alla
742 3122 821 3175 virtu,
834 3125 958 3167 talmente
968 3123 1016 3166 che
1027 3124 1053 3165 13
1064 3122 1094 3165 R.
1106 3122 1134 3163 P.
1144 3122 1178 3163 V.
1186 3133 1236 3165 non
1243 3122 1342 3166 duhbiti
1351 3122 1381 3165 33
1391 3122 1500 3164 mandat
1507 3126 1586 3173 genta

360 3202 376 3233 a
386 3198 477 3244 questa
487 3191 601 3243 Boemia,
611 3193 638 3235 la
648 3194 707 3235 cunl
717 3204 730 3235 e
742 3193 829 3237 vicina
844 3206 860 3238 a
874 3194 996 3238 Saxonia.
1013 3192 1069 3237 Non
1084 3204 1261 3237 mancaranno
1276 3192 1359 3237 fauori
1378 3199 1403 3236 et
1419 3191 1587 3247 pesecutionl,

355 3264 529 3307 consolationi
539 3272 565 3307 et
575 3263 728 3308 desolationi
739 3264 764 3308 in
775 3273 866 3319 questa
877 3264 982 3319 vignea,
992 3266 1057 3309 done
1067 3265 1157 3308 dicoao
1168 3266 1215 3308 che
1225 3266 1299 3309 siano
1308 3266 1390 3308 trinta
1397 3263 1518 3308 miltiade
1527 3262 1587 3306 31113

356 3343 384 3377 et
396 3335 479 3387 pagi„
490 3333 615 3387 canisius.
625 3336 689 3379 ibid.

398 3408 408 3435 Ξ
436 3404 489 3449 Fra
500 3408 576 3461 quelli
588 3407 635 3451 che
645 3418 793 3453 veneranno
804 3410 889 3454 313331
901 3409 934 3453 V.
945 3408 976 3453 R.
987 3410 1018 3453 de
1032 3410 1121 3464 gratia
1136 3409 1150 3451 2
1162 3408 1241 3462 periti
1259 3409 1329 3452 33113
1343 3409 1432 3462 lingua
1449 3407 1544 3459 Greca,
1561 3414 1588 3450 et

357 3478 420 3521 altri
431 3479 474 3532 piu
483 3480 560 3521 buoni
570 3480 723 3529 humaniste.
734 3489 760 3523 et
771 3482 796 3524 la
807 3482 925 3535 maggior
936 3490 1010 3535 parte
1020 3482 1052 3525 de
1061 3481 1197 3532 Tudeschi,
1209 3487 1235 3523 et
1250 3492 1278 3523 se
1289 3492 1302 3523 e
1314 3481 1435 3534 possibile
1451 3490 1486 3522 vn
1501 3480 1588 3533 predi·

363 3557 451 3592 catere
462 3549 604 3602 Thudesco,
615 3551 708 3594 sicome
719 3552 804 3595 sarria
821 3554 939 3596 31313333
954 3552 989 3595 M.
1001 3552 1120 3603 Martino,
1137 3564 1152 3595 o
1175 3550 1208 3594 M.
1225 3551 1365 3595 Lamberto
1382 3551 1442 3594 delli
1461 3549 1543 3593 nostrl
1561 3550 1588 3593 in

359 3618 470 3663 Vienna.
481 3620 558 3663 hlolto
567 3622 705 3676 adglutara
715 3623 754 3665 131
762 3625 780 3665 11Ι
789 3625 870 3667 nostri
879 3624 1014 3678 predicare
1024 3625 1064 3666 nei
1076 3623 1209 3677 principio.
1221 3624 1314 3665 sicome
1327 3623 1345 3665 11
1356 3622 1385 3665 R.
1398 3622 1426 3665 P.
1437 3621 1588 3665 Schorlehio

354 3702 467 3746 sappera
478 3694 598 3736 ordinare
609 3695 715 3737 essendo
733 3696 773 3749 qui
791 3696 932 3749 superiore,
949 3696 972 3739 31
989 3697 1047 3738 vole
1065 3694 1097 3738 V.
1114 3694 1143 3738 R.
1156 3695 1184 3737 Ρ.
1200 3695 1256 3737 1133
1266 3696 1362 3743 331113,
1374 3695 1420 3737 che
1436 3694 1588 3737 1313333313

356 3770 448 3817 troppo
459 3766 537 3819 quelli
548 3766 595 3809 che
606 3766 691 3809 hanno
701 3767 731 3809 33
743 3768 840 3819 venire,
855 3768 949 3822 perche
960 3767 987 3811 in
1002 3766 1113 3810 Octobre
1121 3769 1148 3809 la
1158 3766 1263 3810 Boemia
1274 3767 1300 3809 ia
1311 3767 1382 3809 ire-do
1393 3766 1503 3820 qualche
1513 3767 1586 3810 volte

356 3838 457 3879 intenso
473 3844 499 3880 et
518 3838 680 3881 vehemente.
702 3838 802 3890 Quanto
819 3840 845 3882 al
859 3838 966 3892 uiatico,
981 3850 1009 3882 aa
1026 3850 1075 3882 non
1086 3845 1173 3892 presto
1191 3838 1213 3881 si
1234 3838 1328 3881 manda
1345 3838 1378 3881 da
1398 3838 1527 3891 Augusta,
1538 3846 1587 3891 pur

358 3906 391 3949 V.
403 3907 430 3951 R.
440 3908 469 3951 P.
486 3914 563 3962 petra
578 3909 700 3963 pigliarlo
717 3910 742 3952 in
761 3917 848 3963 presto
863 3910 900 3964 [?],
909 3917 937 3953 et
950 3911 974 3953 io
988 3911 1045 3953 1313
1057 3910 1105 3952 3113
1119 3910 1158 3952 313
1169 3916 1238 3953 tutto
1247 3910 1389 3962 restituito,
1400 3909 1440 3952 sia
1450 3911 1476 3952 la
1487 3919 1588 3953 summa

355 3981 419 4033 qual
433 3980 453 4022 si
469 3981 566 4033 voglia.
582 3979 647 4023 11331
662 3988 757 4033 quanto
772 3982 815 4023 ali’
832 3992 921 4035 espese
936 3980 1082 4025 necessarie
1097 3992 1144 4036 per
1158 3982 1185 4023 ia
1195 3981 1296 4024 fabrica
1307 3992 1355 4023 non
1365 3991 1489 4023 mancara
1504 3982 1530 4022 ia
1541 3990 1589 4022 aua

356 4050 475 4104 Maiesta,
486 4053 512 4094 la
527 4053 587 4105 qual
602 4052 671 4094 tiene
684 4053 775 4105 grand·
790 4052 875 4095 animo
891 4064 906 4095 a
922 4059 1013 4107 questo
1028 4053 1146 4106 collegio,
1157 4058 1183 4094 et
1193 4062 1269 4105 spero
1279 4052 1327 4094 che
1337 4052 1478 4105 adgiutara
1495 4052 1519 4093 le
1534 4050 1590 4093 ani-

358 4133 398 4165 me
408 4134 454 4175 per
465 4126 487 4166 13
498 4131 585 4166 333113
596 4123 691 4166 fatiche
702 4124 742 4166 nel
754 4123 846 4176 Signor
857 4123 951 4167 Nostro
967 4122 1031 4176 Jssv
1048 4122 1152 4167 Christo
1162 4123 1308 4166 benedetto.
1326 4122 1428 4174 Quanto
1446 4122 1491 4165 alli
1506 4122 1588 4166 Theo·

356 4196 409 4247 logi
420 4207 434 4237 e
444 4196 477 4237 da
486 4206 587 4246 curare,
598 4196 644 4238 che
655 4196 728 4238 siano
743 4196 858 4239 bastantl
869 4207 885 4239 a
896 4196 1047 4248 rispondere
1061 4197 1111 4239 3113
1124 4196 1225 4238 31113133
1242 4194 1351 4244 heresis.
1368 4195 1392 4237 le
1409 4194 1478 4248 quali
1490 4194 1551 4249 ogni
1562 4194 1588 4237 di

356 4267 400 4319 qui
411 4279 437 4309 se
447 4273 556 4310 trouauo
567 4274 592 4309 et
604 4288 629 4297 -
639 4288 665 4298 -
675 4276 721 4321 per
731 4268 755 4310 la
766 4268 902 4322 malignitas
919 4268 968 4310 del’
977 4269 1080 4311 inimico
1090 4268 1114 4310 d’
1126 4268 1186 4319 ogni
1201 4267 1288 4309 verita
1305 4264 1454 4319 Catholica,
1474 4265 1500 4309 di
1515 4267 1590 4310 31333

355 4339 403 4380 3113
414 4338 456 4390 qui
467 4338 488 4380 si
499 4345 607 4381 trouano
617 4336 751 4391 Valdensi,
764 4338 906 4393 Pikardite,
917 4338 1073 4392 Zuingllanl,
1085 4337 1239 4390 Oslandrici,
1252 4336 1464 4380 Zuenckieldiani
1474 4369 1479 4390 ,
1491 4339 1562 4381 ultra
1572 4338 1590 4380 il

355 4409 483 4452 3313111331
495 4408 612 4461 heretici,
623 4416 649 4453 ct
660 4411 720 4453 tutti
731 4412 777 4453 suh
788 4416 910 4464 pretextu
921 4411 944 4452 d'
955 4421 1027 4453 esser
1036 4412 1084 4453 sub
1095 4417 1215 4463 vtraque,
1223 4410 1244 4451 si
1256 4419 1328 4451 come
1338 4410 1393 4453 loro
1410 4409 1524 4463 313333,
1544 4408 1592 4453 Ca·

359 4480 447 4531 nisius,
463 4480 526 4525 ibid.

398 4554 409 4583 ³
436 4552 470 4596 “Il
482 4552 599 4607 Principe
610 4564 625 4596 o
635 4554 784 4598 Archiduca
795 4556 860 4598 11313
872 4554 906 4598 mi
917 4554 944 4598 13
954 4554 977 4597 3’
986 4554 1120 4598 intendere
1131 4566 1177 4608 per
1188 4553 1207 4597 il
1219 4551 1327 4606 Signore
1339 4552 1421 4595 conte
1436 4552 1468 4595 de
1478 4550 1588 4603 Latroni,

357 4625 407 4667 che
416 4624 513 4667 vedera
524 4626 669 4679 uolontieri,
680 4627 728 4669 che
741 4628 764 4669 13
776 4636 861 4681 venga
872 4638 919 4669 con
930 4626 948 4669 11
959 4627 1049 4678 nostri,
1061 4632 1087 4669 et
1098 4627 1145 4670 che
1156 4636 1234 4679 spera
1244 4624 1275 4667 de
1290 4624 1414 4667 hanerme
1430 4625 1472 4667 dai
1487 4635 1534 4667 auo
1544 4634 1589 4677 pa·

357 4696 464 4739 dienen
475 4699 617 4741 solamente
627 4709 673 4751 per
687 4699 714 4741 la
729 4698 818 4741 vtillta
834 4698 944 4752 publica,
956 4710 999 4742 ma
1009 4699 1091 4741 anche
1101 4709 1147 4751 per
1158 4708 1185 4741 se
1196 4704 1287 4747 stesso,
1297 4696 1407 4740 volendo
1417 4692 1530 4739 conierlr
1540 4706 1590 4738 con
