3717 5400
865 907 954 1072 ris

451 1263 806 1348 CHRONICON
835 1262 1187 1347 SOCIETATIS
1210 1264 1354 1370 JESU
1375 1261 1386 1304 ¹

788 1569 902 1612 anuos
928 1551 1013 1612 1555.

520 1805 584 1869 DE
598 1805 734 1871 DOMO
750 1807 810 1872 ET
822 1805 1066 1872 COLLEGIIS
1079 1807 1287 1872 ROMANIS

354 2127 381 2188 1.
424 2127 526 2192 Initio
542 2127 646 2208 hujus
661 2130 745 2192 anni
760 2139 841 2193 octo
856 2129 1068 2192 Provincias
1084 2128 1270 2192 distinctas
1284 2129 1437 2193 habebat
1456 2130 1515 2196 So-

289 2235 402 2296 cietas
416 2233 438 2313 ¹,
455 2235 626 2314 siquidem
642 2235 818 2300 Castellae
833 2236 954 2299 addita
969 2246 1023 2298 est
1038 2237 1193 2313 Baetica,
1211 2238 1287 2298 solo
1298 2235 1518 2300 Cordubensi

288 2341 448 2420 Collegio
462 2343 508 2405 ab
524 2361 566 2406 ea
581 2352 746 2423 separato
762 2342 784 2406 ³.
801 2343 839 2406 ln
857 2343 974 2407 Gallia
990 2343 1143 2406 habebat
1158 2344 1299 2423 quidem
1312 2343 1349 2406 P.
1366 2343 1518 2407 Pascha·

289 2449 375 2526 sius,
389 2447 464 2528 jam
479 2451 561 2514 inde
573 2451 617 2514 ab
633 2468 676 2514 eo
691 2466 850 2531 tempore
865 2468 935 2530 quo
946 2451 1075 2513 missus
1089 2451 1383 2524 lucratPa1·isioS‚
1401 2461 1518 2516 aucto·

288 2557 432 2618 ritatem
443 2555 689 2636 Prouincialis;
702 2558 764 2621 sed
780 2557 862 2638 quia
874 2558 979 2620 unico
995 2557 1032 2619 in
1044 2557 1194 2636 collegio
1205 2556 1228 2634 ⁴,
1242 2567 1276 2620 et
1288 2557 1392 2620 valde
1403 2558 1519 2622 adhuc

289 2662 407 2743 debili,
435 2665 548 2728 nostri
570 2665 783 2745 residebant,
808 2683 875 2729 non
902 2664 969 2728 fuit
989 2665 1080 2728 inter
1106 2664 1310 2745 provincias
1335 2664 1521 2731 distinctas

289 2770 408 2835 Gallia
429 2783 635 2853 computata
655 2791 766 2854 usque
786 2774 831 2837 ad
851 2774 946 2835 hunc
969 2790 1101 2836 annum
1130 2773 1217 2851 1555,
1245 2791 1325 2836 cum
1349 2776 1458 2855 aliqui
1477 2793 1522 2839 ex

334 2968 343 2999 ¹
371 2968 459 3012 Verbo
469 2970 587 3023 sequenti
599 2969 694 3012 Annus
702 2970 792 3023 incipit
807 2969 912 3013 tertium
928 2981 974 3012 ms.
991 2970 1112 3012 volumen
1130 2970 1205 3023 liujus
1222 2968 1353 3021 chronici,
1371 2971 1438 3023 quod
1452 2972 1523 3015 mille

292 3038 412 3083 ducentis
422 3042 560 3095 sexaginta
575 3048 600 3084 et
611 3042 721 3095 quinque
732 3040 834 3095 paginis
852 3042 1034 3094 complectitur
1050 3052 1093 3083 res
1108 3053 1155 3090 ner
1170 3040 1328 3084 Societatem
1343 3047 1433 3095 gestas
1448 3042 1522 3086 anuis

292 3110 347 3153 1555
355 3118 381 3154 et
394 3112 452 3156 155⁶.
468 3112 545 3165 (Vide
560 3123 648 3166 supra,
657 3118 675 3156 t.
687 3124 702 3163 1.
714 3123 775 3166 pag.
785 3112 799 3155 6
809 3118 834 3154 et
845 3124 908 3165 aeq..
920 3120 945 3154 et
956 3118 975 3156 t.
992 3123 1027 3162 rr.
1041 3122 1099 3165 paz.
1113 3111 1294 3158 oni-Totum
1309 3112 1467 3167 descriptum
1481 3121 1522 3157 eet

290 3182 383 3225 eadem
393 3194 478 3237 manu,
489 3195 539 3239 qna
550 3185 599 3228 duo
610 3184 707 3237 priora,
718 3190 828 3237 excepto
839 3184 921 3237 primo
933 3183 992 3226 iolio
1003 3184 1070 3237 quod
1080 3184 1188 3238 reliquls
1195 3184 1249 3237 jam
1259 3184 1349 3237 ligatis
1362 3184 1523 3237 conglutina-

289 3254 480 3300 tumentium
491 3257 620 3299 volumino
631 3266 680 3299 nou
692 3255 753 3299 iolla
764 3256 808 3298 sed
820 3255 932 3309 paginae
941 3256 1054 3298 numeris
1065 3256 1190 3299 distincta
1200 3262 1260 3299 sunt
1270 3268 1303 3299 ex
1313 3266 1362 3311 quo
1377 3268 1393 3299 a
1408 3258 1522 3300 secundo

290 3327 422 3371 volumine
433 3334 598 3381 segregatum
609 3334 657 3381 est;
669 3328 729 3370 olim
740 3327 806 3369 enirn
818 3338 874 3370 cum
882 3336 912 3370 eo
922 3333 1058 3371 consutum
1069 3328 1116 3371 luit
1128 3334 1154 3371 et
1166 3328 1229 3371 iolia
1244 3329 1394 3372 alternatim
1409 3329 1523 3373 numeria

290 3399 417 3443 distincta
427 3398 475 3443 hoc
486 3400 568 3443 modo:
580 3400 667 3443 rollum
679 3399 819 3443 secundum
829 3410 935 3441 numero
945 3398 993 3450 433,
1005 3405 1126 3453 quartum
1142 3411 1166 3443 n.
1176 3400 1225 3453 434,
1236 3406 1337 3443 sextum
1351 3412 1376 3443 n.
1388 3399 1430 3443 485
1444 3407 1470 3443 et
1484 3401 1522 3443 aic

290 3471 324 3515 ad
337 3471 412 3515 linem
422 3482 502 3525 usque
513 3471 659 3514 voluminis.
671 3470 757 3513 Habet
767 3471 793 3514 ln
803 3471 880 3514 dorso
890 3470 964 3513 haec:
973 3468 1154 3514 POLANCUS
1167 3474 1171 3520 Ι
1183 3470 1317 3515 Htsrort.
1329 3471 1334 3525 1
1346 3470 1426 3515 VOL.
1436 3470 1484 3515 111.

332 3544 344 3574 ¹
371 3542 411 3586 En
421 3542 513 3585 barum
526 3542 722 3587 Provinciarum
732 3550 897 3596 conspectum
908 3548 934 3585 et
944 3541 1156 3595 Praepositorum
1167 3543 1370 3586 Prouincialium
1379 3544 1489 3587 nomina:

532 3674 700 3719 Paovrucrna.
1068 3674 1426 3717 Praerosml’novrucntas.

292 3812 303 3855 i
320 3810 402 3855 Italia'
410 3810 487 3855 {citra
498 3810 614 3863 Romam,
625 3808 714 3868 Tybur
726 3818 752 3855 et
768 3810 936 3864 Neapolimi..
964 3810 991 3853 P.
1002 3810 1114 3862 Jacobus
1124 3808 1240 3865 Laynez.

292 3882 306 3926 2
320 3880 409 3926 Sicilia
412 3910 934 3927 .......................................
962 3877 990 3919 P.
1002 3877 1176 3933 Hieronymus
1188 3876 1347 3919 Domcnech.

291 3954 306 3999 8
321 3954 456 4007 Aragonla
461 3981 936 3999 ..................................
962 3948 991 3990 Ρ.
1002 3948 1156 3991 Franciscus
1167 3948 1198 3990 de
1210 3946 1332 3991 Estrada.

290 4028 305 4070 4
320 4026 436 4071 castella
439 4052 935 4072 .....................................
964 4018 991 4062 P.
1004 4018 1132 4062 Antonius
1143 4020 1173 4061 de
1186 4020 1281 4062 Araoz.

290 4096 440 4142 5Baetica.
452 4124 934 4141 ...................................
964 4092 992 4136 P.
1001 4093 1112 4137 Michaei
1122 4092 1153 4135 de
1162 4091 1265 4135 Turres.

290 4168 305 4209 6
319 4167 469 4213 Lusitania.
482 4194 935 4213 ..................................
964 4166 991 4210 P.
1002 4165 1115 4217 Jacobua
1125 4164 1218 4207 Miron.

290 4240 305 4283 7
319 4240 444 4285 Brasilia.
457 4268 935 4285 ....................................
964 4237 991 4280 P.
1003 4236 1156 4280 Emmanuel
1166 4235 1296 4289 Nobrega.

290 4311 305 4353 8
320 4310 393 4356 lndia
404 4318 429 4355 et
440 4310 551 4365 Japonia
556 4338 937 4356 ............................
964 4310 993 4352 P.
1004 4308 1128 4353 Melchior
1139 4306 1235 4350 Nollez.

334 4446 346 4477 ὅ
373 4446 428 4489 lioc
439 4452 487 4497 est,
498 4456 556 4489 cum
565 4445 689 4489 Baeticae
700 4444 872 4488 Prouincialis
883 4444 970 4487 iactos
980 4450 1020 4486 est
1036 4443 1063 4486 P.
1079 4442 1190 4486 Michael
1200 4442 1230 4484 de
1242 4441 1337 4485 Turres
1349 4441 1425 4491 (Vide
1435 4452 1524 4496 supra,

290 4524 312 4561 t.
321 4528 356 4570 iv.
365 4529 426 4572 pag.
436 4518 485 4569 384,
494 4528 517 4561 n.
524 4516 581 4570 829).
591 4517 698 4571 ideoque
707 4528 775 4559 nova
784 4522 809 4558 et
819 4528 834 4559 a
843 4516 976 4559 castellae
984 4515 1119 4569 provincia
1126 4514 1252 4557 distincta
1259 4513 1379 4557 instituta
1387 4518 1435 4565 est,
1444 4514 1527 4557 solum

291 4590 319 4633 ln
330 4600 362 4632 ea
372 4596 429 4632 erat
441 4588 583 4641 collegium
594 4589 767 4639 Cordubense,
778 4589 845 4642 quod
854 4588 906 4631 sula
915 4588 996 4631 initiis
1003 4587 1037 4630 ad
1045 4585 1176 4629 Castellae
1183 4586 1345 4639 provinciam
1352 4585 1525 4639 pertinuerat.

335 4660 347 4692 ⁴
374 4658 488 4709 Scilicet.
499 4659 747 4703 Parisiensi.-ldem
758 4660 810 4702 iere
821 4660 886 4702 dixit
895 4659 950 4713 jam
961 4658 1095 4701 Pocaucus
1110 4668 1198 4711 supra,
1215 4664 1232 4701 t.
1244 4667 1280 4708 ιν,
1297 4668 1360 4711 pag.
1374 4656 1423 4709 32⁷7,
1439 4668 1463 4699 n.
1477 4656 1527 4709 7003

295 4732 415 4785 idemque
426 4732 506 4775 insius
517 4730 659 4785 explicabit
668 4730 744 4785 inira¹
757 4742 780 4774 n.
791 4732 838 4775 869.
