3717 5400
806 483 866 542 Aa.
893 482 965 544 1535
1463 489 1501 545 47

266 641 364 690 mum
378 636 582 708 susceptum
605 628 651 692 ad
666 629 881 708 judaismum
904 630 1070 706 redirent)
1086 629 1289 707 Ferrariae,
1307 641 1345 695 ut
1360 631 1497 696 diceba·

263 740 334 810 tur,
358 733 569 799 admitteret.
595 734 678 802 Dux
700 746 819 802 tamen
838 738 978 800 nonita
999 754 1076 802 sese
1095 737 1227 803 habere
1248 739 1441 819 respondit,
1463 751 1500 803 et

265 840 387 904 statim
402 840 643 920 Augustinum
657 843 844 910 Moschum
861 842 881 922 ¹,
903 843 963 924 qui
978 861 1148 924 praesens
1162 853 1240 908 erat
1255 862 1378 910 coram
1392 845 1499 910 Patre

267 945 463 1026 advocans,
477 958 515 1012 ut
527 958 654 1016 testem
664 949 758 1031 quod
770 967 823 1029 ea,
840 966 934 1031 quae
946 949 1297 1029 circumferebantur,
1314 951 1406 1017 falsa
1420 970 1500 1018 esse

180 1049 183 1053 ’
265 1054 426 1132 adduxit,
451 1067 486 1119 et
508 1057 584 1120 fieri
602 1057 706 1120 facile
725 1067 860 1137 posset,
881 1057 976 1137 quod
996 1057 1070 1122 suis
1088 1058 1283 1123 mendaciis
1301 1058 1370 1122 hoc
1389 1059 1498 1122 homi-

263 1177 350 1228 num
374 1178 488 1241 genus
510 1163 645 1228 Ducem
667 1165 833 1242 celasset,
855 1173 890 1228 et
909 1182 971 1227 eos
991 1163 1052 1244 qui
1076 1165 1165 1227 tales
1189 1174 1307 1243 erant,
1334 1166 1500 1230 meliores
1561 1185 1568 1198 ·

266 1284 345 1332 esse
360 1269 569 1335 existimans
584 1270 736 1336 admisit.

322 1375 374 1439 94.
419 1377 462 1442 Ν.
480 1385 502 1455 ²,
527 1394 617 1457 quae
632 1389 757 1442 votum
770 1377 968 1458 Religionis
981 1379 1161 1456 emiserat,
1178 1379 1342 1460 cupiebat
1362 1380 1448 1444 illud
1462 1380 1497 1442 in

266 1479 457 1548 Societatis
477 1492 602 1551 votum
621 1492 850 1562 commutare,
874 1497 909 1548 et
931 1483 1007 1564 ejus
1021 1485 1241 1550 obedientiae
1256 1502 1294 1550 se
1310 1484 1496 1565 subjicere:

268 1590 442 1669 quamvis,
464 1601 608 1671 propter
633 1591 859 1656 eminentiam
882 1591 957 1671 ejus
979 1601 1105 1670 statua,
1128 1593 1163 1656 id
1184 1593 1333 1673 intelligi
1351 1594 1397 1656 ab
1417 1594 1499 1657 aliis

264 1713 338 1760 non
352 1698 573 1776 expediebat.
595 1697 793 1777 Injunctum
815 1710 868 1762 est
887 1709 1006 1764 autem
1026 1699 1209 1779 negotium
1229 1699 1266 1762 P.
1290 1699 1442 1780 Ignatio,
1458 1712 1496 1764 ut

265 1805 580 1870 commutationem
602 1805 694 1869 hanc
717 1825 739 1869 a
759 1803 904 1872 Summo
926 1805 1097 1870 Pontifice
1118 1806 1306 1885 obtineret,
1328 1817 1363 1870 et
1386 1808 1497 1871 tacito

265 1927 442 1991 personae
456 1913 598 1977 nomine
612 1913 773 1977 obtinuit.
789 1913 834 1978 Et
856 1913 939 1995 quia
954 1911 992 1976 P.
1008 1912 1037 1975 F
1039 1914 1224 1976 ranciscus
1244 1914 1378 1993 Borgia
1399 1914 1496 1977 dubi-

266 2017 379 2097 tabat,
395 2035 443 2082 an
457 2017 660 2099 hujusmodi
679 2019 914 2088 obedientiam
934 2021 1122 2084 admittere
1141 2019 1285 2083 deberet
1304 2020 1383 2093 (uec
1401 2021 1497 2086 enirn

263 2123 298 2187 id
314 2123 505 2188 Societatis
525 2127 742 2191 consuetudo
762 2126 921 2204 serebat),
945 2145 1017 2190 non
1035 2128 1152 2190 solum
1166 2125 1203 2190 P.
1219 2126 1381 2206 ignatius
1400 2127 1432 2190 ei
1447 2128 1496 2192 si·

266 2231 452 2309 gnificavit
477 2234 572 2315 quod
596 2233 781 2298 admittere
807 2234 942 2312 liceret,
967 2234 1030 2298 sed
1058 2233 1095 2297 in
1119 2234 1249 2298 virtute
1274 2234 1497 2297 obedientiae

267 2337 383 2402 eidem
398 2338 562 2418 injunxit,
578 2350 615 2405 ut
634 2341 847 2406 admitteret.
870 2341 915 2406 Et
934 2343 1022 2404 satis
1040 2340 1203 2412 ostendit.
1221 2341 1316 2421 quod
1339 2341 1374 2405 in
1389 2341 1496 2404 rebus

263 2443 468 2524 huiusmodi
482 2456 555 2512 tam
571 2447 675 2526 rariS,
692 2448 909 2528 dispensatio
927 2449 966 2512 in
978 2447 1288 2512 constitutionibus
1309 2447 1498 2513 Societatis

262 2553 384 2617 locum
397 2553 528 2618 habere
544 2554 687 2620 deberet
702 2553 725 2615 ⁵.

324 2659 375 2725 95.
419 2658 510 2725 Cum
524 2661 592 2725 hoc
608 2679 701 2727 anno
717 2661 817 2743 quies
832 2663 933 2743 pacis
948 2661 1148 2743 perturbari
1162 2660 1297 2727 Romae
1308 2663 1495 2744 coepisset,

261 2774 298 2829 et
316 2764 482 2831 Summus
496 2766 660 2835 Pontifex
675 2768 925 2851 suspicionem,
942 2769 1064 2833 nescio
1079 2769 1182 2848 unde,
1201 2770 1380 2851 accipiens
1402 2773 1496 2850 quod

259 2872 363 2939 domi
374 2883 518 2939 nostrae
533 2891 665 2955 magna
677 2875 733 2937 vis
745 2892 927 2941 armorum
941 2876 1117 2939 celaretur
1131 2873 1153 2953 ⁴,
1170 2875 1266 2939 misit
1276 2876 1495 2941 Gubernato-

257 2997 343 3047 rem
358 2981 456 3045 urbis
470 2979 485 3013 ⁸
497 2998 579 3045 cum
603 2980 741 3049 fiscali⁶
767 2992 801 3045 et
826 2982 1037 3062 quibusdam
1063 2983 1142 3047 aliis
1157 2984 1338 3063 ministriS,
1361 2984 1421 3064 qui
1435 2984 1496 3046 do·

302 3224 311 3257 ¹
341 3223 392 3275 sin
404 3224 487 3268 eritne
498 3224 540 3267 hic
552 3224 602 3273 ille.
619 3234 694 3277 quem
714 3224 887 3277 augustinum
901 3222 986 3269 Museo
999 3225 1144 3278 appellavit
1157 3225 1225 3269 idem
1239 3225 1379 3278 Polaucus,
1395 3237 1484 3280 supra,

259 3302 391 3350 trapag.
403 3294 533 3347 186,n.il?

299 3369 312 3401 ¹
340 3366 388 3411 iiic
399 3368 432 3411 ad
443 3367 555 3420 paginae
565 3376 637 3409 oram
647 3365 752 3420 scripsit
762 3365 789 3409 P.
801 3364 929 3409 Succurrit
942 3365 1043 3419 opinor
1051 3365 1120 3410 hanc
1130 3376 1189 3409 asse
1204 3366 1361 3422 Principem
1377 3367 1491 3413 Lusita·

259 3438 328 3481 nise
336 3438 480 3493 Joannam.
491 3438 569 3481 Recte
580 3438 690 3491 quiderm
701 3448 762 3481 nam
772 3448 857 3481 sermo
867 3444 907 3481 est
917 3437 949 3481 de
959 3435 1068 3491 Joenna,
1080 3436 1263 3492 fflapautarum
1272 3449 1340 3483 nunc
1354 3438 1490 3485 Guberna-

259 3509 338 3561 trlce,
349 3510 462 3565 Philippi
472 3508 497 3553 11
511 3520 609 3559 sorore.
626 3520 704 3563 quarn
721 3509 778 3553 ideo
799 3507 955 3553 Lusitaniae
972 3507 1118 3563 Principem
1133 3508 1277 3552 Saeturnus
1292 3512 1416 3566 appellat,
1434 3516 1495 3568 quia
1592 3562 1594 3566 ,

257 3579 362 3634 ioanni,
374 3580 453 3635 Regis
464 3580 645 3634 Portugnlliae
656 3580 707 3624 lilio
717 3581 841 3635 regnique
851 3580 968 3633 haeredi,
978 3586 1060 3635 nupta
1070 3580 1165 3624 iuerat.

299 3650 313 3685 ⁸
342 3651 391 3697 Hic
398 3652 504 3697 tandem
514 3652 669 3707 intelligitur
680 3652 748 3707 quod
757 3664 805 3696 nos
817 3662 868 3697 non
877 3652 1038 3697 intellexisse
1047 3651 1112 3697 lassi
1121 3664 1209 3697 sumus
1219 3654 1278 3698 dum
1288 3655 1423 3701 ederemus
1435 3657 1496 3701 Car·

256 3726 306 3767 tas
315 3724 350 3767 de
360 3724 416 3769 San
425 3724 542 3778 lgnacro,
553 3724 597 3770 ubi
607 3724 675 3776 vide,
686 3735 752 3779 quae
763 3724 813 3769 leuc
823 3724 934 3777 iaciunt,
946 3726 971 3767 in
979 3730 999 3769 t.
1010 3735 1047 3777 rv,
1056 3735 1117 3779 pag.
1127 3724 1177 3775 349,
1187 3731 1212 3769 et
1228 3738 1254 3775 v,
1268 3738 1329 3781 pag.
1347 3728 1446 3773 1.-Setl
1462 3730 1494 3772 de

258 3796 302 3839 his
311 3798 389 3850 plura
398 3802 425 3840 et
435 3796 502 3839 scitu
512 3807 574 3839 vere
585 3795 664 3849 digne
674 3793 700 3839 ln
711 3794 787 3839 Nova
798 3795 874 3839 Seria
885 3796 1045 3840 litterarum
1056 3796 1151 3839 Sancti
1159 3796 1271 3849 Ignatii.

300 3868 313 3902 ⁴
341 3866 501 3912 Prohibiturn
512 3868 597 3912 iuerat
607 3879 639 3912 ne
651 3868 715 3922 qula,
732 3868 834 3911 etiamsi
845 3867 975 3921 legatione
987 3878 1033 3923 pro
1043 3868 1129 3923 aliquo
1140 3868 1259 3923 Principe
1270 3869 1366 3914 Romae
1375 3872 1495 3925 iungere·

257 3946 314 3987 tur.
324 3950 399 3982 arma
408 3940 476 3983 domi
486 3950 548 3983 snae
560 3945 669 3982 teneret.
679 3938 860 3983 “Ordinarono
871 3939 919 3983 cbe
929 3950 1031 3994 ognuno
1041 3950 1147 3993 posasae
1158 3940 1181 3983 le
1196 3940 1263 3985 armi
1273 3953 1286 3984 e
1296 3943 1320 3984 le
1332 3949 1451 3996 portasse
1465 3945 1490 3987 in

257 4010 385 4064 Castello;
396 4022 445 4055 nou
456 4011 654 4065 permettendoll
666 4022 780 4065 neppure
796 4010 842 4055 alii
857 4011 935 4055 stessi
950 4010 1159 4064 subsecuturi„
1174 4009 1270 4055 Prsrno
1282 4012 1383 4066 Nonas,
1402 4014 1491 4058 Sturia

255 4082 335 4130 delia
345 4093 444 4133 guerra
455 4082 484 4125 di
506 4082 585 4125 Puoio
595 4081 644 4131 IV,
660 4082 767 4125 sommo
783 4082 924 4133 Ponieiice,
938 4085 1029 4126 contro
1043 4082 1083 4135 gii
1097 4082 1254 4137 spagnuon',
1271 4085 1314 4128 iib.
1331 4097 1340 4127 1
1355 4085 1494 4137 (Archivio

258 4154 366 4197 Siorico
378 4154 502 4203 italiana,
511 4153 546 4197 i.·
556 4154 636 4205 serie.
648 4155 700 4197 vol.
712 4153 768 4205 12⁰,
783 4165 844 4207 pag.
854 4154 898 4206 22).

297 4224 311 4257 ὅ
338 4222 424 4279 Scipio
435 4224 543 4277 Rebiba,
556 4223 705 4269 listiniensis
718 4224 872 4279 Episcopus.
884 4225 926 4281 qui
937 4225 999 4271 oiim
1008 4227 1110 4271 nomine
1119 4225 1226 4279 Joannis
1236 4228 1305 4273 Petri
1321 4230 1427 4274 Caralis.
1440 4232 1489 4274 Ar·

254 4296 480 4351 chieplscopatum
491 4295 691 4351 Neapolitanum
701 4296 943 4342 administraverat.
954 4296 992 4341 De
1002 4308 1034 4341 eo
1040 4299 1096 4353 jam
1105 4299 1209 4353 saepius
1223 4301 1319 4344 mentio
1329 4301 1401 4345 iacta
1412 4308 1451 4346 est
1465 4303 1491 4345 in

255 4370 309 4414 lsoc
322 4367 455 4411 caranico.

296 4438 312 4473 θ
339 4439 405 4483 Erat
419 4440 449 4489 is.
465 4446 493 4484 ut
509 4441 586 4494 paulu
600 4438 669 4485 inira
682 4439 737 4493 ipse
756 4438 798 4485 ait
816 4440 952 4491 Polanoue,
970 4441 1120 4491 Alexander
1138 4442 1300 4493 Pallentieri,
1318 4444 1362 4487 iile
1380 4444 1422 4498 qul
1443 4449 1492 4488 sub

256 4510 308 4555 Plo
317 4509 356 4554 tv
366 4522 470 4555 causam
480 4512 532 4565 egit
543 4512 670 4555 adversus
680 4510 754 4554 Pauli
764 4510 803 4554 IV
813 4518 920 4565 nepotes
930 4518 956 4555 et
966 4512 1007 4555 cui
1022 4514 1069 4555 sub
1084 4512 1130 4557 Pio
1146 4513 1170 4556 V
1187 4514 1227 4557 “iu
1242 4522 1359 4560 moazata
1376 4516 1402 4562 ln
1419 4521 1490 4560 testa

255 4580 474 4637 principalmente
484 4594 531 4636 por
543 4593 607 4625 aver
617 4580 759 4635 ingaonato
770 4582 788 4625 ll
799 4582 879 4637 Papa.
891 4590 916 4626 et
927 4584 1069 4637 aggravati
1079 4584 1138 4638 quel
1148 4584 1290 4630 miserablli
1307 4588 1377 4631 nelis
1388 4593 1491 4631 testurn

248 4658 286 4697 -et
297 4653 366 4696 nelle
374 4654 493 4697 relationi
504 4654 547 4697 dci
557 4664 700 4707 processo..
710 4654 851 4705 Acutum,
863 4653 1166 4708 Historiageneaiogrca
1175 4656 1246 4700 della
1252 4656 1385 4715 sarnigiia
1398 4658 1492 4714 Caras-

259 4722 305 4777 !e,
315 4723 358 4769 lib.
368 4723 516 4777 u.-Nosas,
529 4725 544 4769 l.
556 4723 721 4780 c.-·Novase,
731 4726 748 4771 l.
760 4736 790 4779 c.‚
801 4732 852 4771 etc.
864 4732 914 4771 etc.
