3717 5400
360 461 397 520 5⁴
817 461 946 523 Canon.
966 459 1044 520 Soc.
1064 458 1135 533 Jns.

425 605 492 670 109.
535 606 615 672 Hoc
631 624 724 672 anno
739 605 785 671 D.
802 606 1017 672 Laurentius
1031 604 1157 670 Virilis
1173 607 1182 636 ¹
1197 624 1262 670 suo
1273 615 1486 672 testamento
1498 609 1593 688 lega·

363 713 415 776 vit
428 713 586 793 Collegio
601 715 756 796 quinque
770 715 850 778 loca
865 713 997 778 Montis
1017 713 1118 777 Fidei
1133 712 1156 792 ¹,
1182 730 1273 794 quae
1297 714 1514 794 quingentos
1534 732 1593 778 au·

363 837 445 884 reos
459 822 517 884 vel
539 823 646 902 paulo
666 823 818 903 amplius
841 821 1020 899 valebant;
1045 820 1210 901 quamvis
1228 837 1323 883 anno
1343 821 1506 900 sequenti
1528 820 1593 884 11)ι

362 925 445 1008 Julii
459 927 528 990 hoc
543 928 660 1009 ipsum
673 929 832 1008 legatum
854 928 899 991 ab
919 944 962 990 co
981 926 1047 990 fuit
1061 937 1290 1005 renovatum
1312 944 1379 991 nec
1400 927 1490 991 alios
1504 927 1591 992 redi·

362 1041 420 1096 tus
432 1051 538 1114 quam
550 1033 627 1112 hos,
641 1035 702 1114 qui
715 1036 762 1098 ad
776 1031 817 1097 to
827 1050 957 1098 aureos
967 1034 1032 1097 vix
1043 1031 1293 1112 ascendebant,
1306 1032 1478 1114 Collegio,
1490 1033 1592 1114 cuius

364 1140 531 1204 fundator
545 1151 633 1219 erat,
650 1142 801 1222 reliquit.

416 1235 495 1310 ¹110.
539 1247 700 1311 Ecclesia
715 1258 838 1312 nostra
854 1249 923 1312 hoc
936 1247 1045 1312 etiam
1059 1263 1155 1310 anno
1170 1245 1305 1310 reiecta
1319 1256 1386 1326 est,
1407 1257 1443 1311 et
1461 1248 1594 1330 aliquid

366 1353 515 1417 subsidii
529 1354 658 1418 adhoc
674 1354 792 1436 ipsum
806 1355 919 1419 Roma
935 1372 956 1417 a
970 1354 1103 1418 nostris
1122 1354 1270 1418 missum
1289 1365 1355 1434 est,
1371 1363 1407 1418 et
1424 1357 1594 1421 sacellum

363 1461 542 1541 quoddam
556 1470 592 1524 et
606 1461 688 1541 alia,
706 1480 798 1542 quae
813 1463 955 1526 ruinam
974 1461 1211 1539 minabantur,
1233 1461 1448 1525 concinnata
1469 1473 1504 1527 et
1525 1473 1594 1527 sta·

368 1567 466 1631 bilita
480 1568 634 1632 fuerunt.

429 1674 496 1737 lll.
540 1672 644 1753 Quod
658 1673 705 1738 ad
719 1692 894 1755 expensas
908 1674 1028 1739 victus
1042 1675 1181 1753 attinet,
1203 1691 1248 1737 ex
1267 1675 1503 1755 eleemosynis
1521 1677 1594 1740 fere

366 1782 478 1844 nostri
493 1780 682 1862 Tyburtiui
696 1782 879 1860 vivebant:
894 1798 960 1845 nec
981 1781 1174 1862 quidquam
1192 1780 1264 1844 illis
1283 1782 1352 1845 hoc
1366 1799 1461 1846 anno
1475 1799 1595 1846 rerum

298 1965 302 1973 .
346 1889 648 1969 ,necessariarum
672 1887 792 1967 defuit,
818 1888 984 1968 quamvis
1007 1898 1107 1951 tanta
1128 1888 1278 1968 penuria
1299 1887 1428 1952 civitas
1452 1906 1495 1952 ea
1518 1904 1594 1970 pre·

363 2005 530 2073 meretur,
547 2005 585 2058 ut
600 1995 707 2058 etiam
722 1995 832 2075 aliqui
845 2013 891 2058 ex
910 1995 1098 2058 ditioribus
1119 2012 1165 2058 ex
1184 1994 1319 2058 hordeo
1340 2011 1469 2074 panem
1488 1995 1594 2060 confi·

363 2117 445 2164 cere
460 2101 556 2165 domi
571 2118 657 2166 suae
667 2113 892 2182 cogerentur,
906 2101 1000 2182 quod
1010 2101 1225 2166 frumentum
1237 2101 1378 2182 quidem
1388 2119 1434 2166 ne
1443 2103 1594 2182 pecunia

364 2207 550 2272 emendum
564 2209 823 2288 inveniebatur;
840 2217 874 2272 et
886 2217 1007 2273 tamen
1017 2226 1062 2272 ex
1074 2209 1309 2289 eleemosynis
1320 2209 1434 2272 nostri
1446 2227 1538 2289 pane
1549 2227 1595 2274 ex

365 2314 539 2379 frumento
555 2314 717 2380 confecto
732 2316 786 2378 usi
800 2325 894 2395 sunt;
910 2324 946 2379 et
960 2317 1044 2396 quia
1063 2316 1190 2379 solitus
1203 2326 1281 2379 erat
1306 2314 1485 2380 Antonius
1510 2326 1596 2380 tem·

366 2437 453 2501 pore
468 2419 667 2486 vindemiae
682 2434 717 2485 et
731 2440 800 2504 quo
816 2423 934 2486 olivae
948 2421 1217 2501 colligebantur,
1235 2423 1363 2486 harum
1378 2439 1496 2486 rerum
1508 2424 1593 2486 elee-

368 2543 557 2608 mosynam
581 2545 644 2609 per
669 2538 783 2593 totum
803 2545 937 2592 annum
960 2545 1149 2609 quaerere,
1173 2538 1211 2591 ut
1230 2528 1299 2591 hoc
1320 2528 1415 2593 idem
1433 2539 1594 2610 tempore

365 2635 491 2697 messis
505 2633 672 2699 frumenti
686 2634 821 2699 faceret
835 2634 971 2699 Rornae
984 2633 1182 2716 injunctum
1195 2636 1229 2699 ei
1243 2644 1308 2715 est;
1325 2644 1360 2700 et
1373 2635 1442 2700 hac
1457 2637 1596 2701 ratione

367 2742 451 2805 illud
465 2742 689 2822 collegiolum
706 2742 866 2807 alebatur
881 2740 903 2805 ³.

430 2850 496 2913 112.
540 2849 629 2913 Cum
644 2850 845 2914 Cardinalis
859 2850 1102 2913 Ferrariensis
1112 2850 1181 2912 hac
1198 2860 1334 2913 aestate
1347 2850 1468 2930 Tybur
1482 2850 1596 2915 venis·

367 2965 421 3019 set
435 2954 447 2986 ⁴
460 2968 497 3020 et
516 2956 659 3020 domum
677 2966 801 3020 nostro
826 2956 987 3035 Collegio
1003 2957 1159 3020 vicinam
1183 2954 1260 3036 ejus
1281 2956 1428 3020 haberet
1451 2956 1594 3035 familia,

366 3079 433 3126 nec
447 3073 566 3127 tamen
580 3072 655 3127 tota
670 3062 855 3127 commode
870 3063 906 3126 in
918 3080 961 3125 ea
972 3063 1161 3141 habitaret,
1173 3079 1218 3126 ex
1230 3063 1389 3143 Collegio
1405 3073 1527 3127 nostro
1539 3081 1596 3128 cu·

366 3170 523 3234 biculum
536 3169 714 3250 quoddam
725 3170 813 3250 ipsis
823 3169 980 3233 vicinum
991 3170 1150 3233 obtinere
1162 3170 1378 3234 nitebantur:
1392 3179 1427 3234 et
1437 3171 1522 3250 quia
1532 3172 1597 3234 sub

367 3275 500 3340 ditione
515 3276 715 3341 Cardinalis
730 3276 859 3339 civitas
874 3286 963 3354 erat,
981 3276 1171 3339 timebatur
1185 3294 1229 3339 ne
1244 3276 1313 3339 hoc
1332 3276 1597 3341 incommodum

368 3394 462 3447 esset
476 3383 708 3464 subeundum.
726 3381 795 3448 Sed
810 3383 975 3447 subvenit
988 3383 1091 3446 nobis
1106 3383 1199 3446 inea
1215 3393 1316 3463 parte
1332 3384 1448 3447 bonus
1462 3384 1519 3447 ille
1530 3384 1598 3447 fra·

368 3498 422 3553 ter
437 3490 605 3554 Valerius
615 3486 638 3569 ⁸,
652 3488 695 3554 de
705 3506 786 3570 quo,
800 3506 880 3552 cum
894 3490 1002 3553 aulici
1011 3489 1212 3553 Cardinalis
1227 3490 1486 3554 intellexissent
1505 3492 1598 3571 quod

371 3766 469 3809 latoria
479 3765 552 3810 delio
564 3766 728 3820 compagnia
736 3764 766 3807 ii
774 3764 841 3818 Jesti
851 3764 894 3807 nal
904 3774 986 3817 regno
995 3764 1025 3808 ii
1033 3764 1141 3819 Napoii,
1151 3764 1341 3815 Riedonum,
1351 3765 1503 3820 Scriptores
1513 3765 1599 3810 Socie-

368 3838 627 3891 tatis,·A1asoauan,
643 3834 774 3887 Sorwnnn,
786 3834 953 3879 Bibliotheca
964 3835 1132 3890 scriptorum
1142 3835 1297 3888 societatis:
1306 3836 1347 3880 Da
1356 3836 1472 3890 Bataua,
1482 3836 1599 3881 Sonam

369 3920 460 3963 vocar,
471 3907 656 3960 Biblioiiiique
666 3908 714 3951 des
724 3908 861 3951 ecrivuins
870 3906 903 3950 de
913 3906 940 3949 la
952 3906 1113 3962 campagnia
1122 3907 1155 3951 de
1164 3907 1259 3961 lesus,
1268 3906 1376 3961 Naunst,
1388 3908 1483 3952 Annas
1491 3909 1598 3956 dieram

372 3980 598 4030 memorabilium,
615 3978 632 4022 8
649 3979 734 4033 sepa:
748 3989 780 4021 ex
797 3989 846 4032 quo
863 3977 951 4023 brevia
965 3978 1059 4023 notitia
1074 3984 1238 4033 transumpta
1247 3984 1287 4022 est
1302 3979 1328 4023 ln
1342 3977 1397 4034 bie,
1408 3980 1475 4034 qaod
1485 3980 1599 4036 appella-

369 4062 426 4097 mus
442 4050 621 4105 Menoiogium
638 4050 801 4094 Loioiaeum.

410 4124 420 4157 Ι
449 4122 516 4167 Vlde
528 4122 623 4165 carias
633 4122 666 4165 de
677 4122 732 4165 San
743 4119 861 4173 Ignacio,
871 4126 890 4165 t.
905 4131 942 4175 tv,
954 4131 1013 4175 pag.
1023 4120 1071 4175 all,
1079 4128 1167 4167 annot.
1175 4122 1196 4166 2.

410 4195 422 4227 ¹
449 4194 506 4239 loca
517 4193 617 4237 Montis
627 4192 714 4246 Fidei,
724 4192 823 4237 scillcet
834 4192 1023 4247 pignorationis
1034 4193 1180 4247 schedulas,
1195 4206 1262 4249 quae
1277 4196 1431 4249 quingentos
1448 4206 1542 4240 aureos
1555 4205 1602 4239 va-

371 4266 468 4318 lebant,
479 4270 506 4307 et
517 4264 609 4317 qulbus
620 4274 637 4307 a
647 4262 733 4307 Monte
743 4262 817 4307 Fidei
828 4274 875 4317 per
884 4273 966 4306 annos
975 4262 1091 4316 singulos
1105 4264 1179 4307 aurel
1194 4265 1240 4308 vix
1256 4264 1438 4319 quadraglnta,
1452 4271 1482 4309 ut
1496 4276 1555 4309 mox
1565 4265 1602 4308 ait

374 4337 428 4390 lpse
440 4336 576 4389 Polancns,
587 4335 763 4379 solvebantur.

413 4406 425 4438 ¹
451 4406 639 4461 Eleemosynae
650 4410 745 4458 tamen,
757 4404 849 4459 quibus
859 4405 907 4448 hoc
914 4403 1058 4458 Collegium
1068 4406 1194 4454 alebatur.
1207 4417 1257 4450 non
1266 4407 1369 4451 aliunde
1380 4408 1603 4461 veniebantaaepe

372 4488 450 4532 quam
460 4488 492 4521 ex
502 4476 577 4521 domo
587 4486 703 4530 romanu,
711 4486 786 4531 quae,
798 4476 858 4519 licet
869 4475 958 4527 tantis,
970 4482 998 4519 ut
1008 4475 1127 4529 vidimus,
1137 4484 1300 4530 premeretur
1309 4478 1437 4532 angustiis
1455 4479 1514 4523 bule
1521 4478 1604 4523 charl-

376 4548 440 4594 tutis
451 4549 533 4592 odiclo
543 4559 593 4592 non
602 4548 701 4591 deerat.

414 4620 426 4652 ⁴
454 4618 519 4661 Vide
530 4629 617 4673 supra,
628 4629 687 4673 pag.
698 4618 732 4670 io,
742 4630 767 4662 n.
777 4618 814 4660 92.

416 4694 428 4727 ⁵
454 4689 522 4733 Vide
532 4700 619 4743 supra,
630 4701 689 4746 pag.
700 4692 734 4744 52,
746 4703 770 4735 n.
783 4691 828 4737 106.
