3717 5400
768 482 833 540 Art.
855 482 925 540 1555
1410 482 1463 541 ott

225 630 345 693 locum
361 624 544 707 cuiusdam
559 626 698 704 nobiliS,
716 626 890 705 sanguine
906 624 1086 705 coniuncti
1101 642 1186 690 cum
1200 624 1390 706 Episcopo,
1402 626 1463 705 qui

227 736 322 799 inter
337 734 540 797 saeculares
556 742 662 813 caput
678 732 773 795 aliud
789 742 865 795 erat
877 732 1043 796 factionis
1056 729 1368 813 Charavajalium¹
1385 732 1464 809 (sic-

230 842 282 905 uti
298 840 395 921 prior
408 840 466 903 ille
482 838 701 919 Zunigarum
721 840 821 915 erat).
847 838 897 902 lbi
918 839 1026 902 etiam
1046 850 1273 919 peramanter
1292 849 1464 920 exceptus

225 960 298 1028 est,
315 956 349 1011 et
364 948 415 1011 illi
430 947 550 1011 domui
563 948 712 1010 multum
727 946 981 1009 consolationis
996 947 1124 1009 attulit.

274 1055 362 1119 1477.
407 1054 450 1117 Et
459 1053 494 1117 id
506 1054 636 1133 agebat
645 1052 684 1117 P.
697 1052 911 1117 Franciscus
924 1065 961 1116 ut
973 1054 1019 1116 ad
1031 1065 1190 1117 mutuam
1201 1070 1326 1134 pacem
1338 1071 1462 1117 eorum

227 1164 371 1226 animos
380 1161 594 1241 disponeret,
605 1160 785 1224 etsicutin
797 1160 1199 1240 Dominosperabat,ita
1208 1177 1266 1223 res
1277 1162 1462 1239 successit,

230 1279 270 1333 ut
285 1270 459 1349 superius
477 1285 557 1331 cum
573 1267 616 1331 de
630 1266 836 1331 Placentino
854 1266 1013 1347 Collegio
1033 1278 1212 1347 ageretur,
1229 1268 1383 1330 diximus
1397 1266 1419 1332 ².

273 1374 361 1438 1478.
406 1375 665 1455 impetraverat
677 1374 715 1439 P.
732 1372 892 1455 Ignatius
907 1374 1065 1455 Principi
1079 1373 1240 1455 Joannae
1254 1374 1465 1438 facultatem

228 1482 372 1564 legendi
391 1482 505 1546 Biblia
528 1482 712 1562 hispanice
731 1482 864 1562 scripta
884 1479 908 1561 ⁸3
931 1484 1078 1545 miserat
1101 1482 1210 1545 etiam
1231 1482 1345 1546 eidem
1370 1499 1464 1546 corn·

231 1591 509 1654 manicationem
528 1591 686 1653 omnium
701 1589 875 1653 bonorum
896 1605 1040 1669 operum
1063 1604 1106 1652 ac
1118 1587 1333 1652 'meritorum
1348 1588 1464 1653 Socie-

228 1699 315 1763 tatis
326 1694 356 1775 ⁴;y
367 1708 401 1761 et
416 1706 607 1777 antequam
620 1694 760 1776 Hispali
775 1697 968 1771 recederet,
985 1695 1101 1759 eidem
1115 1694 1128 1726 ⁸
1143 1696 1285 1777 scripsit
1299 1695 1337 1759 P.
1354 1695 1464 1759 Fran·

229 1806 360 1883 ciscuS,
378 1805 526 1867 multum
541 1822 586 1867 ex
601 1812 751 1883 utraque
764 1804 883 1884 gratia
898 1803 1093 1883 spiritualis
1107 1804 1264 1865 laetitiae
1283 1820 1321 1866 se
1341 1804 1464 1866 allatu·

234 1930 313 1976 rum
327 1928 487 1992 sperans.
505 1910 702 1974 Postulavit
716 1920 835 1973 tamen
848 1918 1010 1991 patentes
1024 1910 1162 1973 litteras
1178 1908 1320 1989 quidem
1335 1910 1465 1973 latinas

232 2018 565 2083 communicationis
585 2017 789 2097 praedictae
810 2017 950 2097 gratiae
975 2034 997 2079 a
1022 2014 1061 2079 Ρ.
1087 2014 1238 2095 ignatio
1266 2026 1303 2078 ut
1327 2016 1465 2096 plenius

237 2126 391 2206 Principi
404 2125 565 2207 Joannae
579 2124 768 2188 satisfieret
779 2122 802 2184 ⁶.

277 2232 363 2295 1479.
407 2232 567 2295 Marchio
588 2231 631 2295 de
651 2230 784 2295 Callete
808 2230 958 2295 Pro-rex
980 2231 1016 2294 in
1034 2228 1171 2294 Indiam
1192 2230 1284 2294 Peru
1304 2229 1464 2294 mitteba-

232 2339 314 2403 tur⁷
329 2357 410 2402 cum
421 2337 495 2419 jam
510 2356 573 2418 per
584 2337 764 2402 Gascham
779 2335 860 2401 ⁸res
874 2338 1015 2401 illarum
1030 2336 1297 2417 provinciarum
1313 2346 1465 2417 pacatae

194 2444 197 2451 '
231 2457 361 2524 essent,
384 2446 548 2526 tyrannis
567 2443 643 2524 ejus
660 2444 833 2509 industria
859 2444 1027 2509 extinctis
1042 2441 1066 2522 ⁰;
1089 2444 1147 2507 hic
1162 2461 1184 2506 a
1204 2442 1242 2506 Ρ.
1269 2443 1465 2507 Francisco

233 2572 297 2635 per
311 2554 447 2616 litteras
462 2552 552 2615 duos
566 2552 770 2615 sacerdotes
786 2562 929 2615 nostrae
949 2550 1137 2615 Societatis
1151 2550 1357 2632 postulavit,
1376 2546 1466 2630 quo's

231 2678 355 2726 secum
370 2660 571 2724 deduceret.
589 2658 641 2723 Re
656 2669 775 2723 autern
788 2676 868 2722 cum
880 2658 959 2723 aliis
970 2657 1135 2722 Patribus
1146 2655 1285 2736 Hispali
1298 2664 1463 2732 tractata,

234 2769 392 2833 unanimi
407 2785 583 2831 consensu
598 2767 803 2830 missionem
818 2766 911 2829 hanc
926 2783 1005 2828 esse
1021 2765 1221 2829 faciendam
1238 2772 1464 2840 censuerunt;

235 2887 269 2940 et
285 2877 334 2940 ita
349 2877 487 2955 aliquos
503 2875 705 2954 designauit
721 2873 759 2937 P.
777 2874 1003 2952 Franciscus,
1020 2883 1058 2936 ut
1079 2890 1124 2935 ex
1139 2873 1208 2935 illis
1228 2870 1467 2934 Prouincialis

235 2983 413 3058 Baeticae,
431 2982 490 3061 qui
505 2990 589 3044 tunc
604 2990 681 3044 erat
696 2980 734 3044 P.
752 2979 953 3059 TorrensiS,
976 2980 1064 3043 duos
1076 2979 1275 3043 Marchioni
1296 2978 1467 3042 concede-

235 3099 305 3168 ret;
327 3099 361 3152 et
387 3089 432 3151 ad
453 3087 654 3168 hujusmodi
674 3087 860 3150 missiones
875 3089 1001 3151 domus
1017 3088 1111 3167 apud
1132 3085 1197 3150 San
1216 3086 1352 3149 Lucam
1372 3085 1467 3149 utilis

234 3195 354 3259 lutura
383 3205 526 3259 nostrae
554 3193 724 3258 Societati
754 3195 940 3259 videbatur
970 3193 1010 3272 ¹⁰;
1027 3195 1110 3274 quia
1135 3205 1254 3256 tamen
1283 3192 1467 3255 dubitabat

234 3301 271 3364 P.
288 3303 503 3366 Franciscus
521 3319 566 3364 an
588 3312 799 3382 potestatem
825 3301 973 3364 haberet
988 3302 1034 3364 ad
1055 3300 1256 3381 hujusmodi
1278 3299 1468 3363 missiones

276 3655 284 3685 ¹
313 3652 383 3696 “Don
395 3650 679 3706 FranciscoCarvajal,
695 3652 772 3694 senor
787 3650 818 3692 de
834 3649 961 3704 Torrejon
973 3650 998 3692 el
1009 3648 1101 3703 Rubio,
1116 3651 1212 3692 cabeza
1229 3650 1270 3692 del
1286 3649 1370 3691 bando
1382 3648 1413 3690 de
1428 3648 1468 3690 los

230 3723 413 3778 CarvaJales...
424 3722 546 3765 Historia
557 3733 603 3765 ms.
615 3721 658 3764 dei
670 3720 734 3763 Coi.⁰
745 3721 780 3764 de
789 3719 944 3771 Piasencia,
954 3721 971 3764 l.
982 3732 1005 3764 c.

274 3793 286 3827 ¹
313 3795 381 3838 Vide
391 3806 479 3848 supra,
490 3805 549 3847 pap.
560 3793 608 3846 tat,
620 3805 643 3836 n.
656 3792 714 3836 1960.

275 3867 287 3899 ⁸
313 3868 380 3910 Vide
392 3867 487 3910 turias
497 3867 530 3909 cie
541 3866 595 3908 San
604 3865 723 3918 Igrracio,
735 3871 753 3908 t.
765 3877 800 3916 iv,
812 3877 871 3919 pag.
883 3865 932 3908 384.

274 3937 287 3971 ⁴
312 3937 380 3980 Vide
392 3938 486 3978 Curias
498 3937 530 3979 de
542 3935 596 3978 Sao
608 3935 761 3988 [giracium
774 3937 798 3979 in
809 3941 895 3980 annot.
908 3935 1084 3988 praecedenti,
1097 3943 1122 3977 et
1134 3942 1153 3980 t.
1164 3947 1191 3988 v,
1202 3945 1262 3988 pag.
1275 3933 1321 3976 l9l.

276 4008 289 4040 ⁸
316 4007 421 4052 Scilicet
433 4009 556 4058 Joannae,
568 4007 752 4062 Hispaniarum
763 4007 885 4061 Principl.

274 4077 287 4112 θ
314 4079 369 4125 llas
380 4087 500 4134 patentes
511 4080 623 4130 litteras.
634 4091 742 4134 quarum
754 4081 899 4133 exemplum
910 4080 1026 4134 reperire
1036 4079 1147 4122 nondum
1160 4078 1298 4131 valuimus,
1312 4077 1379 4120 misit
1393 4075 1469 4130 Igna·

234 4154 285 4196 tius
300 4163 351 4196 una
366 4163 423 4196 cum
441 4153 537 4196 litteris
547 4153 574 4196 28
588 4152 649 4208 Maji
664 4153 740 4207 hujus
750 4153 810 4196 anni
821 4151 899 4202 datis.
910 4163 975 4207 quas
991 4151 1072 4196 habe·
1087 4151 1113 4195 in
1128 4150 1223 4193 Carras
1233 4150 1266 4192 de
1283 4150 1338 4192 San
1349 4148 1469 4202 Ignocio,

234 4233 253 4268 t.
264 4237 291 4278 v,
302 4234 363 4278 pag.
376 4223 474 4267 tas-191.

271 4295 283 4328 Ἰ
311 4293 378 4338 Vide
391 4295 486 4339 Carras
496 4296 529 4338 de
541 4295 596 4338 San
606 4294 726 4349 Ignacio,
736 4301 755 4339 t.
767 4309 794 4346 ν,
802 4306 862 4350 pag.
874 4295 913 4338 201
925 4301 952 4338 et
962 4295 1011 4338 217.

272 4365 284 4402 Ι
313 4367 419 4410 Petrum
430 4367 524 4418 Gasca.
536 4379 582 4410 seu
592 4368 622 4410 de
632 4369 657 4410 la
668 4367 762 4420 Gasca,
772 4366 814 4421 qui
826 4367 874 4409 hoc
885 4378 952 4410 anno
964 4365 1016 4409 1553
1026 4365 1295 4422 episcopalemsedem
1305 4363 1469 4407 Palentinam

232 4441 347 4484 tenebat.
361 4437 426 4482 Vide
438 4451 523 4492 supra,
537 4451 595 4493 pau.
606 4439 654 4490 435,
666 4452 689 4484 n.
702 4439 762 4482 1163.

273 4507 284 4540 ⁹
311 4510 578 4554 ResaPetroGasca
594 4511 743 4554 inPeruvla
760 4519 849 4564 gestas
866 4511 1002 4554 enarravit
1022 4510 1144 4554 Cnuvrru
1167 4519 1200 4552 oe
1224 4506 1368 4563 Eatenus,
1387 4507 1470 4551 Rebe-

234 4581 333 4625 lionae
345 4581 457 4624 Piaarro
467 4595 500 4626 en
512 4583 535 4624 ei
545 4583 616 4626 Perii
624 4594 642 4636 y
653 4583 718 4625 vida
729 4583 762 4626 de
773 4582 858 4625 Pedro
870 4582 965 4626 Gasca.
977 4581 1014 4626 Cl.
1025 4582 1106 4625 etiam
1117 4580 1215 4636 Clean,
1227 4577 1352 4622 listudios
1360 4578 1470 4622 criticos

234 4654 312 4698 sobre
322 4651 349 4695 la
359 4653 528 4697 dominacioni
540 4655 668 4708 esparlola
681 4667 713 4698 en
725 4655 859 4698 Anrdrica.

277 4723 299 4758 ¹⁰
326 4723 394 4768 Vide
405 4737 492 4780 supra,
504 4739 563 4782 pag.
574 4727 622 4780 506,
633 4738 658 4770 n.
670 4725 729 4770 ldffl.
