3717 5400
805 455 869 514 Au.
892 455 962 515 1555
1458 453 1498 514 ab

261 599 552 664 communionem
575 601 779 665 accedendi.
803 601 848 664 Et
872 601 981 682 aliqui
1006 601 1154 681 singulis
1179 601 1369 678 mensibus,
1387 601 1496 682 aliqui

261 708 371 770 etiam
385 709 536 786 singulis
561 708 793 773 hebdomadis
808 710 844 774 id
862 709 982 772 lacere
1001 709 1096 772 inea
1117 708 1264 772 civitate
1289 719 1493 788 coeperunt;

261 815 428 894 quamvis
449 832 520 878 non
546 815 711 880 deessent
735 817 854 898 aliqui,
876 826 910 879 et
934 816 1075 896 quidem
1096 815 1266 894 religiosi,
1289 815 1349 896 qui
1369 824 1496 878 contra

259 920 482 1002 frequentem
493 940 596 986 usum
608 936 914 987 sacramentorum
929 926 1113 987 latrarent.
1131 923 1176 986 Et
1190 923 1240 986 ita
1255 921 1396 985 demum
1410 917 1496 984 civi·

261 1037 373 1092 tatem
387 1030 496 1107 illam,
513 1047 594 1093 cum
605 1029 723 1094 fructu
738 1049 809 1094 non
824 1030 1037 1111 poenitendo
1048 1047 1128 1092 eam
1144 1030 1308 1092 excolere
1322 1027 1494 1109 incoepis-

260 1145 352 1213 sent,
374 1137 625 1216 relinquenteS,
643 1136 837 1200 Lauretum
852 1155 891 1200 se
905 1146 1126 1216 receperunt.

320 1243 391 1305 211.
436 1241 517 1306 Duo
541 1261 585 1306 ex
607 1244 740 1307 nostris
761 1243 942 1322 Patribus,
965 1243 1004 1306 P.
1030 1243 1190 1324 Raphael
1215 1254 1250 1306 et
1271 1241 1309 1304 P.
1335 1241 1494 1324 Joannes

256 1349 473 1414 Laurentius
487 1351 523 1414 in
535 1350 704 1431 oppidum
729 1351 825 1432 quod
850 1351 1038 1431 Cingulum
1059 1350 1215 1413 ¹vocant
1235 1350 1345 1427 missi,
1361 1366 1492 1412 novem

257 1457 306 1520 ibi
322 1456 398 1520 dies
413 1467 618 1537 exegerunt,
635 1458 696 1522 ubi
716 1459 890 1522 continuis
916 1457 1163 1536 concionibus,
1183 1457 1492 1520 adhortationibus

258 1574 293 1626 et
309 1563 592 1628 confessionibus
608 1573 720 1628 totum
732 1567 830 1629 illum
842 1566 1010 1646 populum
1021 1573 1057 1628 et
1068 1563 1272 1644 adjacentes
1286 1563 1397 1641 villas,
1414 1580 1489 1626 sex·

257 1669 375 1734 decim
389 1671 597 1735 milliaribus
610 1671 765 1736 Laureto
780 1672 963 1749 distantes,
981 1672 1027 1735 ad
1041 1671 1109 1736 Dei
1125 1672 1258 1734 cultum
1273 1671 1486 1733 excitarunt.

257 1777 297 1841 In
310 1777 425 1841 reditu
439 1795 537 1857 vero,
556 1779 591 1842 in
607 1779 703 1843 aliud
718 1779 887 1860 oppidum
901 1780 1043 1843 nomine
1065 1777 1232 1842 Montecii
1248 1777 1370 1856 (vulgo
1386 1777 1488 1839 Mon·

256 1883 404 1962 tecchio)
419 1885 486 1949 iter
501 1886 708 1963 habuerant,
726 1887 796 1962 ubi,
813 1888 858 1949 ab
873 1886 999 1949 amicis
1023 1883 1212 1950 Societatis
1238 1886 1378 1960 retenti,
1400 1869 1488 1964 iubi-

256 1993 375 2055 laeum
399 1993 639 2072 publicarunt;
667 1993 899 2056 concionibus
925 1992 1032 2055 etiam
1058 2002 1092 2054 et
1117 1991 1423 2054 adhortationibus
1443 1991 1488 2053 ad

144 2089 151 2100 “
257 2099 518 2162 confessionem
546 2108 581 2162 et
608 2100 698 2162 bene
727 2097 874 2163 vivendi
904 2100 1078 2162 rationem
1107 2098 1333 2161 induxerunt.
1364 2097 1409 2160 Et
1433 2097 1489 2160 his

256 2205 420 2269 omnibus
442 2206 566 2270 diebus
592 2205 687 2286 (nam
711 2217 863 2287 quatuor
884 2205 1051 2269 Montecii
1069 2205 1312 2282 substiterunt)
1335 2205 1397 2266 vix
1418 2205 1487 2267 illis

253 2323 396 2390 tempus
407 2323 604 2394 supererat,
622 2312 717 2393 quod
732 2313 892 2392 corporis
912 2312 1117 2375 necessitati
1135 2319 1280 2391 possent
1300 2310 1485 2391 impertiri.

315 2419 386 2482 212.
431 2419 518 2482 Cum
533 2430 652 2483 autem
668 2421 885 2500 publicatum
900 2419 965 2482 fuit
976 2419 1167 2499 jubilaeum
1189 2418 1343 2495 Laureti,
1365 2435 1488 2481 omnes

251 2523 328 2606 jam
343 2543 385 2588 eo
398 2536 652 2604 convenerant,
666 2536 700 2590 et
712 2527 762 2589 ita
774 2526 926 2606 plurium
941 2525 1124 2588 devotioni
1136 2525 1249 2604 potuit
1260 2523 1435 2587 satisfieri.
1448 2524 1487 2588 In

253 2633 334 2715 ipso
349 2633 477 2714 oppido
494 2633 708 2711 Lauretano,
727 2633 786 2696 ubi
797 2633 1055 2696 erubescebant
1070 2632 1179 2714 aliqui
1193 2631 1247 2696 bis
1262 2631 1412 2713 singulis
1426 2648 1485 2694 an·
1565 2667 1567 2670 >

253 2740 311 2803 nis
329 2738 501 2819 confiteri,
528 2740 698 2821 paulatim
723 2740 867 2804 adducti
892 2752 975 2804 sunt
1000 2753 1038 2803 ut
1062 2742 1170 2804 etiam
1194 2740 1345 2819 singulis
1363 2739 1487 2803 diebus

252 2846 441 2910 dominicis
465 2864 537 2911 non
557 2847 662 2927 pauci
688 2864 810 2911 eorum
835 2846 1087 2911 confiterentur
1114 2858 1149 2909 et
1170 2847 1485 2925 communicarent,

254 2964 290 3017 et
317 2955 395 3033 ipso
410 2954 511 3017 initio
527 2952 631 3034 hujus
647 2954 730 3017 anni
752 2954 880 3033 viginti
897 2952 974 3035 jam
999 2964 1101 3016 erant
1116 2954 1296 3033 utriusque
1318 2970 1436 3032 sexus;
1452 2964 1487 3017 et

251 3061 403 3125 obtinuit
417 3059 547 3124 Rector
569 3078 591 3124 a
618 3061 865 3125 Gubernatore
886 3070 1024 3140 partem
1045 3060 1229 3138 ecclesiae,
1250 3061 1309 3124 ubi
1326 3061 1487 3124 solebant

250 3168 401 3231 aestivis
424 3167 642 3247 temporibus
667 3168 831 3231 canonici
849 3166 990 3231 divinas
1016 3168 1220 3247 persolvere
1239 3184 1374 3247 preces,
1398 3167 1486 3230 utin

250 3292 293 3338 ea
307 3274 421 3338 nostri
436 3274 670 3338 christianam
687 3274 887 3339 doctrinam
912 3274 1144 3353 explicarent,
1172 3272 1302 3337 Missas
1326 3273 1485 3337 dicerent

249 3392 285 3446 et
300 3380 458 3445 SSmam.
476 3382 740 3446 Eucharistiam
755 3382 1056 3460 administrarent,
1077 3390 1113 3445 et
1127 3382 1255 3445 breves
1271 3381 1486 3445 exhortatio·

248 3504 315 3551 nes
327 3489 373 3552 ad
387 3489 726 3552 communicantium
745 3490 1024 3553 consolationem
1045 3498 1079 3553 et
1106 3489 1291 3569 spirituale
1316 3489 1485 3553 auxilium

251 3612 386 3670 eorum,
414 3595 472 3676 qui
498 3596 729 3676 spiritualiter
754 3595 929 3672 viverent,
955 3596 1074 3659 facere
1097 3607 1253 3676 possent;
1280 3596 1340 3676 qui
1366 3605 1485 3660 tamen

249 3704 363 3781 locuS,
372 3703 425 3766 sic
438 3721 458 3766 a
471 3704 761 3767 distractionibus
769 3713 802 3767 et
817 3706 938 3784 populi
949 3704 1149 3767 rumoribus
1161 3714 1254 3766 esset
1266 3714 1435 3781 remotus,
1447 3713 1485 3766 ut

250 3818 371 3873 tamen
387 3809 632 3891 undecumque
649 3824 806 3891 apertuS,
822 3820 856 3873 et
874 3811 987 3874 oculis
1004 3811 1160 3873 omnium
1178 3810 1361 3890 expositus
1376 3822 1482 3873 esset.

312 3917 383 3980 213.
427 3916 526 3981 Patri
537 3926 658 3981 autem
669 3916 843 3998 Raphaeli
856 3918 1058 3999 quindecim
1068 3919 1266 3996 mulierum,
1280 3934 1371 3998 quae
1384 3918 1484 3998 spiri·

248 4026 383 4089 tualem
397 4024 510 4089 vitam
524 4042 633 4104 agere
649 4036 841 4105 coeperant
856 4026 893 4088 in
908 4044 951 4089 eo
967 4026 1146 4105 oppidulo,
1163 4042 1250 4088 cura
1266 4024 1350 4087 data
1366 4036 1431 4104 est;
1447 4035 1484 4088 ut

246 4134 385 4197 scilicet
400 4149 522 4195 earum
540 4132 679 4196 audiret
700 4133 959 4212 confessiones;
981 4151 1047 4196 nec
1067 4134 1161 4195 enim
1181 4134 1300 4212 plures
1322 4142 1423 4196 erant
1447 4134 1482 4195 in

247 4249 325 4304 toto
341 4240 401 4303 illo
417 4239 548 4320 oppido
563 4240 623 4321 qui
638 4250 864 4303 sacramenta
880 4240 1158 4321 frequentarent.

308 4346 381 4411 214.
425 4345 657 4411 Satissactum
675 4356 730 4410 est
752 4348 859 4411 etiam
879 4346 1058 4411 desiderio
1086 4346 1285 4413 cardinalis
1306 4357 1481 4428 protecto-

248 4456 302 4519 ris
318 4454 340 4533 ¹,
358 4452 542 4517 efficiendo
559 4464 597 4517 ut
611 4453 917 4533 Quadragesimae
933 4466 1110 4535 tempore,
1127 4453 1282 4535 quotidie
1301 4455 1482 4534 praedica·

250 4568 465 4578 ...-..--ι--

291 4626 300 4656 ¹
335 4622 446 4676 crngott,
455 4630 484 4668 ut
493 4634 583 4678 snpra,
593 4636 655 4679 pag.
667 4625 701 4676 81,
713 4635 736 4667 n.
748 4624 796 4668 200.

289 4696 302 4729 ¹
332 4694 457 4750 Rodnlplrl
469 4695 507 4739 Pii
518 4696 549 4739 dc
560 4694 647 4751 Carpi.
