3717 5400
410 477 466 538 odo
871 473 999 534 Canon.
1020 471 1099 532 Soc.
1126 471 1189 544 las.

430 669 435 678 .
475 622 563 686 1866.
605 621 758 686 Litteras
773 627 963 700 acceperat
979 636 1000 681 a
1015 617 1053 681 P.
1068 617 1208 698 Ignatio
1228 617 1266 680 P.
1286 615 1472 696 NicolauS,
1496 635 1541 682 ex
1562 618 1633 697 qui·

410 731 476 794 bus
501 730 605 794 facile
630 728 818 807 colligebat
834 736 1041 807 pergratum
1056 724 1124 805 ipsi
1143 724 1300 788 futurum
1318 741 1397 787 esse
1416 734 1453 787 ut
1473 725 1509 787 in
1528 723 1629 788 Euro

410 855 494 919 pam
507 837 644 900 veniret
662 833 681 912 ¹,
699 835 730 897 si
744 829 1239 911 161161616166161616161166
1256 830 1319 894 sed
1330 848 1373 894 ea
1386 831 1491 896 valde
1506 832 1630 895 incom-

410 946 517 1008 moda
532 961 574 1006 ac
589 941 694 1005 debili
714 940 751 1004 P.
774 939 943 1004 Nicolaus
963 938 1143 1016 utebatur,
1165 955 1230 1001 nec
1245 938 1355 1001 aliter
1374 937 1447 1001 fere
1469 954 1576 1015 quam
1597 937 1630 1000 in

409 1049 717 1130 lectulojacendo,
734 1049 792 1112 vel
805 1046 976 1123 sedendo,
993 1044 1117 1109 vivere
1131 1054 1287 1125 poterat;
1304 1045 1460 1125 pectoris
1474 1045 1630 1110 dolorem

412 1177 455 1222 ac
470 1159 578 1222 tussis
593 1157 792 1226 molestiam
808 1155 877 1218 alio
892 1153 1090 1217 medicinae
1109 1169 1240 1232 genere
1255 1153 1441 1216 sublevare
1455 1170 1527 1215 non
1541 1165 1632 1233 pote·

412 1277 468 1334 rat
483 1284 588 1347 quam
603 1262 789 1344 sanguinis
803 1261 1004 1339 emissione,
1020 1277 1091 1341 qua
1101 1259 1303 1339 frequenter
1317 1260 1480 1323 utebatur
1490 1268 1514 1338 ¹,
1530 1269 1632 1338 gustu

414 1377 502 1440 satis
524 1380 720 1454 prostrato,
741 1386 807 1432 nec
826 1370 935 1432 ullam
954 1367 1188 1446 refrigerandi
1202 1364 1333 1446 jecoris
1351 1367 1508 1430 ardentis
1531 1367 1635 1430 ratio

413 1499 495 1547 aem
509 1478 725 1556 inveniebat;
741 1487 775 1540 et
790 1477 872 1556 quia
887 1475 1064 1555 phthisica
1076 1473 1152 1554 jam
1165 1475 1294 1537 multos
1315 1491 1427 1538 annos
1449 1471 1634 1555 [laborare]

413 1609 435 1653 a
450 1586 597 1652 medicis
613 1569 807 1678 dicebatur,
824 1593 967 1663 praeter
980 1598 1079 1661 spem
1100 1596 1224 1659 eorum
1244 1583 1374 1644 multos
1392 1598 1505 1645 annos
1526 1581 1635 1643 vitam
1673 1586 1677 1594 ’

410 1701 648 1778 protraxerat.

472 1800 561 1864 1867.
604 1797 674 1863 Sed
690 1815 771 1861 curn
785 1795 899 1876 prima
915 1793 972 1858 die
986 1793 1200 1858 Novembris
1213 1792 1317 1873 hujus
1332 1796 1416 1858 anni
1430 1797 1464 1859 in
1480 1773 1636 1876 'gravem

412 1905 671 1988 aegritudinem
686 1903 884 1981 incidisset,
901 1911 935 1964 et
950 1911 1157 1964 consuetum
1179 1901 1360 1966 emittendi
1379 1905 1567 1983 sanguinis
1587 1921 1637 1968 re·

409 2015 564 2080 medium
588 2029 658 2076 non
680 2009 832 2090 iuvaret,
858 2009 943 2089 quin
966 2008 1085 2088 potius
1108 2017 1263 2086 noceret,
1289 2010 1443 2073 vicinum
1468 2013 1575 2076 morti
1600 2029 1638 2076 se

408 2139 487 2187 esse
502 2120 720 2196 existimans
739 2116 854 2180 Goam
868 2132 907 2178 se
925 2115 1084 2190 contulit,
1101 2124 1196 2179 uteo
1216 2115 1251 2178 in
1267 2115 1426 2196 Collegio
1446 2118 1538 2183 inter
1552 2120 1638 2182 rnul-

408 2240 465 2294 tos
479 2229 607 2292 fratres
623 2243 704 2290 cum
719 2221 845 2303 majori
861 2222 1105 2285 consolatione
1120 2232 1155 2285 et
1169 2223 1346 2302 spirituali
1360 2225 1493 2289 auxilio
1508 2243 1555 2290 ex
1570 2227 1639 2288 bac

408 2337 483 2401 vita
497 2336 680 2414 migraret,
697 2340 731 2396 et
746 2331 793 2396 ibi
808 2328 966 2393 interfuit
980 2328 1145 2392 electioni
1163 2329 1419 2410 Prouincialis,
1435 2331 1553 2406 Patris
1567 2333 1641 2396 An·

409 2443 497 2508 tonii
512 2442 554 2506 de
570 2440 734 2521 Quadros
749 2435 771 2514 ³;
789 2445 823 2500 et
837 2435 1072 2516 multumejus
1087 2436 1227 2499 animus
1241 2436 1394 2501 refectus
1405 2447 1440 2501 et
1454 2449 1643 2502 recreatus

409 2560 473 2629 est,
491 2567 572 2612 cum
586 2545 880 2626 gubernationem
892 2544 1045 2608 Goensis
1057 2542 1205 2622 Collegii
1219 2554 1254 2606 et
1269 2543 1456 2608 inchoatas
1467 2547 1645 2610 lectiones

409 2659 557 2722 videret.
575 2655 619 2719 Et
640 2651 803 2735 quamvis
824 2650 954 2715 medici
973 2651 1066 2714 inter
1083 2659 1156 2714 tres
1178 2662 1213 2715 et
1234 2660 1385 2732 quatuor
1400 2669 1542 2717 menses
1557 2671 1646 2719 eum

408 2766 619 2831 moriturum
634 2760 804 2837 dicerent,
821 2759 954 2822 hortati
973 2766 1056 2820 sunt
1077 2775 1157 2820 eum
1178 2759 1406 2823 nibilominus
1425 2770 1464 2823 ut
1485 2760 1645 2825 Chaula·

406 2889 491 2937 num
506 2870 648 2947 rediret,
665 2866 759 2947 quod
781 2874 842 2929 aer
863 2866 920 2929 ille
941 2866 1171 2944 temperatior
1191 2875 1225 2929 et
1248 2867 1462 2947 aegritudini
1483 2868 1647 2948 phthisis

408 2979 585 3043 salubrior
596 2984 700 3050 esset;
719 2983 753 3038 et
769 2974 847 3037 ideo
862 2972 926 3035 sub
939 2973 1077 3035 initium
1091 2973 1175 3036 anni
1190 2975 1370 3053 sequentis
1387 2973 1464 3037 1556
1475 2993 1530 3056 eo,
1544 2976 1646 3040 unde

407 3095 567 3161 venerat,
584 3082 699 3158 rediit,
717 3098 837 3145 secum
856 3078 894 3143 P.
915 3080 1089 3161 Jacobum
1108 3077 1258 3144 Soveral
1277 3080 1422 3145 Coccini
1438 3099 1647 3147 assumens.

472 3192 559 3257 1868.
604 3188 800 3267 Collegium
815 3198 936 3250 tamen
951 3186 1125 3250 Chaulani
1138 3187 1244 3251 valde
1266 3188 1489 3253 imminutum
1506 3188 1649 3262 suerat,

407 3320 449 3367 66
474 3300 568 3381 quod
589 3296 747 3361 subsidia
772 3294 982 3375 temporalia
1007 3295 1043 3357 in
1069 3294 1144 3357 dies
1168 3294 1410 3359 minuerentur
1434 3293 1458 3375 ⁴,
1482 3296 1582 3361 adeo
1611 3309 1652 3363 ut

407 3407 506 3472 multi
522 3405 692 3469 sentirent
705 3401 902 3481 Collegium
914 3401 999 3464 11166
1012 3401 1278 3482 relinquendum
1293 3418 1382 3465 esse.
1400 3400 1537 3467 Decem
1552 3420 1653 3485 ergo

408 3514 600 3595 expueris
618 3512 678 3592 qui
693 3508 866 3575 Chaulani
880 3508 1165 3586 instituebantur,
1187 3506 1287 3572 Goae
1307 3510 1463 3589 reliquit;
1486 3510 1587 3575 alios
1604 3513 1657 3576 ad

408 3632 504 3685 artes
525 3618 754 3684 mechanicas
773 3614 1009 3679 addiscendas
1031 3616 1089 3677 vel
1109 3616 1154 3678 ad
1178 3616 1405 3679 serviendum
1427 3616 1657 3697 quibusdam

407 3726 606 3793 bominibus
623 3723 779 3802 tradidit,
796 3730 831 3784 et
847 3720 1048 3801 quindecim
1068 3730 1205 3786 tantum
1225 3724 1262 3785 in
1281 3740 1324 3785 eo
1347 3721 1506 3804 Collegio
1521 3723 1658 3791 Chau-

408 3834 546 3899 lanensi
560 3830 716 3895 retinuit.

470 3940 558 4004 1869.
601 3938 780 4003 Admonet
799 3945 919 4000 autem
936 3934 1126 4015 collegium
1141 3933 1242 3999 Goae
1257 3945 1330 4001 tam
1344 3937 1526 4001 insalubre
1550 3958 1660 4017 esse,

408 4059 447 4113 ut
462 4047 536 4111 fere
551 4063 673 4110 omnes
688 4042 799 4111 nostri
811 4041 950 4106 infirma
962 4042 1165 4105 valetudine
1176 4043 1224 4118 ibi
1236 4053 1431 4123 uterentur,
1443 4054 1478 4108 et
1490 4061 1662 4131 propter

406 4158 548 4221 labores
562 4153 750 4218 'continuos
765 4150 926 4230 corporis
942 4158 977 4213 et
991 4150 1137 4230 spiritus
1152 4150 1197 4214 ad
1208 4166 1381 4229 magnam
1395 4151 1529 4217 virium
1548 4156 1664 4223 debi-

408 4308 411 4315 .

407 4331 620 4345 ..........--—-

408 4463 411 4471 ·
448 4437 457 4469 ¹
486 4432 553 4479 Vide
563 4442 652 4487 supra,
663 4436 681 4473 t.
693 4438 731 4482 111,
742 4439 776 4484 pa
814 4428 862 4481 ⁴⁹7,
871 4427 920 4484 ⁴98,
930 4440 954 4473 u.
971 4427 1031 4472 105³.
1042 4426 1075 4471 Et
1086 4426 1181 4471 Curias
1195 4428 1228 4472 de
1239 4429 1295 4472 San
1305 4429 1422 4487 Ignact‘o,
1433 4439 1450 4476 t.
1461 4442 1499 4485 tn,
1515 4446 1595 4493 pq,
1610 4441 1667 4493 229,

407 4506 497 4555 66116.

408 4592 409 4601 ’
447 4580 458 4611 ¹
484 4574 770 4621 Venasellicetscissa.

447 4650 457 4679 l
484 4650 552 4693 Vide
563 4656 650 4699 supra,
663 4656 722 4699 pag.
731 4643 780 4698 664,
789 4656 813 4687 n.
826 4643 885 4687 1829.
901 4646 909 4663 ⁸

447 4721 460 4756 ⁴
485 4720 552 4765 Vide
563 4728 651 4771 supra,
660 4727 722 4771 pag.
730 4714 779 4771 674,
791 4728 815 4759 n.
827 4716 886 4759 1861.
