3717 5400
392 466 448 526 324
852 463 981 526 Castor.
1000 464 1079 526 Soc.
1099 471 1170 540 jas.

389 628 547 693 gnopere
561 613 597 674 in
612 613 675 690 eis,
689 611 792 693 Juxta
807 630 911 676 suum
926 613 1126 677 institutum
1144 613 1308 694 profecit.
1330 615 1413 680 Duo
1431 618 1493 681 alii
1513 618 1549 681 in
1564 621 1627 684 hu·

385 718 541 798 jusmodi
559 720 740 782 exercitiis
759 720 805 782 ad
820 718 1036 783 Societatem
1053 731 1214 785 nostram
1234 723 1393 786 animum
1406 723 1624 806 adjecerunt;

388 845 539 908 quorum
550 829 652 905 alter,
665 827 731 889 2¹⁰
745 827 909 890 licentiae
920 826 1181 892 bachalaureus
1193 827 1216 907 ¹,
1228 829 1399 908 decrevit,
1412 842 1495 894 ante
1507 831 1625 898 Socie-

387 938 472 999 tatis
486 936 698 1014 ingressum,
714 935 901 1014 periodum
915 935 1158 1014 theologicam
1173 953 1395 1017 percurrere,
1407 938 1501 1002 iorte
1515 942 1624 1006 etiam

387 1053 576 1123 expectare
591 1043 715 1120 voluit,
730 1053 768 1104 ut
780 1042 920 1104 videret
930 1058 1101 1123 quorsum
1113 1044 1183 1106 hae
1194 1047 1373 1124 procellae
1386 1046 1530 1110 tandem
1542 1066 1623 1111 eva·

386 1150 521 1226 derent,
544 1167 635 1231 quae
657 1158 783 1212 contra
803 1149 1019 1213 Societatem
1042 1161 1146 1212 erant
1167 1151 1357 1214 excitatae.
1380 1152 1483 1216 Alter
1505 1167 1623 1220 autem

385 1273 505 1320 mense
520 1255 718 1335 Septembri
734 1254 884 1319 Romam
898 1257 1022 1318 venire
1038 1257 1085 1320 ad
1099 1255 1314 1322 Societatem
1328 1263 1513 1340 proposuit
1528 1262 1551 1322 ².

442 1362 513 1426 875.
556 1364 689 1428 Ultima
704 1364 761 1427 die
774 1362 937 1445 Januarii
953 1362 1102 1427 Romam
1122 1365 1221 1427 missi
1234 1365 1376 1430 luerunt
1391 1365 1429 1428 P.
1446 1367 1619 1451 Hierony·

383 1488 462 1534 mus
476 1471 634 1543 BassiuS,
651 1487 732 1533 cum
748 1469 938 1553 P.Joanne
961 1470 1123 1533 Arnaldo
1147 1469 1172 1546 ³,
1195 1473 1255 1551 qui
1277 1490 1340 1551 per
1362 1491 1470 1537 unum
1486 1494 1619 1540 annum

381 1595 463 1642 cum
478 1578 624 1641 dimidio
639 1577 835 1640 sucesserat
850 1578 1035 1656 negotium
1050 1576 1148 1640 Patri
1164 1577 1359 1641 Paschasio
1379 1581 1424 1642 ob
1444 1584 1620 1661 propheti·

380 1701 461 1748 cam
475 1683 667 1764 quamdam
681 1684 938 1747 revelationem
952 1684 997 1746 de
1012 1683 1246 1762 Antichristo,
1262 1703 1367 1765 quem
1382 1704 1461 1748 esse
1477 1688 1618 1752 dicebat

380 1790 561 1868 Solimani,
578 1790 776 1854 Turcarum
793 1789 913 1869 Regis,
929 1790 1040 1854 filium
1062 1801 1098 1854 et
1121 1790 1214 1854 intra
1230 1808 1295 1854 sex
1316 1810 1457 1856 menses
1475 1806 1619 1858 nostros

379 1915 502 1960 omnes
522 1899 696 1979 martyrio
722 1899 949 1961 coronandos
973 1915 1064 1974 esse,
1081 1909 1116 1962 et
1138 1898 1219 1962 ideo
1243 1899 1376 1962 frustra
1402 1901 1438 1962 in
1458 1903 1618 1982 collegiis

376 2005 556 2084 erigendis
573 2023 633 2068 eos
649 2005 824 2082 laborare,
841 2023 923 2068 curn
936 2006 1030 2068 intra
1051 2015 1124 2068 tres
1144 2022 1286 2069 menses
1300 2004 1543 2071 Antichristus
1558 2010 1616 2073 ille

377 2121 549 2174 venturus
564 2123 657 2174 esset
673 2122 707 2174 et
718 2128 842 2174 omnes
856 2113 1064 2190 provincias
1073 2112 1350 2175 christianorum
1365 2114 1614 2180 subversurus.

377 2217 466 2282 Cum
481 2236 566 2298 ergo
583 2237 648 2282 nec
664 2219 894 2296 orationibus,
908 2236 975 2281 nec
987 2219 1286 2298 disputationibus
1298 2218 1429 2283 adduci
1439 2231 1562 2300 posset
1576 2231 1615 2286 ut

375 2344 413 2390 se
429 2326 589 2389 delusum
604 2344 682 2390 esse
698 2326 870 2402 crederet,
887 2343 969 2389 cum
983 2344 1029 2387 ex
1044 2325 1223 2405 Propheta
1239 2325 1388 2389 Daniele
1402 2343 1505 2390 suam
1518 2328 1614 2392 illam

374 2433 599 2513 phantasiam
614 2436 711 2496 clare
725 2432 853 2496 deduci
864 2434 932 2496 sibi
943 2430 1185 2512 persuaderet,
1198 2431 1349 2496 Romam
1360 2450 1441 2496 eum
1456 2435 1563 2514 misit;
1577 2446 1613 2499 et

374 2541 486 2603 tribus
501 2541 569 2602 illis
585 2541 766 2603 mensibus
781 2541 818 2602 in
833 2540 958 2602 itinere
973 2540 1046 2602 sere
1061 2539 1209 2617 exactis
1226 2539 1263 2601 in
1278 2539 1406 2620 quibus
1420 2551 1611 2604 venturum

373 2663 451 2710 esse
463 2647 561 2710 illum
577 2647 837 2711 Antichristum
862 2645 1014 2721 dicebat,
1041 2645 1146 2710 facile
1168 2647 1316 2726 putabat
1330 2664 1432 2710 suum
1453 2665 1612 2712 errorem

372 2771 451 2817 esse
472 2754 787 2834 deprehensarum.
815 2752 887 2817 Sed
911 2754 969 2816 ille
997 2752 1150 2816 Romam
1175 2754 1325 2815 veniens
1350 2763 1384 2816 et
1409 2756 1445 2817 in
1470 2756 1613 2836 scriptis

372 2862 502 2937 omnia,
520 2879 610 2940 quae
625 2862 741 2942 ipsum
758 2862 963 2938 movebant,
982 2859 1168 2940 Superiori
1183 2861 1329 2923 tradens
1344 2879 1388 2923 ac
1403 2879 1442 2923 se
1453 2862 1612 2942 judican-

371 2969 454 3032 dum
468 2969 671 3049 relinquens
686 2968 790 3031 facile
802 2968 999 3031 remedium
1011 2968 1161 3047 accepit,
1174 2977 1209 3029 et
1224 2968 1364 3030 cautior
1374 2968 1411 3030 in
1423 2979 1604 3048 posterum

370 3076 520 3155 futurus,
538 3092 618 3137 cum
644 3075 776 3153 alioqui
803 3075 858 3136 vir
882 3074 1038 3153 optimus
1062 3085 1174 3150 esset,
1201 3076 1239 3136 in
1264 3072 1419 3137 Galliam
1438 3076 1608 3139 remissus

369 3192 435 3261 est,
450 3184 509 3245 ubi
524 3200 635 3263 usque
652 3183 697 3246 ad
713 3191 864 3245 mortem
879 3180 1026 3260 egregie
1040 3181 1191 3261 vineam⁸
1201 3180 1346 3243 Domini
1361 3183 1515 3246 excoluit
1529 3180 1553 3249 ⁴.

411 3426 420 3459 ¹
449 3424 527 3469 Idem.
537 3432 565 3467 ut
575 3424 686 3473 videtur,
696 3434 727 3466 ac
737 3422 907 3474 licentiatus:
916 3422 968 3474 ille,
977 3421 1088 3474 scillcet,
1096 3422 1290 3472 baccalaureus,
1298 3424 1340 3465 eni
1348 3433 1364 3464 a
1373 3421 1537 3467 Cancellarlo
1545 3424 1609 3468 dats

368 3503 416 3547 est,
425 3505 483 3551 post
493 3504 631 3539 consuetas
641 3495 851 3543 exercitationes,
862 3494 975 3538 facultas
984 3506 1030 3537 seu
1040 3494 1152 3537 licentia
1163 3495 1264 3548 publice
1274 3494 1391 3537 docendi.
1403 3493 1469 3538 Vide
1480 3495 1609 3552 carun,

369 3568 491 3612 Histoire
501 3570 534 3611 de
544 3567 721 3611 I'Um'versite
735 3567 768 3609 cie
783 3566 874 3616 Paris,
889 3566 934 3611 lib.
950 3577 996 3619 vri,
1012 3573 1031 3609 t.
1042 3578 1078 3619 tv,
1095 3577 1156 3620 pag.
1170 3566 1206 3617 37,
1222 3573 1248 3609 et
1267 3565 1359 3620 Clara,
1369 3566 1410 3609 La
1426 3568 1470 3610 vie
1482 3568 1516 3611 de
1528 3568 1607 3612 Sisini

369 3641 467 3694 Ignace
478 3641 512 3683 de
522 3640 630 3694 Loyola,
640 3650 697 3693 cap.
714 3651 740 3681 v.

409 3714 420 3745 ¹
449 3713 487 3757 De
499 3713 538 3761 iis.
549 3713 591 3766 qui
610 3710 767 3755 Societatem
783 3710 892 3753 Parisiis
903 3710 972 3753 inter
986 3710 1034 3754 has
1050 3712 1142 3753 turbas
1157 3710 1380 3762 ingrediebantur,
1392 3711 1457 3754 haec
1467 3711 1606 3765 Polancus,

367 3796 401 3828 ex
411 3796 487 3837 com„
498 3786 569 3828 Patri
586 3784 729 3827 Paschasio
745 3782 832 3826 aroer:
850 3781 894 3824 “ci
905 3782 987 3824 siamo
1005 3782 1143 3835 rallegrati
1159 3782 1202 3825 nel
1217 3780 1311 3834 Signor
1326 3789 1415 3825 nostro
1428 3783 1454 3826 di
1469 3785 1548 3837 quelli
1557 3784 1606 3828 che

367 3858 436 3900 nella
447 3856 608 3909 Compagnla
621 3855 706 3897 hanno
716 3853 843 3905 rlcevuto;
855 3859 881 3894 et
893 3853 972 3905 quelli
983 3852 1031 3895 che
1044 3853 1070 3895 ln
1080 3859 1167 3905 tempo
1184 3852 1209 3894 di
1225 3852 1291 3894 tanti
1309 3853 1426 3906 travagli
1441 3854 1464 3897 si
1478 3865 1605 3898 muouono

367 3928 510 3971 adlatrare
521 3928 590 3969 nella
601 3924 761 3978 Compagnla
771 3924 797 3966 in
809 3923 895 3977 Parigl
906 3935 971 3977 pare
981 3924 1107 3967 mostrino
1117 3926 1182 3966 bene
1192 3934 1278 3966 essere
1290 3924 1369 3976 spintl
1387 3923 1457 3967 dallo
1468 3924 1566 3979 Spiritu
1580 3925 1605 3969 di

366 3998 472 4042 Christo
483 3996 514 4041 N.
526 3996 552 4039 S.
563 3998 586 4039 A
597 3998 653 4039 loro
664 3996 721 4039 dira
731 3995 764 4037 V.
774 3994 803 4037 R.
815 3995 900 4049 quello
911 3995 928 4037 ll
939 3997 1036 4048 parerh
1050 4006 1097 4047 per
1111 4000 1187 4048 psrte
1198 3994 1224 4037 dl
1238 3994 1335 4039 Nostro
1347 3994 1452 4050 Perire„
1465 3998 1489 4040 15
1498 3997 1605 4043 Decem-

367 4070 494 4113 bristout.

407 4140 419 4172 ³
446 4140 591 4192 Arnoidus,
601 4140 693 4183 scribit
706 4138 827 4183 Sacchinl
840 4140 864 4182 in
875 4150 922 4183 ora
933 4140 1054 4193 paginae.

406 4215 418 4247 ⁴
445 4212 537 4257 Omnia
552 4212 627 4261 baec,
649 4222 723 4266 quae,
735 4212 756 4254 sl
774 4212 856 4254 verba
872 4218 972 4255 tantum
983 4211 1090 4254 Polanci
1104 4211 1325 4265 perpenderimus,
1337 4212 1368 4255 do
1378 4211 1477 4264 Joanne
1488 4214 1605 4257 Arnaldo

364 4285 535 4339 intelligenda
547 4284 678 4332 videntur.
689 4283 817 4327 intellexit
828 4282 963 4336 siccarat,
971 4282 1044 4325 Hisi.
1053 4282 1080 4325 S.
1090 4282 1127 4337 J..
1135 4290 1203 4336 part.
1214 4294 1242 4335 rr,
1253 4295 1277 4326 n.
1289 4284 1322 4337 15,
1333 4284 1364 4327 de
1376 4283 1533 4340 Hieronymo
1544 4285 1606 4329 Bas-

365 4358 404 4401 sio
414 4367 460 4399 seu
470 4356 506 4400 Le
518 4354 582 4398 Bas.
594 4355 629 4399 Et
640 4356 688 4397 hoc
700 4354 787 4397 Patris
798 4353 918 4398 Sacchinl
929 4354 1077 4397 testimonio
1087 4355 1190 4397 innixus
1204 4356 1311 4405 (nullum
1321 4356 1389 4398 enim
1399 4356 1471 4399 aliud
1481 4357 1558 4400 aliert
1568 4363 1604 4401 te·

365 4428 524 4479 stimonium)
536 4426 564 4469 P.
576 4426 654 4477 Pasr,
667 4424 811 4469 Mimoires
820 4432 891 4481 pour
900 4428 1017 4468 serviret
1032 4424 1163 4468 i'isistoire
1173 4426 1210 4467 du
1221 4426 1289 4469 Pero
1299 4425 1382 4470 Broet
1390 4430 1416 4469 et
1424 4428 1471 4471 des
1482 4430 1603 4482 origines

363 4499 399 4543 de
409 4499 436 4541 la
448 4498 609 4553 Compagnt'e
620 4499 653 4541 de
663 4498 745 4552 Jesus
753 4508 786 4541 en
798 4496 911 4547 Franco,
926 4505 999 4551 part.
1011 4508 1048 4551 ιιι,
1060 4498 1104 4541 lib.
1115 4508 1133 4550 r,
1143 4509 1204 4552 pag.
1213 4499 1312 4555 821325,
1322 4500 1391 4543 hunc
1406 4498 1603 4557 Hieronymum,

362 4581 440 4627 quom
450 4570 602 4623 disclpulum
614 4569 692 4613 luisse
703 4570 741 4613 alt
756 4568 888 4613 Gulllelml
899 4568 1015 4623 Postelli,
1026 4569 1147 4623 magistri
1163 4570 1296 4623 opiniones
1312 4572 1427 4615 tenuisse
1439 4570 1554 4618 affirmat
1565 4582 1600 4628 et,

363 4652 415 4697 quo
425 4652 471 4685 eas
479 4641 628 4695 deponeret,
642 4640 749 4683 Romam
759 4640 874 4683 missum.

406 4712 484 4757 Certe
496 4710 641 4766 huiusmodi
652 4711 749 4766 aliquid
760 4711 785 4755 ln
796 4721 875 4755 causa
886 4711 934 4755 tuit
944 4718 974 4754 ut
986 4712 1159 4765 Hieronymus
1169 4714 1217 4759 hoc
1228 4726 1295 4758 anno
1306 4714 1413 4759 Romam
1424 4716 1458 4759 ad
1471 4714 1602 4771 ignatium
