3717 5400
415 446 472 506 ota
861 447 991 510 Canon.
1016 451 1096 510 Soc.
1123 449 1195 524 ‚ins

416 609 456 656 se
471 589 616 673 adjungi
631 593 754 673 potuit,
771 595 853 675 quia
865 596 1109 675 operariorum
1120 598 1283 676 paucitas
1293 614 1363 661 non
1375 597 1601 678 permittebat
1617 599 1637 662 ¹.

417 697 468 762 lili
483 699 589 762 etiarn
604 699 800 780 christiani,
817 718 904 780 quos
919 701 978 766 S.¹¹
993 702 1142 786 Joannis
1156 702 1408 782 Evangelistae
1420 714 1566 783 vocant,
1581 706 1638 769 ali·

416 821 520 885 quern
539 823 584 869 ex
603 807 735 870 nostris
755 809 925 888 optabant
947 808 993 872 ad
1015 826 1053 873 se
1076 809 1178 887 mitti,
1200 809 1246 872 ad
1265 810 1382 874 sinum
1401 811 1591 892 persicum,
1608 823 1639 875 et

415 912 540 976 eadem
555 930 664 977 causa
676 915 766 978 mitti
779 907 849 978 non
861 917 985 996 potuit.
998 915 1044 980 Et
1056 933 1136 980 cum
1147 917 1255 997 aliqui
1267 918 1386 998 populi
1397 928 1500 981 extra
1512 918 1638 997 Goam,

415 1018 451 1081 in
467 1019 674 1098 continenti,
691 1019 781 1101 Regi
795 1021 1036 1103 Portugalliae
1051 1040 1089 1086 se
1104 1021 1346 1102 subjecissent,
1363 1024 1492 1088 ostium
1506 1027 1637 1105 aperie·

416 1125 521 1189 batur
536 1127 582 1190 ad
596 1127 831 1208 Evangelium
846 1128 980 1193 Christi
993 1130 1160 1208 gentibus
1174 1131 1241 1192 illis
1258 1131 1564 1210 annunciandum3
1580 1133 1639 1195 sed

415 1233 545 1296 nassis
560 1233 688 1313 mullo,
704 1236 866 1314 operarii
876 1238 997 1316 pauci.
1538 1302 1542 1310 ,

478 1339 565 1405 1822.
610 1341 819 1408 Constitutis
835 1343 960 1408 studiis
974 1355 1009 1407 et
1029 1343 1221 1424 praedictis
1241 1345 1566 1426 exercitationibus
1579 1347 1638 1410 mi·

416 1448 461 1511 sit
487 1447 525 1512 P.
552 1449 752 1529 Baithasar,
779 1447 921 1529 Rector,
944 1451 1132 1531 quemdam
1150 1469 1196 1514 ex
1215 1452 1471 1529 sacerdotibus,
1499 1454 1638 1517 nomine

413 1551 590 1620 Didacum
610 1556 652 1620 de
671 1555 830 1635 Several,
856 1559 901 1621 ad
922 1558 1137 1621 maritimam
1155 1574 1256 1621 oram
1270 1557 1488 1622 Commurini
1510 1569 1548 1622 ut
1562 1578 1638 1641 sup·

413 1664 526 1744 petias
541 1663 648 1728 ferret
664 1664 702 1728 P.
719 1663 875 1728 Henrico
889 1665 1078 1745 Enriquez,
1095 1665 1250 1745 quicum
1265 1665 1401 1728 duobus
1415 1664 1585 1729 fratribus
1600 1669 1634 1730 iu

413 1771 631 1850 amplissima
657 1769 801 1836 Domini
826 1772 929 1834 vinea
956 1772 1035 1852 plus
1059 1789 1173 1852 aequo
1193 1771 1390 1835 laborabat.
1409 1771 1510 1836 Tunc
1531 1775 1638 1836 etiam

412 1878 507 1942 misit
522 1877 560 1942 P.
582 1878 838 1960 Hieronymum
853 1880 896 1943 de
912 1878 1056 1943 Cuenca
1075 1879 1269 1942 Bazainum
1287 1878 1309 1953 ¹3
1332 1889 1367 1942 et
1382 1890 1501 1943 tamen
1516 1880 1639 1944 decem

412 1985 617 2050 sacerdotes
637 1995 671 2050 et
690 1986 937 2050 novemdecim
956 1987 1016 2049 alii
1036 1972 1167 2050 fratres
1188 1987 1224 2048 in
1249 1984 1410 2066 Collegio
1437 1985 1549 2066 Goae,
1576 1988 1640 2051 sub

412 2090 515 2170 nujus
527 2093 610 2156 anni
622 2091 737 2172 finem,
752 2094 866 2157 relicti
876 2093 1030 2172 suerunt,
1043 2093 1172 2172 quibus
1182 2091 1220 2155 P.
1231 2091 1410 2156 Antonius
1421 2093 1465 2156 de
1477 2092 1640 2172 Quadros

413 2199 567 2278 quotidie
579 2200 625 2263 ad
638 2199 740 2264 unius
753 2201 861 2264 horae
873 2200 1028 2280 spatium
1040 2199 1320 2263 Constitutiones
1335 2198 1536 2280 Societatis,
1550 2218 1640 2281 quas

412 2308 578 2370 attulerat
594 2324 639 2370 ex
655 2305 884 2386 Portugallia,
899 2307 1116 2370 declarabat.

475 2413 563 2477 1823.
606 2411 734 2478 Divisa
749 2423 830 2476 sunt
845 2415 953 2477 etiam
967 2412 1081 2476 officia
1096 2423 1131 2475 et
1146 2430 1269 2476 eorum
1287 2414 1433 2492 regulae
1447 2414 1640 2494 unicuique

412 2519 528 2598 datae,
545 2537 634 2600 quas
648 2537 780 2600 magna
796 2537 876 2584 cum
896 2521 1083 2584 alacritate
1102 2531 1318 2600 exceperunt
1339 2531 1373 2582 et
1387 2522 1529 2584 executi
1543 2532 1637 2584 sunt.

411 2625 454 2690 Et
470 2636 507 2690 ut
523 2625 649 2709 [nostri
664 2625 935 2711 exequerentur]
950 2644 1005 2706 ea,
1021 2626 1161 2708 quaein
1176 2627 1487 2690 constitutionibus
1499 2628 1543 2690 de
1554 2645 1640 2691 con·

410 2733 623 2799 sessionibus
636 2736 864 2815 generalibus
879 2736 1028 2814 singulis
1043 2735 1147 2797 annis
1165 2736 1224 2798 vel
1236 2743 1339 2797 sexto
1357 2751 1496 2815 quoque
1519 2753 1642 2798 mense

410 2840 594 2919 iaciendis
611 2852 646 2905 et
661 2842 704 2905 de
719 2843 812 2905 votis
827 2842 1043 2905 renovandis
1058 2841 1322 2922 praecipiuntur
1337 2839 1361 2919 ³,
1382 2839 1420 2903 P.
1437 2841 1640 2920 Balthasar,

411 2945 553 3027 Rector,
577 2948 738 3012 omnibus
758 2946 919 3029 injunxit,
941 2960 978 3012 ut
991 2947 1093 3028 juxta
1107 2948 1251 3011 easdem
1271 2948 1541 3011 constitutiones
1555 2966 1640 3011 con·

412 3053 604 3119 literentur.
622 3052 725 3135 Quod
740 3071 821 3119 cum
837 3055 971 3118 lactum
985 3064 1090 3134 esset,
1106 3054 1163 3117 die
1176 3054 1319 3117 veneris
1342 3065 1473 3117 octava
1486 3052 1639 3118 Novem-

412 3162 496 3238 briS,
522 3172 711 3243 postquam
736 3161 774 3225 P.
793 3161 974 3226 Carnerus
998 3161 1145 3225 Missam
1169 3162 1384 3224 celebrasset
1412 3161 1449 3223 in
1474 3162 1637 3225 interiori

411 3266 564 3349 quodam
577 3270 708 3333 sacello
723 3271 814 3333 inter
829 3271 998 3349 claustra,
1015 3285 1139 3332 omnes
1153 3286 1219 3332 sua
1233 3278 1318 3331 vota
1334 3284 1414 3331 cum
1429 3284 1561 3347 magua
1577 3270 1637 3332 de·

411 3376 555 3439 votione
569 3389 603 3439 et
620 3378 789 3457 lacrymis
803 3389 1023 3440 renovarunt
1037 3385 1072 3439 et
1086 3376 1295 3453 emiserunt3
1312 3386 1348 3437 et
1363 3374 1489 3438 deinde
1502 3373 1638 3439 SS.l³¹¹m

409 3480 680 3547 Sacramentum
702 3493 928 3563 acceperunt.
950 3482 995 3546 Et
1013 3484 1102 3547 haec
1122 3482 1187 3545 luit
1205 3482 1321 3562 prima
1345 3492 1513 3545 votorum
1539 3499 1641 3545 reno·

409 3590 506 3653 vatio
524 3590 558 3655 in
573 3589 683 3669 India,
701 3610 746 3654 ex
760 3608 830 3672 qua
846 3609 926 3653 cum
942 3606 1074 3669 magna
1093 3588 1369 3670 promptitudine
1389 3588 1434 3651 ad
1450 3606 1575 3652 omnes
1594 3589 1644 3651 ia·

408 3696 513 3759 bores
527 3713 592 3777 pro
607 3696 739 3761 Christi
754 3714 876 3761 amore
895 3697 1064 3761 serendos
1077 3698 1214 3776 egressi
1228 3705 1322 3758 sunt.

472 3801 559 3867 1824.
604 3803 682 3885 ipso
703 3805 758 3867 die
778 3802 838 3867 Sil
855 3804 1022 3869 Andreae
1044 3804 1081 3867 P.
1097 3804 1305 3867 Emmanuel
1324 3802 1532 3866 Feruandez
1552 3821 1640 3884 qua·

409 3911 604 3975 tuordecim
621 3912 835 3975 christianos
855 3913 956 3975 simul
977 3913 1012 3974 in
1033 3926 1155 3973 nostra
1175 3912 1327 3973 ecclesia
1347 3911 1552 3990 baptizavit.
1576 3908 1642 3973 Pa·

449 4188 458 4222 t
486 4190 534 4233 *ue
543 4192 597 4234 elin
607 4188 689 4233 Chiae
709 4190 750 4233 nn·
760 4190 964 4241 ambasciedore,
979 4196 1072 4243 nepote
1087 4188 1129 4231 del
1144 4186 1238 4232 Vicere
1249 4186 1281 4231 D.
1293 4186 1409 4241 Plietr01,
1429 4188 1537 4242 liquere
1551 4190 1645 4233 embe-

407 4262 525 4307 scindere
540 4263 629 4307 tuenti
644 4263 670 4306 le
685 4270 810 4317 perrenae
825 4261 944 4305 desidero
959 4271 1050 4304 menen
1063 4270 1124 4304 seco
1138 4272 1172 4304 un
1186 4260 1268 4315 padre
1278 4260 1349 4304 delle
1362 4262 1525 4315 compagum.
1534 4272 1582 4314 per
1592 4263 1646 4305 las

407 4336 490 4378 clario
502 4335 567 4378 done
577 4344 619 4377 ste
630 4336 647 4378 il
658 4332 695 4377 Re
707 4334 776 4377 della
791 4332 883 4385 Chloe.
894 4340 921 4376 et
936 4332 955 4375 il
969 4332 1108 4375 medesimo
1122 4332 1306 4375 desideranti
1319 4331 1422 4381 Vlcere:
1436 4343 1478 4375 me
1492 4342 1541 4385 per
1552 4342 1607 4375 non
1617 4334 1644 4376 ni

407 4418 494 4451 essere
504 4407 596 4450 uiliore
606 4407 687 4461 padre
699 4408 792 4449 elcuno
802 4417 849 4461 per
858 4412 915 4449 star
926 4404 989 4448 tutti
1002 4403 1131 4457 occupati.
1141 4411 1168 4446 et
1178 4414 1251 4445 esser
1261 4410 1334 4447 stato
1348 4404 1471 4447 mandato
1480 4402 1514 4446 Ι.
1524 4402 1645 4448 Gomlo

407 4482 433 4521 et
445 4478 535 4523 Preste
546 4478 682 4531 Globulum,
692 4491 720 4523 se
730 4490 761 4523 ne
772 4480 839 4523 endo
849 4489 926 4522 sema
937 4487 1042 4520 meum
1058 4486 1190 4528 nessaeo..
1204 4474 1319 4519 Didacus
1334 4477 1444 4521 Soverel
1457 4476 1506 4519 nt·
1518 4474 1644 4527 januarii

408 4551 471 4607 1555.
481 4552 507 4597 in
518 4550 629 4596 Diuersi
640 4555 721 4604 wisi,
730 4562 790 4605 etc..
801 4550 891 4597 rerunt
901 4564 928 4596 v.

450 4624 461 4655 ⁸
490 4624 557 4667 Vide
567 4636 655 4677 supra.
666 4636 726 4679 pag.
735 4624 784 4676 obi,
795 4636 820 4669 n.
832 4624 895 4667 1811).

448 4695 461 4729 ³
488 4696 525 4740 bis
542 4700 723 4751 praeripitur.
