3717 5400
368 488 422 547 520
825 488 954 549 Canon.
975 486 1054 550 Soc.
1073 491 1146 564 jas.

432 633 520 698 1421.
563 634 659 699 Inter
673 636 867 700 canonicos
878 644 913 699 et
924 636 1164 717 portionarios
1179 634 1201 715 ¹,
1216 656 1306 718 quos
1316 648 1461 715 vocant,
1476 636 1611 702 Cathe—

370 741 481 807 ‹lralis
495 744 667 807 ecclesiae
683 741 922 807 Cordubensis
935 744 1061 823 gravis
1079 744 1255 824 quaedam
1279 753 1314 808 et
1333 744 1502 818 diuturna
1521 762 1612 808 conm

370 850 480 914 tentio
496 850 749 929 intercedebat,
766 867 812 914 ex
826 868 896 931 qua
911 853 1021 915 multa
1035 851 1261 916 incommoda
1276 861 1403 915 contra
1414 851 1482 915 Dei
1493 852 1602 915 hono·

369 975 445 1022 rem
461 958 700 1037 sequebantur
719 955 741 1020 ¹.
765 956 994 1022 Postularunt
1012 968 1129 1022 autern
1144 958 1195 1022 illi
1213 968 1253 1023 ut
1275 958 1313 1023 P.
1333 958 1569 1024 Prouincialis
1589 956 1610 990 ⁸

371 1066 414 1129 de
429 1065 498 1129 hoc
512 1065 662 1144 negocio
677 1065 713 1128 in
728 1065 888 1145 ipsorum
902 1064 1065 1146 capitulo
1080 1065 1218 1147 aliquas
1233 1068 1425 1130 conciones
1440 1066 1606 1143 haberet;.

370 1184 406 1240 et
421 1190 502 1239 cum
517 1172 702 1253 coepisset,
719 1171 899 1235 instabant
919 1172 970 1235 illi
990 1180 1030 1235 ut
1046 1181 1227 1253 pergeret,
1251 1182 1287 1236 et
1307 1173 1372 1236 sub
1394 1172 1498 1254 hujus
1516 1174 1607 1237 anni·

317 1354 320 1363 ,
371 1282 476 1347 finem
490 1298 574 1361 spes
585 1277 658 1359 jam
669 1287 763 1357 erat,
780 1276 857 1341 Deo
872 1278 1037 1359 propitio,
1050 1279 1243 1343 remedium
1254 1280 1310 1343 his
1321 1279 1610 1343 dissensionibus

374 1407 453 1454 esse
468 1388 716 1452 adhibendum.

436 1495 524 1559 1422.
568 1493 670 1574 Quod
696 1494 822 1557 attinet
847 1492 893 1556 ad
916 1492 1070 1571 scholas,
1096 1494 1336 1558 studiosorum
1361 1510 1530 1558 numerus
1553 1494 1604 1558 ad

372 1613 552 1670 trecentos
567 1600 798 1679 ascendebat;
815 1609 850 1663 et
863 1600 924 1681 qui
938 1600 1138 1664 rudimenta
1152 1602 1408 1681 grammatices
1422 1602 1472 1665 ibi
1491 1600 1610 1665 disce»

371 1712 468 1789 bant,
484 1718 558 1773 tam
574 1708 688 1771 solida
707 1706 938 1770 fundamenta
958 1715 1100 1788 tamque
1122 1708 1224 1771 brevi
1237 1717 1396 1789 tempore
1408 1706 1605 1788 jaciebant,

373 1827 410 1881 ut
429 1831 642 1897 progressus
665 1830 738 1877 non
757 1813 954 1877 mediocres
973 1813 1010 1877 in
1028 1814 1264 1893 grammatica
1287 1814 1457 1893 facerent,
1479 1816 1609 1896 quales

371 1926 478 2004 longe
493 1921 703 1985 diuturniori
717 1928 877 2002 tempore
891 1920 971 1983 aliis
985 1921 1021 1984 in
1036 1922 1169 1985 scholis
1183 1938 1257 1984 non
1270 1921 1439 1985 fecerant.
1456 1921 1530 1985 Nec
1542 1940 1608 2002 pa-

372 2048 451 2095 rum
467 2030 512 2093 ad
526 2029 563 2093 id
584 2027 734 2109 juvabat
752 2026 937 2108 cujusdam
954 2045 1001 2091 ex
1020 2028 1310 2108 praeceptoribus
1331 2027 1516 2107 industria,
1540 2030 1605 2109 qui¹

371 2137 577 2202 methodum
593 2135 782 2216 quamdam
797 2134 903 2198 valde
919 2135 1189 2198 accommodam
1203 2135 1351 2205 invenit.
1367 2145 1405 2198 ut
1415 2135 1518 2200 brevi
1528 2137 1610 2199 val·

374 2244 417 2309 de
432 2256 590 2325 tempore
605 2241 809 2305 scholastici
824 2258 866 2303 ea
884 2244 1118 2322 perciperent,
1136 2259 1228 2323 quae
1242 2242 1396 2322 longiori
1410 2244 1483 2322 legi
1497 2243 1608 2307 solita

371 2360 474 2416 erant
488 2359 523 2415 et
538 2350 655 2414 minus
668 2350 772 2413 facile
786 2348 935 2428 intelligi
949 2358 1010 2411 aut
1023 2349 1170 2412 retineri
1184 2357 1351 2430 poterant
1365 2346 1387 2413 ⁴.

434 2457 522 2521 1423.
566 2456 739 2539 Juventus
767 2455 1000 2520 cordubensis
1027 2455 1116 2519 satis
1144 2455 1237 2520 felici
1265 2456 1409 2534 ingenio
1439 2455 1608 2536 praedita

370 2576 435 2645 est,
463 2574 497 2629 et
523 2566 709 2647 diligentes
734 2562 924 2627 admodum
948 2581 986 2626 se
1010 2563 1047 2626 in
1070 2562 1198 2626 studiis
1223 2564 1449 2643 exhibebant;
1476 2564 1603 2645 pietati

371 2681 490 2738 autem
505 2674 721 2738 christianae
735 2672 787 2736 sic
802 2671 910 2736 dediti
925 2680 1037 2751 erant,
1054 2670 1114 2752 qui
1128 2679 1202 2734 tam
1216 2678 1338 2735 mutua
1353 2670 1444 2736 inter
1459 2687 1498 2735 se
1517 2672 1609 2736 chu=

369 2783 475 2845 ritate
488 2781 618 2859 affecti,
629 2781 939 2861 sicpraeceptores
950 2779 1215 2842 venerabantur
1225 2788 1259 2841 et
1273 2779 1371 2842 velut
1383 2781 1527 2842 oracula
1539 2795 1600 2843 ex-

370 2889 560 2969 cipiebant,
577 2905 668 2969 quae
683 2888 728 2950 ab
743 2887 795 2950 eis
809 2886 1028 2963 dicebantur,
1045 2895 1084 2949 ut
1099 2884 1226 2949 merito
1241 2884 1369 2948 civitas
1383 2885 1538 2949 fructum
1548 2887 1607 2950 in-

370 2995 509 3076 signem
534 3012 573 3058 se
598 3002 782 3075 reportare
802 3011 847 3057 ex
867 2995 935 3056 hoc
954 2993 1104 3073 collegio
1125 2992 1349 3070 intelligeret.
1374 2991 1606 3056 Exercebant

368 3102 420 3167 illi
433 3120 472 3166 se
487 3102 643 3183 quotidie
658 3112 693 3165 et
708 3100 952 3182 componendo
967 3110 1002 3163 et
1016 3099 1178 3177 dicendo;
1195 3108 1230 3162 et
1244 3107 1417 3178 quantum
1431 3099 1604 3179 profecis-

369 3217 459 3287 sent,
486 3208 778 3286 declamatione5‚
805 3207 1015 3289 quibusdam
1044 3207 1168 3270 diebus
1196 3204 1358 3280 habitae,
1388 3205 1606 3270 documento

369 3326 482 3381 erant.
496 3317 685 3382 Navabant
697 3325 817 3381 autem
828 3332 974 3396 operam
988 3324 1023 3378 et
1038 3315 1169 3378 latinae
1183 3326 1219 3379 et
1230 3332 1387 3396 graecae
1397 3317 1552 3396 linguae,
1565 3324 1609 3378 et:

369 3434 471 3489 erant
496 3425 557 3506 qui
576 3442 640 3489 sex
661 3425 835 3489 mensium
854 3423 971 3503 spatio
993 3438 1127 3501 graeca
1150 3423 1259 3486 etiam
1278 3424 1439 3488 carmina
1458 3439 1608 3503 compo·-

369 3541 505 3596 nerent.

432 3638 519 3702 1424.
563 3637 697 3702 Triduo
713 3646 796 3702 ante
810 3637 939 3701 festum
955 3637 994 3700 Β.
1011 3637 1159 3720 Joannis
1178 3637 1374 3718 Baptistae,
1398 3655 1480 3702 cum
1500 3637 1608 3702 intel*

368 3746 538 3810 lexissent
553 3745 756 3810 scholastici
772 3755 913 3809 nostros
929 3746 1085 3824 migrare
1100 3763 1121 3808 a
1136 3745 1254 3824 domo,
1277 3763 1384 3826 quam
1399 3746 1445 3809 ad
1461 3753 1607 3828 tempus

411 4022 419 4056 ¹
448 4023 588 4078 Hispanice
603 4023 779 4076 Καίσωνος
795 4021 1166 4067 beneficiati-“Portunum
1181 4022 1245 4066 dicti
1263 4021 1424 4074 beneficiati,
1438 4023 1465 4067 in
1485 4024 1608 4068 ecelesiis

368 4095 572 4146 cathedralibus,
584 4095 626 4149 qul
637 4093 770 4139 dimidiam
781 4099 882 4138 tantum
894 4093 1069 4148 praebendam
1078 4095 1233 4149 percipiunt.
1244 4093 1278 4139 Hl
1295 4100 1340 4138 ant
1351 4097 1384 4139 ab
1398 4095 1543 4150 Episcopls,
1558 4099 1606 4152 qni

368 4167 467 4211 clerum
476 4177 551 4210 suum
562 4177 658 4220 augere
669 4167 800 4218 volebant,
811 4165 925 4210 instituti
935 4172 1004 4217 aaut,
1015 4171 1061 4210 aut
1069 4172 1099 4208 ut
1113 4167 1296 4210 canonicorum
1307 4167 1454 4211 absentium
1464 4169 1536 4212 vices
1545 4179 1610 4224 sup·

369 4239 479 4292 plerent;
492 4239 560 4282 inter
570 4238 706 4282 canonicos
715 4243 803 4281 tamen
813 4247 937 4291 nusquam
949 4242 1010 4281 aunt
1020 4238 1168 4290 nominari„
1179 4237 1219 4282 Du
1234 4238 1332 4290 Cauca,
1343 4237 1521 4284 Glossarium.

410 4310 422 4343 ⁸
448 4310 516 4355 Vide
525 4321 613 4366 supra,
624 4315 642 4354 t.
651 4321 687 4363 ιι,
698 4320 758 4364 pag.
768 4308 816 4362 «153,
827 4315 915 4353 annot.
927 4309 947 4362 l,
959 4315 984 4352 et
993 4307 1116 4352 Litterae
1126 4309 1358 4365 Quadrtmeatres,
1369 4317 1386 4354 t.
1396 4321 1434 4364 ur,
1445 4322 1505 4366 pag.
1513 4312 1562 4357 716.

411 4383 422 4415 ³
450 4384 478 4428 P.
489 4383 707 4428 Bartholomaeus
717 4379 896 4436 Buatamante,
908 4381 951 4435 qul
959 4380 1015 4435 jam
1025 4379 1099 4425 Patri
1109 4380 1206 4426 Torres
1220 4381 1344 4426 suffectus
1354 4390 1422 4427 erat.
1433 4381 1500 4427 Vide
1514 4395 1607 4440 supra,

370 4456 468 4500 nuto.

410 4528 423 4562 ⁴
450 4527 555 4572 Habent
563 4525 643 4571 etlam
652 4528 694 4571 hic
705 4525 880 4581 bibliographl
891 4526 917 4570 lu
927 4536 1058 4580 quosnam
1066 4533 1176 4571 exerant
1185 4527 1349 4580 industriam,
1360 4527 1462 4572 scilicet
1471 4528 1609 4573 invenlen·

370 4601 403 4644 do
414 4611 541 4656 quaenam
550 4600 615 4643 haec
625 4599 673 4643 init
684 4609 753 4643 nova
764 4598 868 4642 litteras
877 4597 1043 4642 humaniores
1053 4598 1160 4642 docendi
1171 4599 1315 4648 methodus.
1326 4601 1384 4654 qula
1397 4601 1454 4656 ejus
1468 4606 1569 4651 auctor,
1576 4606 1607 4644 et

371 4672 476 4717 tandem
487 4683 519 4716 an
528 4670 600 4729 typis
611 4670 734 4715 mandata
742 4669 821 4714 fuerit
832 4680 919 4714 necne.
931 4668 1022 4713 Sermo
1031 4674 1119 4713 autem
1129 4670 1232 4714 videtur
1243 4671 1286 4715 hic
1295 4683 1352 4716 esse
1362 4672 1394 4715 de
1403 4673 1491 4716 libello
1499 4683 1516 4715 a
1524 4670 1610 4717 talit-

370 4743 462 4788 chatle
473 4742 594 4788 Ramlrez
606 4743 759 4788 concinnato
770 4747 796 4786 ct
806 4740 916 4786 Romam
926 4741 1014 4796 mlaso,
1024 4741 1056 4785 de
1066 4752 1116 4796 quo
1126 4741 1203 4795 inira,
1212 4754 1237 4786 n.
1246 4743 1306 4787 1185.
