3717 5400
806 496 871 555 Art.
893 496 965 555 1555
1445 494 1501 554 439

262 643 432 709 tinaciter
453 645 610 725 peccatis
628 644 829 721 inhaerens,
852 660 919 707 nec
934 652 1052 706 tamen
1073 643 1272 723 relinquere
1293 641 1417 705 volens
1437 650 1500 705 aut

263 750 446 831 confiteri,
466 752 693 817 nibilominus
712 751 851 833 publice
875 748 1418 815 sanctissimam'Eucharistiam
1440 766 1497 813 ac·

264 858 437 938 cipiebat,
460 876 566 940 quae,
587 858 665 923 Deo
684 858 852 939 propitio,
875 858 921 922 ad
943 875 1004 921 cor
1028 858 1133 921 rediit
1152 866 1187 920 et
1210 857 1388 937 integram
1413 873 1497 921 con·

262 962 473 1045 ¹sessionem,
494 982 576 1030 curn
594 966 778 1047 proposito
802 966 915 1029 vitam
935 964 1110 1043 mutandi,
1134 973 1239 1045 prout
1258 962 1422 1042 debebat,
1446 964 1499 1026 in·

263 1072 392 1136 stituit.

331 1178 419 1243 1179.
462 1178 535 1244 Sub
549 1180 634 1244 anni
648 1179 753 1245 finem
773 1189 898 1244 auctus
913 1178 980 1243 fuit
1000 1188 1204 1243 nostrorum
1219 1194 1386 1242 numerus
1407 1177 1495 1243 Bur-

262 1285 325 1363 gis
346 1296 380 1349 et
396 1287 442 1350 ad
455 1288 578 1351 decem
596 1288 772 1368 pervenit;
792 1305 876 1350 nam
896 1287 1014 1351 visum
1034 1295 1088 1349 est
1108 1285 1206 1350 Patri
1227 1284 1494 1365 Commissario,

267 1390 461 1457 Francisco
482 1393 653 1474 Borgiae,
672 1393 964 1458 satisfaciendum
985 1410 1064 1457 esse
1084 1392 1268 1456 desideriis
1290 1391 1493 1472 multorum,

264 1500 329 1578 qui
342 1502 485 1565 scholas
499 1520 521 1565 a
535 1501 712 1566 Societate
726 1511 850 1566 nostra
864 1500 994 1580 Burgis
1009 1500 1140 1580 aperiri
1155 1499 1355 1580 cupiebant,
1371 1516 1492 1580 quam-

262 1606 327 1696 vis¹
333 1606 489 1671 nondum
500 1609 571 1671 ulla
583 1608 718 1673 dotatio
729 1606 805 1687 ejus
816 1607 964 1688 Collegii
976 1606 1240 1688 praecessisset,
1250 1622 1317 1669 nec
1325 1604 1370 1669 D.
1383 1604 1493 1670 Fran·

261 1713 385 1777 ciscus
411 1716 455 1778 de
473 1714 649 1795 Miranda,
674 1715 798 1779 Abbas
823 1714 867 1779 de
884 1714 998 1792 Salas,
1020 1713 1067 1793 id,
1084 1714 1178 1795 quod
1200 1723 1433 1794 proposuerat
1458 1722 1492 1776 et

261 1821 488 1900 promiserat,
505 1822 620 1886 adhuc
636 1841 743 1904 opere
757 1821 1020 1903 complevisset.

328 1927 415 1991 1180.
450 1929 649 2010 ¹Postquam
664 1947 751 2010 ergo
765 1929 881 1993 Abula
896 1938 1068 1993 evocatus
1082 1940 1176 1993 esset
1191 1930 1229 1994 P.
1244 1928 1492 1992 Ferdinandus

260 2034 431 2115 Alvarez,
452 2046 488 2100 et
502 2036 540 2100 P.
557 2037 699 2118 Gaspar
717 2036 761 2100 de
781 2037 950 2101 Azevedo
968 2036 1005 2099 in
1023 2036 1175 2115 Indiam,
1199 2054 1290 2117 quae
1311 2034 1369 2099 del
1389 2035 1492 2099 Perti

266 2152 428 2220 vocatur,
452 2145 649 2208 destinatus
663 2142 684 2222 ¹,
708 2155 742 2207 et
755 2144 802 2207 ad
816 2144 853 2207 id
871 2143 1003 2223 Burgis
1023 2154 1195 2208 evocatus
1210 2152 1320 2223 esset,
1341 2144 1419 2225 ipso
1434 2142 1491 2207 die

262 2248 472 2313 Nativitatis
486 2251 525 2315 B.
550 2252 712 2332 Virginis
726 2251 865 2315 initium
879 2250 1008 2315 studiis
1022 2252 1272 2315 humaniorum
1292 2250 1490 2314 litterarum

262 2357 387 2421 datum
398 2368 462 2431 est;
481 2368 516 2422 et
529 2359 565 2422 in
576 2360 653 2439 ipsa
668 2356 875 2422 Cathedrali
885 2358 1047 2436 ecclesia,
1063 2358 1202 2439 publica
1218 2359 1333 2421 oratio
1349 2376 1370 2421 a
1385 2356 1491 2421 Patre

263 2462 431 2543 Gaspare
449 2465 658 2529 Fernandez
677 2465 799 2529 habita
819 2474 885 2545 est,
907 2482 978 2547 qua
999 2466 1151 2529 instituti
1169 2465 1283 2529 nostri
1302 2464 1489 2543 rationem,

263 2572 363 2650 quod
376 2571 422 2634 ad
437 2589 567 2652 pueros
580 2572 814 2636 instituendos
835 2573 972 2650 attinet,
989 2572 1125 2635 civitati
1139 2572 1346 2635 declaravit.

326 2677 414 2743 1181.
462 2679 558 2745 idem
568 2678 674 2743 Pater
685 2680 811 2744 classis
822 2680 1018 2744 rhetorices
1027 2696 1155 2744 munus
1163 2689 1380 2760 susceperat,
1390 2696 1490 2761 prae·

260 2795 321 2849 ter
334 2803 450 2867 quem,
465 2797 537 2851 tres
551 2788 623 2865 alii,
639 2788 751 2851 tribus
766 2789 844 2850 aliis
859 2787 1086 2851 inferioribus
1098 2787 1271 2850 classibus
1286 2796 1487 2868 praeerant,

260 2903 300 2956 et
315 2895 351 2957 in
365 2894 440 2957 dies
454 2895 571 2974 magis
585 2895 729 2974 patebat
749 2911 855 2975 quam
873 2910 1005 2973 magna
1024 2895 1219 2974 spiritualia
1243 2894 1429 2959 commoda
1445 2911 1490 2958 ex

261 3008 388 3064 nostro
402 3000 560 3081 Collegio
574 3002 703 3065 civitas
716 3012 873 3082 caperet,
894 3019 985 3082 quae
1004 3001 1093 3064 filios
1115 3001 1349 3065 modestiores
1368 3011 1403 3066 et
1423 3001 1491 3066 sibi

261 3107 381 3187 magis
394 3108 628 3189 obsequentes
642 3119 677 3172 et
690 3110 806 3189 magis
820 3109 928 3172 etiam
947 3110 984 3172 in
1002 3109 1128 3172 litteris
1148 3109 1373 3189 proficientes
1387 3126 1490 3189 expe·

261 3214 432 3278 riebatur.
448 3213 604 3296 Optabat
615 3217 756 3295 quidem
770 3214 814 3280 D.
831 3215 1043 3280 Benedictus
1059 3215 1278 3295 Ugucionius
1290 3217 1372 3297 (qui,
1386 3227 1425 3281 ut
1435 3234 1490 3280 su·

260 3323 383 3400 petius
397 3321 551 3385 diximus
565 3323 589 3398 ¹,
605 3323 696 3387 inter
713 3324 845 3404 optime
860 3323 1006 3388 meritos
1020 3322 1063 3386 de
1084 3323 1261 3387 Societate
1276 3323 1410 3403 primas
1429 3323 1490 3387 ha·

261 3425 393 3507 bebat),
408 3427 522 3493 Roma
542 3430 635 3494 mitti
651 3429 805 3511 aliquem
823 3447 869 3494 ex
883 3427 1085 3509 hujusmodi
1103 3428 1375 3510 professoribus,
1396 3430 1492 3510 quod

263 3535 301 3597 in
316 3533 502 3617 Hispania,
518 3537 612 3618 quod
627 3537 672 3601 ad
687 3537 753 3600 has
768 3537 905 3602 litteras
920 3536 1071 3600 docendi
1086 3538 1260 3600 rationem
1275 3538 1413 3616 attinet,
1430 3537 1492 3600 mi·

260 3659 332 3706 nus
346 3644 567 3708 dexteritatis
578 3645 708 3708 habere
722 3644 961 3721 existimabat;
975 3654 1142 3707 externos
1156 3641 1166 3674 ³
1179 3645 1286 3707 etiam
1302 3645 1492 3708 auctorita·

260 3759 335 3814 tem
355 3751 526 3832 maj0rem
549 3752 731 3816 habituros
755 3769 820 3832 pro
841 3749 916 3830 ejus
937 3750 1054 3830 gentis
1074 3751 1217 3829 ingenio
1239 3751 1492 3832 arbitrabatur,

260 3858 326 3921 sed
340 3877 421 3922 curn
436 3860 471 3923 id
489 3858 592 3923 facile
606 3859 683 3923 fieri
698 3856 795 3940 [non]
815 3868 947 3939 posset,
969 3875 1015 3922 ex
1029 3859 1180 3939 ipsamet
1198 3857 1372 3938 Hispania
1392 3877 1491 3940 prae·

260 3974 425 4046 ceptores
436 3975 589 4046 quatuor
600 3966 774 4029 classibus
785 3964 956 4046 praefecti
968 3975 1062 4042 sunt,
1076 3975 1121 4038 et,
1135 3963 1212 4028 Deo
1224 3966 1390 4046 propiti0,
1403 3966 1493 4030 bene

259 4089 301 4135 se
315 4073 487 4152 gerebant
501 4083 536 4136 et
548 4071 562 4103 ⁴
576 4073 733 4137 civitatis
753 4072 1033 4136 benevolentiam
1053 4073 1121 4136 hoc
1135 4072 1278 4152 pietatis
1298 4090 1405 4153 opere
1424 4073 1493 4137 sibi

263 4179 512 4243 conciliabant.
534 4179 642 4244 Brevi
663 4190 782 4243 autem
803 4180 924 4244 crevit
938 4179 1232 4243 scholasticorum
1252 4181 1421 4245 numerus
1445 4181 1491 4244 ad

300 4456 309 4490 ¹
338 4457 406 4502 Vide
417 4457 539 4503 Litterae
552 4459 783 4513 Quadrimestres,
800 4467 819 4504 t.
835 4471 871 4510 nr.
887 4471 947 4514 pag.
959 4459 1008 4512 70⁴,
1025 4467 1051 4502 et
1069 4457 1165 4503 Curias
1180 4459 1213 4502 de
1229 4457 1284 4503 San
1299 4459 1419 4513 lgnacto,
1433 4465 1452 4506 t.
1467 4471 1494 4512 v,

261 4539 324 4582 pag.
334 4528 383 4583 alli,
392 4529 433 4573 m
440 4537 467 4574 et
476 4530 525 4574 atl.

302 4600 314 4631 ¹
340 4598 409 4644 Vide
418 4613 507 4657 supra.
517 4608 536 4646 t.
547 4613 584 4654 nr,
597 4613 658 4657 pag.
668 4602 717 4655 317,
727 4615 752 4648 n.
762 4603 811 4647 llll.

302 4669 315 4703 ⁸
342 4671 457 4727 Scilicet,
467 4674 637 4728 professores,
648 4676 691 4728 qul
703 4675 807 4731 hispani
817 4687 866 4720 noo
877 4681 973 4720 essent.

301 4747 314 4779 ⁴
341 4743 386 4789 bis.
396 4749 434 4792 ut.
