3717 5400
820 556 883 613 Au.
906 553 978 612 1555
1459 554 1511 611 531

281 703 509 783 abnegationi
520 718 643 765 omnes
654 701 786 764 dabant
798 716 955 780 operam;
969 709 1096 762 etcum
1108 701 1218 763 multa
1229 708 1400 780 peterent,
1412 700 1512 779 large

282 811 333 874 eis
351 811 653 885 concedebantur;
670 826 752 871 nam
772 826 830 871 res
849 806 1051 886 hujusmodi
1071 807 1270 887 petentibus
1291 807 1407 887 potius
1429 824 1511 870 con·
1552 868 1557 875 .

281 917 471 993 cedendae,
488 935 595 999 quam
614 916 735 979 invitis
755 922 816 979 aut
837 933 907 977 non
932 915 1133 994 petentibus
1157 912 1394 994 injungendae
1414 914 1510 977 vide-

281 1025 421 1103 bantur,
435 1025 547 1088 donec
563 1023 722 1089 habitum
738 1022 974 1102 acquirentes,
991 1032 1065 1085 tam
1079 1020 1124 1085 ad
1145 1039 1206 1084 eas
1223 1020 1366 1101 propria
1388 1022 1513 1084 volun·

283 1140 355 1195 tate
371 1148 478 1212 quarn
492 1140 616 1194 contra
637 1130 734 1192 illam
753 1128 1000 1209 suscipiendas
1021 1128 1174 1208 prompti
1200 1127 1451 1190 reddebantur.
1467 1126 1512 1191 Et

283 1239 363 1303 ideo
379 1235 838 1317 bienniumimpendendum
852 1252 930 1299 esse
939 1233 1140 1315 hujusmodi
1150 1235 1429 1315 probationibus
1440 1252 1512 1298 ma·

282 1347 377 1409 xime
392 1346 560 1409 momenti
575 1344 668 1408 idem
684 1341 722 1405 P.
738 1343 970 1406 Bustamante
986 1343 1238 1420 arbitrabatur,
1262 1343 1322 1423 qui
1336 1342 1512 1406 admiran-

205 1452 208 1461 '
283 1452 328 1515 da
340 1468 421 1515 esse
432 1467 588 1532 prorsuS,
602 1468 692 1531 quae
705 1448 877 1512 Dominus
889 1450 925 1512 in
938 1449 1093 1512 cadomo
1106 1449 1331 1528 operabatur,
1347 1447 1513 1529 quemad·

283 1558 427 1622 modum
446 1567 479 1621 et
506 1559 538 1620 in
563 1558 634 1631 illa,
659 1574 750 1638 quae
775 1554 950 1620 Simancis
972 1565 1092 1619 erecta
1113 1554 1241 1635 iuerat,
1269 1565 1429 1632 testatur;
1447 1572 1514 1618 nec

284 1666 391 1729 aliam
412 1682 534 1728 curam
561 1666 596 1727 in
623 1664 802 1744 praefecto
827 1664 1069 1727 necessariam
1090 1679 1168 1726 esse
1190 1664 1357 1727 censebat
1383 1672 1442 1726 aut
1466 1663 1515 1725 in·

285 1772 471 1851 dustriam,
493 1788 600 1852 quam
615 1769 915 1835 Constitutionum
938 1781 973 1834 et
998 1769 1216 1849 Regularum
1238 1771 1379 1851 plenam
1399 1770 1515 1833 obser·

285 1879 478 1943 vationem.

328 1986 415 2048 1449.
460 1984 609 2065 Propter
624 1986 740 2049 febres
755 1986 927 2065 quasdam
942 1987 1125 2064 tertianas
1143 2004 1232 2067 quas
1246 1985 1284 2049 P.
1301 1985 1376 2065 ipse
1392 1985 1516 2048 Busta-

286 2101 417 2169 mante,
434 2110 515 2156 cum
530 2090 733 2157 Cordubam
746 2094 855 2171 venit,
869 2111 997 2174 passus
1012 2104 1075 2171 est,
1098 2093 1254 2158 nondum
1269 2093 1436 2172 invisere,
1453 2093 1518 2155 sub

287 2200 453 2265 Octobris
474 2200 578 2263 finem
600 2198 797 2278 Collegium
819 2198 1028 2281 Hispalense
1050 2218 1116 2264 nec
1138 2200 1361 2264 Granatense
1384 2197 1518 2281 [potuer

287 2306 369 2389 rat];
386 2320 420 2371 et
436 2308 513 2371 ideo
528 2306 626 2371 Patri
649 2304 827 2370 Gonzalez
850 2307 1036 2386 commisit,
1061 2309 1120 2389 qui
1141 2306 1273 2371 Rector
1296 2316 1372 2371 erat
1394 2306 1519 2387 Hispa·

287 2416 406 2493 lensiS,
424 2424 463 2478 ut
477 2426 619 2478 nostros
634 2414 727 2495 apud
746 2412 810 2477 S.m
825 2416 961 2478 Lucam
977 2425 1012 2478 et
1027 2414 1208 2479 Granatae
1232 2425 1379 2493 agentes
1393 2413 1520 2477 invise·

287 2532 353 2601 ret,
369 2534 403 2586 et
419 2523 465 2587 ad
479 2540 517 2585 se
533 2522 681 2585 referret
696 2522 726 2585 si
741 2521 825 2603 quid
841 2521 937 2585 facto
953 2540 1042 2603 opus
1056 2540 1134 2585 esse
1147 2522 1334 2604 judicaret.
1355 2520 1391 2585 A
1410 2520 1521 2607 Colle-

287 2632 347 2711 gio
372 2628 574 2693 Placentiae
600 2629 769 2691 liberatus
791 2630 916 2707 fuerat,
942 2637 979 2693 ut
1001 2630 1148 2693 inferius
1170 2629 1308 2694 dicetur
1331 2627 1351 2708 ';
1375 2637 1410 2692 et
1432 2629 1521 2692 bene

289 2739 408 2803 omnia
424 2755 502 2801 sese
517 2736 648 2800 habere
663 2737 847 2817 intellexit;
869 2738 965 2819 qnod
982 2739 1076 2802 serio
1099 2739 1226 2818 ubique
1242 2739 1287 2802 ad
1304 2737 1521 2801 observatio·

289 2863 371 2910 nem
385 2846 590 2924 regularum
605 2843 819 2924 nitebantur;
835 2862 905 2926 qua
927 2846 964 2908 in
986 2845 1234 2910 observatione
1256 2855 1291 2908 et
1312 2845 1467 2908 fructum
1488 2853 1523 2907 et

291 2952 570 3018 consolationem
595 2969 762 3034 magnam
787 2952 1077 3034 experiebantur;
1097 2962 1133 3017 et
1157 2954 1236 3017 ideo
1259 2970 1329 3016 non
1349 2949 1523 3015 afficieba-

291 3070 349 3124 tur
377 3059 560 3138 collegiis,
591 3059 649 3122 ubi
677 3059 781 3139 pauci
809 3061 1069 3138 versabantur,
1103 3061 1400 3142 quemadmodum
1429 3057 1525 3138 apud

290 3165 355 3232 S.²¹¹
370 3166 507 3229 Lucam
523 3176 557 3229 et
577 3165 768 3244 Montillae,
790 3165 849 3229 ubi
870 3175 1022 3246 quatuor
1045 3178 1106 3229 aut
1128 3168 1282 3248 quinque
1304 3177 1338 3229 et
1360 3183 1431 3228 non
1452 3181 1523 3228 am·

290 3274 383 3354 plius
400 3274 646 3346 versabantur;
662 3273 743 3352 quia
756 3272 814 3336 ubi
826 3282 900 3336 tam
911 3275 1016 3354 pauci
1030 3284 1122 3350 sunt,
1140 3275 1235 3337 nulla
1247 3270 1363 3354 potest
1378 3289 1457 3336 esse
1472 3289 1525 3334 re·
1565 3267 1570 3276 ’

290 3382 459 3460 gularum
475 3379 678 3442 observatio
693 3378 715 3442 ¹.
733 3378 836 3458 Quod
851 3380 989 3444 initium
1004 3381 1110 3445 fuerit
1125 3381 1247 3445 datum
1259 3379 1417 3459 Collegio
1428 3377 1524 3442 Mon·

290 3488 399 3560 tiliae,
417 3485 564 3549 inferius
579 3484 716 3548 dicetur
730 3483 753 3544 ⁸.

358 3591 447 3656 1450.
491 3591 724 3655 Interdixerat
749 3593 946 3674 Episcopus
983 3591 1222 3657 Cordubensis
1251 3593 1413 3658 omnibus
1445 3609 1526 3655 con-

294 3699 539 3763 cionatoribus
554 3699 709 3762 omnium
724 3698 894 3763 Ordinum
911 3717 954 3762 ne
969 3700 1045 3762 sine
1066 3717 1129 3764 sua
1152 3700 1322 3764 facultate
1342 3701 1528 3781 quisquam

294 3809 579 3882 concionaretur,
597 3805 689 3886 quod
705 3805 900 3869 Concilium
915 3807 1160 3871 Tridentinum
1176 3806 1188 3838 ⁴
1202 3808 1387 3889 Episcopis
1404 3823 1529 3870 conce·

293 3914 380 3978 dere
396 3913 547 3990 diceban
566 3922 694 3975 etcum
711 3913 833 3992 reliqui
853 3913 1005 3978 Ordines
1025 3915 1275 3994 religiosorum
1294 3931 1332 3977 se
1351 3914 1530 3994 Episcopo

293 4021 331 4084 in
343 4037 384 4083 ea
398 4029 499 4101 parte
511 4019 767 4096 submitterent,
782 4019 845 4084 Dr.
859 4019 1003 4098 Torres,
1018 4031 1101 4084 tunc
1116 4021 1361 4094 Prouincialis,
1378 4029 1531 4084 tantum·

296 4128 378 4191 dem
392 4126 486 4206 fecit,
504 4133 538 4188 et
553 4126 684 4190 nostris
699 4126 903 4190 facultatem
917 4128 1135 4209 impetravit,
1153 4147 1217 4193 nec
1233 4129 1344 4210 potuit
1355 4127 1393 4191 P.
1406 4127 1531 4192 Busta·

294 4241 413 4296 mante
436 4233 538 4295 aliter
560 4233 764 4312 procedere,
791 4237 874 4314 quia
896 4235 972 4298 siue
998 4235 1166 4316 Episcopi
1188 4236 1356 4299 facultate
1375 4236 1412 4298 iu
1432 4237 1532 4298 nullo

293 4340 424 4420 templo
440 4339 538 4402 urbis
550 4339 737 4419 quisquam
749 4341 794 4403 ad
807 4341 1090 4406 concionandum
1104 4343 1365 4407 admittebatur.
1378 4341 1533 4406 Difficile

337 4579 344 4611 ¹
373 4577 448 4625 Num.
458 4579 519 4624 lm.

335 4651 347 4680 ’
375 4649 442 4694 Vlde
453 4663 540 4706 supra,
552 4658 571 4696 t.
582 4662 619 4706 nr,
629 4663 689 4707 pag.
698 4653 733 4706 40,
743 4665 769 4697 n.
781 4653 815 4706 ta,
828 4661 915 4700 annot.
927 4659 950 4700 t.

336 4721 348 4754 ¹
375 4721 452 4766 Num.
468 4723 519 4766 1455
528 4733 555 4766 et
566 4723 626 4766 1⁴81.

336 4794 349 4827 ⁴
375 4793 444 4840 Seu.
457 4793 488 4850 V,
501 4793 539 4838 De
550 4795 762 4852 Reformatione,
772 4809 829 4854 cap.
840 4809 865 4843 n.
