3717 5400
9 10 529 144 --ιΓ

676 551 678 556 .
729 504 835 564 *Aa
858 504 928 564 1555
1429 501 1468 566 49

232 657 345 718 unum
358 653 417 716 vel
431 653 581 716 alterum
596 669 642 716 ex
655 651 711 715 his
723 653 911 716 tormentis
928 651 938 683 ¹
952 651 1007 714 'ibi
1025 651 1203 716 viderunt:
1221 661 1260 716 et
1277 647 1370 732 iude,
1386 663 1468 733 post

234 761 370 842 aliquot
381 770 536 840 tempus,
551 775 661 822 unum
685 757 820 822 scilicet
843 759 902 821 vel
926 744 1079 822 alterum
1104 774 1248 839 mum,
1273 759 1409 841 aliquis
1423 776 1469 826 ex

233 867 306 932 illis
319 865 402 930 huic
414 883 510 930 novo
524 864 686 929 Pontifici
707 863 851 945 [retulit]
871 865 968 946 quod
982 881 1084 928 arma
1097 865 1146 928 ibi
1159 867 1240 929 visa
1255 865 1408 930 fuerant.
1425 865 1470 931 Et
1496 868 1499 877 '

236 974 342 1039 facile
357 991 403 1038 ex
417 989 459 1036 eo
474 971 678 1036 confirmari
692 972 821 1052 poterit
835 969 878 1035 P:
889 971 1206 1052 ignatiisententia
1216 981 1252 1036 et
1264 974 1471 1037 constitutio

236 1079 284 1145 de
298 1079 543 1144 saecularibus
554 1078 709 1159 hospitio
723 1095 795 1142 uon
805 1077 1044 1158 admittendis,
1060 1079 1187 1143 saltem
1197 1081 1292 1143 nitra
1303 1081 1470 1145 triduum.

300 1187 351 1251 98.
398 1185 474 1250 Hoc
499 1187 607 1250 etiam
631 1202 725 1249 anno
745 1183 942 1265 injunctum
953 1169 1023 1249 f'nit
1048 1186 1085 1248 P.
1111 1185 1240 1265 Ignatii
1263 1187 1418 1264 nomine,
1434 1197 1474 1252 ut

237 1297 278 1360 in
291 1295 444 1374 singulis
458 1293 655 1374 prouinciis
668 1291 783 1355 nostri
797 1292 957 1371 linguam
966 1292 1064 1356 illam
1086 1292 1271 1357 addiscere
1291 1304 1472 1373 curarent,

238 1402 385 1484 quaein
399 1401 525 1464 eadem
544 1399 730 1479 provincia
753 1399 947 1462 vernacula
961 1407 1066 1476 esset,
1082 1399 1121 1463 nt'
1139 1399 1298 1464 initalia
1316 1401 1475 1465 italicam

239 1519 279 1574 et
292 1510 331 1573 iu
344 1507 464 1572 Gallia
474 1507 653 1587 gallicam.
666 1505 711 1569 Et
720 1505 857 1570 Romae
864 1503 970 1585 jussit
978 1508 1253 1586 grammaticam
1263 1508 1405 1572 italicae
1415 1509 1477 1572 lin·

239 1633 338 1696 guae
352 1613 694 1696 quotidie'praelcgi,
715 1621 754 1676 ut
775 1613 967 1676 multarum
985 1613 1169 1677 nationum
1187 1615 1359 1694 homines,
1376 1629 1477 1695 prae·

239 1723 368 1788 sertim
382 1721 521 1798 novitii,
537 1720 599 1801 qui
613 1720 707 1784 domi
722 1729 868 1783 nostrae
881 1719 1134 1800 probabantur,
1158 1722 1225 1784 hoc
1244 1721 1378 1786 idioma
1392 1721 1475 1786 saci-

243 1831 314 1894 lius
329 1828 555 1894 addiscerent
569 1823 591 1887 ¹.

307 1935 358 2000 99.
403 1933 575 1999 Omnibus
589 1935 696 1998 etiam
714 1933 975 2014 praescriptum
999 1933 1077 2013 fuit,
1103 1952 1264 2016 nequem
1278 1935 1480 2017 Principem

242 2045 481 2117 saecularem,
496 2051 557 2106 aut
571 2042 863 2120 ecclesiasticum,
879 2043 938 2106 vel
953 2041 1062 2108 alium
1076 2043 1237 2124 quemvis
1253 2043 1407 2108 amicum
1421 2060 1479 2107 ex·

242 2152 399 2216 citarent
414 2151 458 2214 ad
476 2151 629 2230 aliquem
644 2150 687 2213 de
708 2147 884 2214 Societate
899 2167 920 2212 a
946 2149 1153 2230 Praeposito
1178 2149 1345 2214 Generali
1363 2160 1481 2231 postu·

242 2255 404 2337 landum,
421 2258 490 2321 nisi
503 2257 602 2338 prius
617 2259 777 2320 consulto
789 2267 824 2320 et
835 2256 1054 2338 approbante
1066 2257 1190 2320 eodem
1204 2257 1382 2336 Generali;
1396 2272 1483 2321 nam

247 2365 393 2454 occasio
405 2365 555 2429 dabatur
565 2363 764 2443 hujusmodi
775 2365 861 2427 viris
869 2363 1099 2428 offensionem
1107 2365 1263 2444 aliquam
1271 2381 1359 2443 erga
1367 2363 1483 2429 Socie-

248 2481 362 2536 tatem
376 2471 610 2552 concipiendi,
623 2471 655 2534 si
664 2471 713 2550 hi,
727 2487 816 2551 quos
828 2468 1057 2552 postulabant
1068 2464 1189 2535 adens
1201 2471 1301 2535 missi
1315 2489 1387 2535 non
1400 2471 1484 2534 fuis·

248 2590 343 2646 sent.
360 2579 404 2644 Et
419 2590 538 2642 tamen
554 2578 589 2641 id
603 2595 710 2659 saepe
731 2578 893 2642 accidere
914 2564 1069 2658 poterat,
1080 2578 1111 2640 si
1125 2578 1235 2658 aliqui
1250 2578 1418 2659 postulati
1432 2577 1483 2641 fu·

249 2689 374 2767 issent,
392 2673 542 2769 quorum
558 2704 666 2768 opera
681 2687 797 2767 magis
812 2693 905 2751 esset
919 2685 1004 2750 alibi
1018 2686 1222 2750 necessaria
1235 2684 1260 2748 ⁸.
1333 2680 1336 2689 '
1418 2692 1421 2696 “

246 2844 251 2851 .
313 2794 358 2859 Et
373 2796 462 2861 haec
478 2796 521 2859 de
537 2796 642 2859 domo
659 2804 693 2860 et
708 2796 868 2875 collegiis
879 2792 1050 2859 Romanis
1063 2812 1107 2858 ac
1123 2796 1167 2858 de
1182 2796 1260 2875 ipso
1275 2794 1485 2876 Praeposito

249 2904 424 2967 Generali
439 2904 510 2966 sint
526 2902 635 2966 dicta.
1341 2912 1354 2919 ·’

579 3435 642 3501 DE
664 3434 934 3501 TYBURTINO
955 3436 1189 3501 COLLEGIO

325 3865 392 3930 100.
435 3865 604 3930 Praeerat
616 3864 774 3942 Collegio
786 3864 815 3926 T
817 3864 984 3942 yburtino
995 3862 1257 3929 P.Laureutius
1268 3851 1492 3940 Cavalerius,

252 3986 294 4040 et
310 3976 401 4038 alter
415 3974 583 4037 sacerdos
602 3972 640 4035 P.
662 3971 788 4035 Petrus
807 3969 969 4034 Prudene
989 3988 1070 4035 cum
1085 3972 1197 4036 tribus
1220 3972 1414 4050 fratribus;‘
1430 3975 1491 4060 qui

254 4099 396 4159 oroneo,
412 4080 567 4161 quinque
582 4081 639 4143 vel
654 4096 718 4141 sex
733 4094 881 4144 numero
895 4075 919 4152 ⁴,
935 4078 1048 4141 variis
1061 4080 1301 4160 unusquisque
1320 4078 1446 4146 officiis
1459 4091 1495 4145 et

253 4188 499 4255 functionibus
515 4195 709 4267 occupatus
724 4195 812 4249 erat.
826 4182 917 4248 Nam
929 4183 967 4248 P.
981 4186 1204 4266 Laurentius,
1219 4188 1397 4268 partimin
1411 4206 1495 4253 con·

301 4396 310 4426 ¹
342 4394 531 4448 Arquebusum.
543 4404 588 4437 seu
599 4395 789 4439 arcumbusum.

301 4468 314 4498 ¹
344 4464 410 4509 vlde
422 4464 518 4509 Canas
528 4466 562 4509 de
573 4462 901 4519 Sunlgnaclo,t.v1.pat.
912 4466 939 4509 9t
951 4472 978 4509 et
987 4464 1038 4509 too.

303 4537 316 4566 ³
344 4534 410 4580 Vlde
423 4535 561 4580 curtando
572 4536 756 4589 santonacio,
767 4540 786 4579 t.
797 4546 833 4585 vt.
845 4548 906 4590 pag.
917 4538 955 4582 85.
1368 4562 1370 4568 ι
1479 4560 1482 4576 ,

303 4610 317 4641 ⁸
346 4606 415 4651 Vere
425 4608 474 4653 duo
489 4609 639 4654 sacerdotes
650 4614 674 4651 et
687 4614 741 4651 tres
752 4606 850 4653 iratres
863 4609 975 4663 quinque
991 4616 1093 4655 tantum
1109 4616 1170 4656 sunt
1185 4610 1324 4666 Tyburtini
1340 4613 1451 4668 collegii
1465 4614 1503 4659 iu·

256 4683 348 4728 colae.
360 4680 405 4723 Ait
414 4686 501 4724 tamen
516 4680 640 4727 Poluueuo
650 4680 769 4733 quinque
779 4679 823 4727 vel
833 4690 890 4729 sex,
899 4682 962 4734 quia
970 4684 1123 4738 quaudoque
1132 4694 1183 4728 uno
1193 4686 1311 4729 alterove
1322 4684 1405 4730 Roma
1423 4688 1502 4732 mlsso

259 4753 379 4809 quinque
390 4751 427 4795 illi
436 4752 605 4806 juvabantur,
616 4758 644 4795 ut
655 4752 723 4795 lutra
734 4752 874 4797 videbitur.

414 4840 452 4895 Τ.
469 4858 496 4893 v.
1345 4869 1362 4916 4
