3717 5400
342 481 397 540 274
800 481 928 541 Cursor.
949 480 1027 540 Soc.
1048 481 1120 554 ths.

341 638 376 690 et
392 626 538 702 litteras,
555 642 644 705 quas
658 623 749 705 Regi
763 623 1004 689 Romanorum
1019 624 1062 687 de
1077 643 1120 688 eo
1140 625 1334 703 scripserat
1351 622 1377 702 ¹,
1394 634 1430 688 et
1452 623 1489 687 P.
1507 623 1577 687 La·

340 751 458 814 noyus
472 733 649 814 Episcopo
662 732 876 810 Labacensi,
902 733 1025 796 scribit
1048 731 1085 795 P.
1102 731 1240 796 Natalis
1254 733 1353 796 illum
1367 731 1574 804 recessisse,

340 842 401 920 qui
415 857 480 904 sua
495 839 657 904 doctrina
677 838 855 904 inficiebat
873 843 896 900 ¹.
914 838 1139 902 Provocatus
1152 839 1296 919 quidem
1309 838 1427 902 suerat
1441 837 1575 902 addis·

341 949 571 1030 putationem,
588 946 651 1010 sed
665 946 723 1010 ille
737 946 807 1010 hoc
823 955 1006 1012 certamen
1019 947 1284 1010 detrectaverat
1299 943 1323 1009 ³.

399 1056 471 1118 757.
513 1053 667 1134 Reliquit
682 1053 790 1116 etiam
804 1053 1078 1117 instructionem
1092 1053 1347 1116 viennensibus
1370 1051 1414 1114 de
1434 1051 1572 1115 ratione

341 1161 584 1226 vniversitatis
603 1161 712 1239 illius,
733 1160 828 1240 quod
849 1161 895 1224 ad
915 1161 1189 1242 philosophiam,
1212 1160 1431 1239 theologiam
1450 1169 1487 1222 et
1510 1159 1574 1222 lin·

339 1285 431 1348 guas
448 1269 584 1344 attinet,
602 1268 773 1348 paulatim
787 1266 947 1347 Collegio
964 1277 1086 1332 nostro
1102 1266 1348 1348 applicandae,
1365 1277 1404 1329 ut
1424 1266 1469 1328 ab
1490 1266 1575 1329 hae·

339 1376 530 1439 reticorum
545 1373 785 1455 professorum
806 1375 970 1438 manibus
985 1375 1154 1437 lectiones
1173 1382 1472 1454 extorquerentur
1486 1371 1511 1431 ⁴.
1527 1373 1574 1438 Et

338 1482 392 1545 sic
407 1481 512 1546 rebus
526 1481 744 1562 compositis,
762 1479 946 1560 VenetiaS,
963 1492 1002 1544 ut
1017 1481 1180 1560 superius
1194 1480 1328 1544 dictum
1351 1491 1404 1544 est
1419 1478 1444 1553 ⁸,
1460 1479 1570 1544 venit.

854 1783 1066 1791 *-

398 2017 468 2082 758.
515 2019 551 2082 Ρ.
566 2015 752 2082 Salmeron
765 2015 881 2080 Roma
896 2016 1077 2096 proiectus
1090 2027 1146 2078 est
1158 2015 1230 2080 27.Ε
1243 2016 1345 2099 Julii,
1362 2025 1400 2080 ut
1419 2018 1456 2080 in
1470 2017 1572 2081 Polo·

339 2125 434 2193 niam
460 2124 639 2189 Nuncium
663 2123 916 2204 Apostolicum
936 2122 1168 2186 comitaretur
1188 2120 1223 2201 ⁰3
1246 2131 1281 2185 et
1302 2139 1430 2204 parum
1448 2123 1572 2199 abluit,

337 2232 435 2312 quin,
459 2249 569 2311 prope
591 2230 794 2307 Perusium,
821 2230 858 2292 in
881 2246 1010 2292 manus
1034 2230 1212 2308 gallorum
1237 2229 1425 2308 incideret,
1452 2231 1573 2310 quiin

338 2354 427 2417 agro
443 2337 591 2401 Senensi
606 2338 722 2401 adhue
740 2337 981 2400 versabantur
993 2346 1027 2399 et
1038 2353 1119 2398 eum
1130 2338 1418 2416 exploraverant;
1435 2337 1498 2400 sed
1508 2355 1573 2418 per

336 2454 474 2508 montes
489 2443 671 2521 deductus
688 2459 813 2507 eorum
828 2442 952 2507 fefellit
967 2442 1188 2522 diligentiam
1203 2442 1225 2506 ⁷.

396 2552 468 2615 759.
510 2551 712 2631 Augustam
735 2551 880 2614 demum
906 2548 918 2580 ⁸
944 2550 1119 2630 pervenit,
1145 2549 1205 2613 ubi
1229 2566 1357 2630 parum
1381 2549 1572 2614 admodum

334 2669 597 2739 commoratuS,
626 2658 676 2723 7.⁸
704 2657 760 2722 die
788 2656 1006 2738 Septembris
1041 2673 1122 2721 cum
1150 2655 1327 2738 Episcopo
1357 2657 1571 2737 Veronensi,

377 2864 385 2898 ¹
415 2862 482 2907 Vide
491 2874 579 2917 supra,
590 2874 649 2917 pag.
658 2862 707 2915 au,
718 2873 743 2905 n.
753 2861 803 2906 69t.

376 2936 387 2968 ¹
415 2934 466 2989 Sic;
475 2940 504 2978 at
515 2934 677 2978 desideratur
688 2935 797 2977 verbum
808 2934 902 2977 urbem
912 2940 958 2977 aut
969 2934 1030 2988 quid
1040 2934 1132 2978 simile.

376 3006 387 3039 ⁸
414 3006 587 3065 intelligenda
597 3006 663 3049 haec
674 3005 796 3049 videntur
806 3005 837 3048 de
850 3005 939 3048 altera
953 3006 1137 3059 disputatione.
1148 3006 1258 3051 forsitan
1271 3017 1330 3049 cum
1344 3005 1372 3049 P.
1383 3006 1482 3059 Natali,
1497 3006 1571 3061 cuivs

335 3080 465 3127 adveubrs
481 3081 507 3122 in
523 3080 579 3122 dies
595 3078 792 3131 expectabatur,
810 3076 940 3130 habenda;
955 3088 1016 3121 nam
1033 3076 1113 3121 allam
1128 3078 1182 3131 jam
1200 3088 1258 3122 cum
1275 3078 1307 3121 P.
1320 3077 1424 3122 Csnlsio
1441 3078 1571 3121 habuerat

335 3150 459 3203 Phauser,
470 3151 501 3193 de
512 3162 563 3204 qua
573 3150 627 3201 ipse
639 3148 756 3193 Phauser
766 3148 807 3190 “¹3
817 3147 905 3192 Martii
917 3149 971 3192 1555
980 3148 1098 3191 Viennae
1109 3149 1231 3193 narravit
1241 3149 1393 3202 Blaboslao,
1404 3150 1516 3193 fratrum
1524 3150 1571 3192 bo-

333 3224 467 3269 hemorum
478 3222 603 3266 ministro.
614 3221 662 3273 Qui
678 3220 720 3264 “lu
733 3220 859 3273 publica„
872 3220 965 3274 iuquit,
975 3221 1164 3274 “disputatione
1174 3232 1232 3264 cum
1242 3220 1347 3265 Canislo
1357 3222 1389 3265 de
1404 3221 1571 3265 invocatione

334 3293 489 3339 Sanctorum
499 3294 565 3338 hanc
577 3293 717 3337 tollendam
728 3302 786 3335 esse
799 3293 873 3335 velut
884 3294 995 3336 abusum
1005 3294 1112 3337 volebat
1127 3291 1298 3337 Sebastianus
1308 3292 1451 3337 Fauserus.
1466 3294 1573 3338 Citam

333 3374 374 3411 est
384 3368 456 3411 locus
465 3367 604 3420 Augustini
615 3366 756 3409 multorum
765 3375 881 3418 corpora
894 3364 949 3408 siue
961 3365 1086 3419 reliquias
1096 3376 1253 3410 veneramur
1262 3365 1288 3409 in
1299 3366 1386 3418 terris,
1399 3376 1509 3419 quorum
1518 3365 1573 3410 aul-

334 3451 392 3484 mae
408 3448 468 3483 sunt
485 3440 553 3492 apud
573 3438 681 3489 inferos,
699 3438 806 3489 negavit
825 3435 945 3480 canisius
963 3436 1105 3490 Augustini
1123 3448 1180 3481 esse
1195 3437 1293 3481 dictum
1315 3437 1361 3481 sed
1377 3438 1569 3492 subpactum,

334 3510 547 3564 Banursaeuona,
555 3512 570 3553 l,
580 3520 611 3561 c.,
618 3510 660 3564 qui
671 3509 743 3559 haec.
752 3516 840 3552 annot.
850 3508 865 3550 3
876 3508 982 3560 ,subdiu
993 3508 1161 3552 “Blahoslaus
1169 3509 1261 3553 scribit
1269 3509 1430 3553 Phanserum
1439 3510 1504 3553 haec
1512 3512 1571 3553 sub·

331 3582 453 3627 insusse:
470 3582 549 3627 “item
559 3594 617 3625 cum
633 3582 665 3625 D.
679 3580 787 3624 Nicoiso
803 3579 928 3623 Gaudano
944 3578 969 3623 in
986 3580 1109 3624 convivio
1123 3581 1212 3624 multis
1228 3581 1326 3624 contuli
1342 3587 1370 3625 et
1385 3582 1518 3635 disputavi
1535 3582 1567 3625 de

331 3653 490 3699 Ceremonlls
501 3660 526 3697 et
536 3656 658 3697 abusibus
669 3653 694 3696 iu
705 3650 847 3705 Ecclesia„
857 3650 964 3699 (Fontes
973 3662 1062 3695 rerum
1070 3652 1278 3705 Austriacarum,
1290 3653 1304 3695 2
1314 3653 1404 3705 Abth..
1414 3664 1461 3696 xix
1471 3652 1567 3707 [wien.

333 3724 402 3779 18591,
414 3724 576 3779 134,.-Ηιιιε
585 3732 672 3769 autent
680 3722 796 3767 alteram
806 3723 1010 3777 disputationem
1017 3724 1129 3767 innuisse
1138 3722 1388 3768 videturSaccuntus
1394 3725 1491 3778 verbis,
1500 3735 1568 3779 qaae

330 3808 419 3852 supra.
430 3805 518 3841 annot.
529 3797 550 3839 3.
564 3796 597 3839 ad
607 3808 632 3839 n.
642 3796 689 3848 755,
700 3794 844 3839 retulimus.

375 3870 386 3901 ⁴
412 3868 479 3912 Vide
490 3878 576 3922 supra,
586 3879 647 3922 pag.
658 3867 707 3919 269,
717 3878 741 3911 u.
752 3867 801 3910 7t7.

374 3938 385 3971 ὅ
413 3939 476 3993 Peg.
488 3940 534 3990 1⁶9,
544 3940 621 3983 utin.

371 4007 385 4041 θ
412 4010 534 4067 Aloysius
546 4010 709 4063 Lipomanus,
720 4010 880 4053 Veronensis
891 4009 1045 4065 Episcopus,
1062 4010 1173 4054 Nuntius
1185 4011 1350 4065 Apostolicus
1365 4010 1391 4053 in
1407 4010 1542 4053 Polouiam
1555 4019 1571 4051 a

333 4081 413 4127 Paulo
424 4080 460 4125 lV
470 4083 571 4131 missus.
583 4082 682 4135 aliquot
693 4089 753 4125 ante
764 4082 854 4125 diebus
865 4092 943 4135 quam
954 4082 983 4125 P.
994 4081 1138 4134 Sulmerou,
1151 4081 1233 4126 Roma
1242 4083 1364 4134 excessit,
1375 4081 1495 4125 fortassis
1504 4086 1571 4124 ante

330 4154 399 4197 diem
408 4160 510 4198 sextam
521 4154 589 4206 Julii.
601 4152 640 4197 Ea
652 4155 719 4197 enim
730 4154 772 4196 die
784 4154 839 4206 ipae
850 4152 971 4197 Pontifex
980 4155 1090 4199 Alberto
1101 4154 1233 4199 Bavariae
1242 4153 1308 4198 Ducl
1316 4154 1432 4197 scribens
1441 4154 1488 4196 alt:
1496 4152 1570 4195 “cuns

331 4226 475 4270 Nobilitate
484 4231 536 4272 tua.
549 4232 636 4269 nostro
647 4226 757 4277 nomine,
768 4235 858 4268 corum
869 4226 951 4268 etiam
963 4232 1025 4279 aget
1036 4226 1201 4270 Venerabilis
1211 4224 1321 4269 Fratrer
1331 4225 1455 4281 Aloysius
1464 4224 1571 4278 Episco

332 4308 380 4351 pus
389 4296 555 4348 Veronensis,
566 4297 607 4341 cui
618 4298 643 4341 ln
657 4298 786 4341 Poloniam
800 4304 891 4340 nostro
909 4304 936 4340 et
947 4297 1021 4342 Sedis
1032 4298 1202 4352 Apostolicae
1217 4297 1314 4341 Nuuclo
1330 4308 1346 4341 a
1361 4296 1434 4341 uobis
1449 4296 1533 4339 misso
1543 4295 1571 4339 in

328 4369 462 4413 mandatis
471 4369 596 4413 dedimus
608 4374 636 4412 ut
647 4370 732 4413 isthac
744 4368 794 4412 lter
807 4369 948 4421 laceret...„
959 4369 1104 4417 Raunnuor.
1114 4370 1210 4413 Annul.
1221 4368 1381 4419 Eccles.‚an.
1392 4368 1450 4417 1555.
1460 4380 1485 4412 n.
1494 4376 1570 4411 xtrv.

332 4440 418 4493 Quare
429 4442 510 4485 verba
521 4441 586 4485 haec
597 4440 704 4485 Polancl
716 4443 745 4483 ut
756 4439 894 4483 Ntmcium
909 4440 1090 4494 Apostolicum
1100 4442 1129 4484 in
1140 4441 1281 4485 Potoniam
1289 4442 1465 4485 comitaretur
1476 4440 1574 4483 intelll-

330 4510 416 4565 genda
426 4518 485 4554 sunt
495 4512 532 4554 sic
544 4514 573 4553 ut
581 4511 666 4555 Roma
677 4511 817 4567 profectus
826 4511 972 4563 Nuntium,
982 4514 1027 4555 ubi
1037 4512 1132 4564 suerit,
1140 4516 1295 4557 conueniret
1303 4504 1416 4567 euinque
1424 4512 1566 4556 Poloutant

330 4592 416 4635 usque
427 4584 612 4633 comitaretur,
623 4584 689 4637 quod
700 4584 788 4637 etipse
803 4584 929 4627 Polancus
940 4585 1005 4627 satis
1016 4584 1114 4627 indicat
1124 4597 1149 4627 n.
1160 4596 1213 4639 seq.

374 4652 385 4683 '¹
414 4654 594 4697 Dimicabatur
605 4655 688 4698 adbuc
700 4655 780 4699 armis
790 4657 876 4708 gallos
887 4656 955 4700 inter
966 4663 992 4698 et
1002 4656 1123 4710 hispanos
1134 4658 1164 4699 de
1176 4657 1283 4701 Senensi
1293 4658 1414 4702 dominio.

372 4726 385 4759 ⁸
412 4726 461 4770 20.¹
472 4728 591 4780 Augusti.
605 4726 671 4770 Vide
682 4728 757 4773 inira.
767 4736 855 4769 annot.
868 4738 929 4781 seq..
942 4728 1022 4781 ipsius
1030 4726 1189 4773 Salmeronis
1200 4731 1294 4773 verba.
