3717 5400
378 474 435 534 350
840 475 969 536 Cunus.
990 473 1067 533 Soc.
1088 473 1158 544 Jns.

381 619 419 682 P.
435 618 582 682 Pontius
597 619 726 684 confici
742 620 894 684 curavit.
917 620 999 700 ipsa
1021 617 1266 683 Communitas
1288 617 1430 681 Patrem
1448 615 1614 680 Pontium

381 726 614 790 mediatorem
629 727 806 802 effecerat,
823 729 883 808 qui
898 745 978 790 cum
994 727 1185 792 Cardinale
1199 743 1276 789 rem
1290 724 1478 804 transegit.

440 834 511 897 945.
555 832 720 898 Castrum
738 833 745 865 ¹
762 834 843 898 inde
857 821 1045 914 venerusst,
1057 835 1118 897 ubi
1129 833 1329 898 Cardinalis
1340 833 1477 896 litteras
1489 831 1535 894 ad
1546 831 1611 894 Re·

381 958 465 1022 gem
479 940 647 1004 Poloniae
663 943 805 1022 scripsit
826 943 862 1005 in
884 942 1228 1006 commendationem
1253 940 1369 1003 Patris
1393 938 1608 1016 Bobadillae,

381 1049 453 1129 qui,
470 1050 614 1112 vivente
629 1047 721 1130 Julio
737 1048 795 1127 ΙΙΙ,
813 1065 893 1112 cum
908 1048 1111 1112 Veronensi
1124 1049 1302 1128 Episcopo
1318 1046 1510 1111 mittendus
1520 1055 1609 1125 erat,

376 1156 545 1236 quamvis
561 1156 626 1219 sub
641 1154 752 1218 Paulo
768 1154 817 1219 IV
833 1154 909 1235 ejus
924 1158 1004 1219 loco
1019 1154 1059 1218 P.
1075 1154 1260 1219 Salmeron
1274 1170 1318 1216 eo
1338 1153 1520 1234 profectus
1538 1151 1610 1215 lue·

378 1263 425 1325 rit
449 1261 473 1321 ¹.
499 1262 552 1326 Ibi
576 1263 684 1325 etiam
709 1281 833 1343 pacem
861 1263 984 1340 aliam,
1009 1281 1081 1326 non
1107 1263 1237 1342 exiguo
1264 1279 1347 1324 cum
1369 1260 1506 1338 fructu,
1534 1259 1610 1322 Deo

376 1369 536 1448 juvante,
568 1371 752 1433 conciliari
778 1369 817 1432 Ρ.
837 1367 985 1434 Pontius
1008 1370 1158 1433 curavit.
1180 1368 1339 1432 Montem
1364 1370 1474 1430 altum
1496 1365 1507 1396 ³
1530 1367 1611 1429 inde

379 1476 542 1556 proiecti,
568 1477 684 1556 primo
709 1477 766 1540 die
790 1475 909 1540 Martii
935 1477 1098 1540 triremes
1123 1476 1419 1554 conscenderunt,
1440 1485 1475 1537 et
1495 1475 1531 1536 in
1547 1491 1611 1536 sua

376 1582 578 1647 Cardinalis
593 1582 786 1646 Farnesius
801 1601 879 1646 esse
894 1584 1020 1662 voluit,
1037 1593 1075 1645 ut
1090 1584 1166 1663 ipse
1178 1581 1259 1662 joco
1275 1582 1426 1660 dicebat,
1448 1591 1497 1659 ut,
1520 1583 1611 1644 inter

379 1691 508 1752 multos
522 1707 594 1752 non
609 1692 708 1768 tales,
726 1691 809 1753 boni
825 1691 934 1771 aliqui
949 1701 1078 1754 essent.
1100 1688 1271 1770 Magnam
1285 1699 1320 1751 et
1335 1690 1561 1752 devotionem
1576 1697 1610 1750 et

379 1797 646 1860 venerationem
662 1813 799 1878 semper
815 1798 950 1860 nostris
965 1806 999 1860 et
1015 1798 1090 1878 ipse
1104 1809 1150 1875 et,
1174 1807 1320 1879 propter
1334 1813 1427 1874 eum,
1448 1795 1507 1857 alii
1522 1795 1610 1858 clari

380 1904 450 1967 viri
463 1912 605 1966 nostros
620 1906 927 1984 prosequebantur
940 1919 947 1979 ;
965 1905 1057 1968 inter
1072 1922 1162 1985 quos
1177 1915 1266 1984 erat,
1282 1903 1327 1966 D.
1341 1902 1472 1966 Paulus
1487 1901 1609 1984 Jorda-

379 2027 447 2074 nus
462 2009 625 2086 Ursinus
643 2009 847 2074 Praefectus
859 2011 1047 2076 Generalis
1058 2014 1095 2076 in
1110 2011 1269 2090 Corsica,
1282 2029 1347 2092 pro
1362 2010 1460 2089 Rege
1472 2009 1609 2072 Galliae

377 2118 517 2180 iuturus
531 2115 554 2180 ⁴.
572 2116 728 2197 Septima
744 2119 801 2182 die
823 2119 944 2184 Martii
971 2119 1166 2183 Massiliam
1187 2136 1361 2199 prospera
1379 2117 1610 2196 navigatione

378 2235 630 2304 pervenerunt,
648 2243 728 2288 cum
744 2242 866 2289 omnes
881 2236 1024 2306 portum
1039 2216 1205 2290 Herculis
1221 2226 1244 2306 ⁸,
1257 2236 1292 2289 et
1302 2223 1363 2290 8.ss
1379 2223 1562 2300 Bouifacii‚
1575 2233 1610 2287 et

377 2331 495 2411 Ajacii
509 2329 531 2410 ⁶,
549 2348 591 2394 ac
606 2331 637 2394 T
638 2331 778 2395 olonis⁷
799 2332 870 2413 (qui
890 2350 1015 2396 omnes
1037 2333 1128 2414 Regi
1153 2333 1292 2397 Galliae
1318 2341 1402 2395 tunc
1426 2331 1609 2412 parebant)

379 2439 593 2517 attigissent.

437 2545 509 2608 946.
553 2544 642 2609 Cum
658 2556 777 2608 autem
797 2547 932 2610 Tolone
953 2546 1151 2610 Massiliam
1173 2546 1390 2627 trajicerent,
1411 2547 1534 2610 ultimo
1554 2547 1609 2608 die

378 2652 620 2731 navigationis
635 2653 779 2717 morbus
795 2653 940 2735 quidam
955 2655 1071 2735 (quem
1086 2655 1332 2718 schinanciam
1348 2653 1360 2683 ⁸
1375 2652 1519 2734 vocant)
1536 2663 1609 2716 tam

377 2760 538 2837 graviter
558 2760 596 2823 P.
617 2759 781 2824 Pontium
804 2762 1005 2841 opprimere
1028 2763 1155 2842 coepit,
1178 2775 1217 2825 ut
1239 2762 1431 2825 affirmaret
1451 2761 1609 2824 medicus

376 2875 528 2931 mortem
543 2869 611 2947 ipsi
626 2870 822 2948 imminere,
840 2868 869 2931 si
884 2870 1070 2949 navigatio
1085 2868 1217 2933 diutius
1229 2870 1411 2949 durasset;
1424 2870 1486 2933 sed
1498 2886 1608 2933 reme·

376 2974 448 3037 diis
463 2974 641 3054 adhibitis,
658 2976 869 3055 praesertim
883 2976 1059 3055 sanguine
1073 2977 1203 3039 emisso
1222 2985 1258 3039 et
1281 2994 1413 3056 magna
1432 2977 1608 3040 abstinen-

379 3080 444 3157 tia,
463 3082 658 3160 periculum
673 3082 758 3144 illud
774 3083 899 3145 evasit.
918 3081 1094 3145 Postridie
1108 3100 1215 3162 quam
1233 3084 1468 3163 pervenisset,
1487 3082 1609 3147 Cardi-

378 3187 470 3251 nalis
483 3187 513 3250 F
515 3189 677 3251 arnesius
691 3205 754 3268 per
769 3206 881 3270 equos
896 3189 1087 3269 dispositos
1107 3190 1330 3254 Avenionem
1346 3190 1527 3270 profectus
1540 3202 1606 3269 est,

416 3429 424 3460 ¹
455 3428 556 3479 Castro,
567 3429 646 3472 latine
657 3428 716 3472 aliis
728 3428 842 3481 Volscta,
854 3429 1021 3478 Valentlana.
1033 3428 1153 3474 Bisoncio
1163 3430 1275 3483 (Garrrsl.

415 3500 426 3532 ¹
453 3501 519 3543 Vide
530 3512 617 3554 supra.
629 3501 723 3554 pag-8,
734 3512 759 3544 n.
770 3500 791 3543 8.

415 3572 426 3603 ³
453 3572 593 3622 Montaiio.
602 3572 635 3615 ad
646 3572 752 3616 fiuvium
763 3572 854 3623 Flora,
864 3574 907 3627 qul
918 3584 969 3616 non
979 3574 1068 3626 procul
1081 3574 1105 3615 in
1118 3570 1332 3617 Mediterraneum
1345 3586 1416 3617 mare
1426 3576 1548 3618 mittitur.

415 3646 426 3677 ⁴
453 3642 505 3686 “En
518 3644 577 3689 1555.
589 3644 711 3695 Jourdaln
723 3644 769 3687 des
779 3644 871 3687 Ursins
885 3644 976 3691 (Paolo
991 3644 1124 3688 Glordano
1136 3644 1233 3696 Orsini)
1242 3648 1374 3699 remplaca
1390 3648 1414 3689 le
1429 3646 1563 3690 Marechal
1576 3647 1609 3689 de

374 3716 497 3759 Thermes
507 3715 572 3759 dans
582 3716 606 3759 lc
617 3716 839 3759 commandernent
849 3716 895 3759 des
910 3726 1016 3770 troupes
1031 3718 1174 3770 irancoiscs
1188 3729 1219 3759 en
1237 3717 1340 3769 Conse...
1350 3717 1473 3761 Histoire
1485 3720 1518 3762 rie
1534 3718 1609 3762 I'Isie

372 3788 406 3830 rie
416 3787 500 3838 curse,
509 3798 565 3841 cap.
574 3798 610 3839 ru,
620 3788 645 3831 in
654 3786 775 3830 Histoire
782 3789 970 3832 universalia...
979 3796 1029 3842 par
1040 3800 1092 3831 une
1099 3788 1203 3832 Societe
1210 3790 1243 3833 de
1251 3800 1316 3839 geris
1325 3790 1467 3841 interires,
1474 3796 1493 3834 t.
1501 3801 1609 3833 unul.

373 3858 434 3901 -rlt
444 3858 481 3901 Rc
492 3859 516 3901 dl
529 3858 640 3902 Francia
652 3871 666 3903 o
677 3862 716 3902 sia
727 3872 773 3914 per
785 3862 807 3902 le
819 3862 1113 3914 rappresentanzeiatte
1123 3861 1157 3903 de
1168 3860 1310 3915 Sampler03
1321 3873 1419 3915 oppurc
1427 3874 1475 3916 per
1485 3862 1608 3907 servime-

373 3942 403 3973 ne
414 3932 439 3974 ln
449 3932 517 3974 altre
527 3943 629 3985 guerre.
641 3943 655 3974 o
667 3931 813 3975 finalmente
824 3943 870 3985 per
881 3933 990 3986 qualche
999 3934 1105 3987 politico
1113 3932 1162 3976 fine
1172 3934 1297 3977 richiamo
1305 3934 1331 3976 ln
1341 3933 1455 3977 Francis
1464 3936 1483 3978 ii
1492 3934 1607 3985 Termes.

372 4002 507 4045 sacendovl
524 4003 656 4056 ripassare
674 4002 805 4047 Glordano
821 4002 922 4055 Orslno.
938 4003 986 4047 che
1002 4016 1069 4047 area
1085 4004 1129 4057 gia
1145 4004 1255 4058 compito
1266 4006 1283 4048 ll
1296 4011 1381 4059 tempo
1396 4016 1528 4059 promesso
1544 4008 1570 4050 ai
1585 4008 1609 4050 d·

371 4071 433 4117 Oria
444 4073 468 4116 dl
480 4084 528 4116 non
539 4075 735 4127 guerreggtare,
748 4076 813 4118 altor
822 4076 870 4119 elie
880 4076 949 4118 colla
963 4088 1010 4119 sua
1021 4077 1192 4129 guarnieioue
1202 4087 1229 4119 se
1240 4087 1272 4119 ne
1283 4076 1349 4119 dove
1366 4087 1475 4131 pessare
1491 4078 1518 4121 in
1528 4076 1610 4122 Fran·

371 4146 457 4189 cia.....
469 4144 496 4187 L'
507 4144 599 4188 Orsino
609 4146 726 4200 adunque
738 4148 771 4190 da
782 4146 871 4195 Roma.
881 4158 931 4190 ove
942 4149 1077 4191 trovavasl
1089 4148 1114 4191 in
1123 4148 1277 4201 comparata
1287 4148 1312 4191 di
1323 4148 1484 4193 Alessandro
1493 4148 1515 4192 F
1516 4159 1608 4194 arnese

372 4215 520 4269 Cardlnale,
531 4228 547 4259 a
559 4224 647 4260 tenore
659 4216 698 4260 dei
712 4217 784 4261 Reali
794 4218 922 4271 comandl,
939 4230 1017 4273 sopra
1032 4221 1056 4262 le
1071 4221 1161 4273 galero
1176 4220 1201 4262 dl
1218 4218 1311 4263 Baccio
1326 4218 1439 4263 Martelli
1455 4221 1571 4275 approdo
1583 4222 1608 4265 ln

371 4288 480 4342 Ajacclo
490 4290 514 4331 ai
525 4288 603 4343 primi
613 4288 638 4333 di
648 4288 744 4333 Marzo.
753 4290 922 4333 llCardinale
933 4292 975 4344 poi
986 4293 1108 4344 prosegnl
1120 4292 1137 4334 ii
1151 4290 1257 4344 viaggio
1267 4302 1314 4344 per
1324 4289 1482 4344 Marsiglia...
1493 4291 1607 4336 Cannia-

369 4370 404 4412 ot,
416 4359 514 4401 istoria
525 4360 554 4402 di
565 4359 731 4411 corsicana.
742 4372 786 4404 vn.
796 4361 941 4412 -Nonuum
958 4363 1017 4405 dum
1025 4362 1090 4406 haec
1106 4364 1238 4406 scribebat
1255 4362 1391 4413 Poiancus‚
1401 4364 1497 4407 clarus!
1518 4375 1609 4409 evase-

368 4438 412 4473 rat
421 4429 517 4473 Paulus
527 4430 655 4482 Jordanus
663 4433 761 4485 primae
773 4434 868 4484 uxorii.
878 4434 1016 4477 Elisabeth
1025 4435 1056 4477 de
1067 4434 1182 4489 Medicis,
1194 4436 1328 4479 occisione.

412 4500 423 4532 ὅ
452 4500 531 4543 Porto
542 4500 646 4551 Ercoie,
655 4503 681 4545 iu
691 4502 777 4555 Italia,
789 4504 922 4548 inditione
934 4514 995 4549 tunc
1007 4505 1126 4550 Senensi.

410 4570 423 4603 ὃ
451 4570 507 4615 San
518 4570 695 4627 Bonisacioet
708 4574 823 4629 AJaccio,
834 4584 924 4629 portus
936 4578 962 4621 in
973 4580 1058 4622 insula
1069 4578 1184 4623 Corsica.

411 4643 422 4674 ⁷
455 4644 552 4687 Touien
566 4654 691 4697 sur-mer,
702 4656 792 4699 portus
802 4646 904 4692 Galliae
916 4650 1078 4695 notissimus.

410 4716 422 4747 ⁸
451 4713 618 4767 Squinanaia
631 4717 726 4769 italice.
739 4721 922 4773 esquinancie,
932 4724 1035 4775 angina
1046 4724 1180 4778 hispanice
