3717 5400
369 455 425 516 654
827 453 955 514 Canos.
976 453 1052 514 Soc.
1072 453 1143 528 ths.

388 665 398 676 ,
434 601 522 667 1796.
566 599 637 682 Ipsi
657 601 808 681 gentiles
833 597 1115 664 aedificationem
1140 599 1362 680 accipiebant
1379 617 1452 664 non
1470 602 1600 666 medio-

371 727 469 774 crem
491 725 572 772 cum
593 709 762 789 populum
787 718 861 771 tam
882 709 1016 771 laetum
1036 724 1082 770 ex
1101 706 1257 770 adventu
1281 715 1484 772 nostrorum
1504 709 1600 774 vide·

370 826 462 890 rent;
479 827 514 879 et
528 815 595 879 luit
609 815 669 895 qui
684 815 731 879 ad
745 815 898 894 plateam
913 831 952 877 se
967 812 1165 890 conferens
1181 812 1367 877 duodecim
1381 814 1484 878 sedes
1494 817 1601 880 valde

371 922 580 988 commodas
605 932 749 1000 emeret,
769 933 809 985 ut
829 920 890 1001 qui
908 930 1082 985 venerant
1102 939 1148 984 ex
1167 921 1299 984 nostris
1317 921 1353 984 in
1371 923 1424 986 eis
1443 922 1602 988 sedendo

372 1031 676 1111 conquiescerent.
692 1027 762 1093 Sed
781 1046 863 1092 cum
877 1027 1155 1092 Constitutiones
1170 1036 1204 1091 et
1225 1027 1383 1107 Regulae
1397 1027 1597 1102 Societatis.

373 1139 419 1202 ab
433 1138 489 1201 his
503 1138 538 1200 in
560 1137 696 1200 Indiam
712 1138 853 1214 allatae,
869 1137 939 1200 hoc
954 1153 1049 1199 anno
1063 1135 1237 1216 publicari
1251 1147 1455 1215 coeperunt,
1471 1137 1601 1201 mirum

372 1255 506 1326 quanta
521 1245 689 1308 alacritas
703 1252 737 1308 et
752 1243 907 1308 aviditas
923 1242 932 1274 ¹
948 1243 1072 1306 adeas
1091 1241 1286 1306 audiendas
1304 1252 1339 1306 et
1357 1245 1602 1325 promptitudo

372 1352 419 1416 ad
433 1351 684 1417 observandas
693 1352 729 1414 in
743 1351 876 1415 nostris
891 1357 1098 1414 cerneretur
1117 1348 1140 1410 '.

435 1459 523 1522 1797.
567 1458 760 1538 Postquam
773 1458 907 1538 aliquot
918 1456 995 1520 dies
1005 1457 1297 1536 conquieverunt,
1310 1456 1354 1520 de
1365 1456 1492 1520 studiis
1502 1457 1602 1522 insti·

373 1566 515 1630 tuendis
529 1576 649 1629 actum
663 1577 728 1640 est,
741 1575 776 1628 et
787 1563 957 1628 lectiones
968 1563 1237 1644 grammaticae,
1253 1563 1391 1642 logicae
1406 1575 1440 1626 et
1452 1580 1601 1629 casuum

374 1672 616 1738 conscientiae
650 1672 830 1736 institutae
864 1671 1018 1735 suerunt.
1047 1670 1190 1734 Marcus
1221 1668 1370 1748 Nugnez
1403 1671 1601 1738 orationem

375 1780 512 1862 publice
538 1780 661 1844 habuit
688 1779 871 1842 nostruin
900 1779 1049 1859 templo,
1076 1794 1198 1841 coram
1222 1775 1392 1856 Pro-rege
1419 1788 1455 1841 et
1482 1781 1605 1843 multis

375 1887 552 1952 nobilibus
566 1904 609 1951 ac
623 1887 803 1966 religiosis
818 1883 878 1950 gn
897 1885 1078 1950 Dominici
1090 1895 1126 1948 et
1143 1882 1204 1948 Sil
1222 1883 1419 1960 Francisci,
1434 1902 1516 1948 cum
1530 1888 1604 1950 alio

375 2010 565 2058 numeroso
581 1995 721 2074 populo,
739 2009 808 2072 qua
825 1993 1000 2056 rationem
1015 1991 1143 2055 horum
1156 1991 1354 2055 studiorum
1370 1991 1552 2071 reddebat,
1567 2007 1603 2057 et

375 2100 585 2165 hortabatur
604 2099 766 2163 homines
785 2100 830 2163 ad
849 2098 942 2162 filios
960 2115 1045 2163 suos
1059 2098 1106 2162 ad
1124 2107 1198 2161 tam
1218 2097 1414 2162 studiosam
1432 2101 1605 2164 exercita-

376 2208 509 2271 tionem
534 2207 731 2270 litterarum
756 2205 959 2282 mittendos,
984 2215 1019 2268 et
1047 2205 1186 2268 abunde
1214 2205 1436 2268 auditoribus
1460 2207 1605 2272 satisfa-

376 2326 472 2380 ctum
487 2323 553 2378 est.

439 2419 527 2486 1798.
570 2419 666 2486 Idem
692 2419 835 2484 Marcus
856 2417 1005 2499 Nugnez
1029 2419 1166 2498 primae
1187 2419 1294 2482 classi
1315 2419 1516 2497 praefectus
1536 2433 1604 2501 est;

375 2527 415 2592 P.
431 2527 584 2593 Michael
599 2527 706 2592 Barul
721 2527 916 2600 secundae:
934 2529 1040 2607 paulo
1055 2537 1134 2606 post
1147 2525 1324 2608 Josephus
1337 2524 1349 2557 ⁸
1363 2527 1491 2591 tertiae
1504 2545 1605 2608 prae·

376 2635 547 2701 liciendus
558 2645 647 2714 erat;
660 2646 695 2701 et
707 2635 805 2699 initio
818 2645 960 2699 centum
974 2633 1179 2697 scholastici
1191 2633 1313 2696 venire
1324 2646 1528 2715 coeperunt,
1541 2638 1607 2703 sed

373 2742 448 2823 jam
474 2744 533 2807 alii
552 2754 659 2825 atque
684 2744 743 2807 alii
763 2742 935 2807 accedere
953 2760 998 2807 ex
1019 2742 1208 2823 praesidiis
1230 2742 1357 2805 vicinis
1376 2743 1604 2824 incipiebant.

378 2850 416 2913 P.
438 2848 616 2913 Antonius
636 2850 680 2913 de
705 2848 869 2929 Quadros
889 2860 971 2912 octo
989 2851 1049 2911 vel
1067 2866 1197 2911 novem
1214 2848 1386 2912 fratribus
1407 2868 1453 2913 ex
1472 2855 1610 2917 nostris

377 2974 459 3021 cum
474 2956 684 3035 quibusdam
699 2957 856 3020 externis
870 2957 1026 3036 logicam
1040 2956 1267 3036 interpretari
1282 2958 1410 3037 coepit.

356 3070 367 3091 ·
440 3064 528 3128 1799.
572 3063 640 3143 Qui
663 3076 783 3128 autem
808 3066 928 3142 legere
953 3062 1138 3127 discebant
1161 3070 1197 3126 et
1221 3064 1377 3127 scribere
1398 3068 1549 3130 trecenti
1570 3081 1609 3131 et

377 3172 531 3252 amplius
546 3181 659 3249 erant,
676 3183 710 3235 et
725 3188 849 3235 omnes
864 3188 1011 3235 numero
1026 3171 1073 3234 ad
1090 3170 1372 3252 quadringentos
1386 3182 1421 3236 et
1436 3173 1610 3254 quinqua·

377 3278 478 3355 ginta
502 3276 571 3341 hoc
596 3295 690 3341 anno
718 3276 947 3342 accedebant.
977 3276 1137 3357 Legebat
1161 3287 1348 3358 praeterea
1371 3278 1411 3342 Ρ.
1435 3278 1611 3347 Melchior

323 3444 329 3451 .
378 3385 537 3449 Carnero
551 3386 707 3465 quotidie
722 3386 854 3464 multis
871 3395 945 3449 tam
958 3386 1099 3449 clericis
1113 3402 1221 3466 quam
1234 3386 1348 3463 laicis,
1361 3387 1550 3452 lectionem
1561 3388 1609 3453 de

377 3493 522 3555 casibus
541 3494 791 3571 conscientiae,
809 3504 843 3557 et
864 3492 958 3557 idem
972 3492 1160 3556 dominicis
1174 3492 1299 3556 diebus
1319 3510 1362 3555 ac
1381 3492 1483 3559 festis
1501 3513 1611 3561 mane

377 3600 415 3661 in
439 3601 571 3680 templo
594 3608 718 3663 nostro
739 3600 1035 3664 concionabatur:
1063 3600 1204 3681 vesperi
1226 3601 1265 3665 Ρ.
1287 3600 1452 3679 Quadros
1472 3602 1611 3673 eisdem

378 3705 503 3771 diebus
518 3708 611 3771 idem
626 3708 843 3787 praestabat.

443 3812 531 3875 1800.
573 3813 613 3877 P.
626 3812 835 3879 Emmanuel
849 3814 1059 3879 Fernaudez
1072 3832 1154 3879 cum
1168 3816 1246 3896 ipso
1258 3814 1296 3879 P.
1308 3816 1463 3882 Rectore
1476 3819 1558 3883 aliis
1570 3822 1613 3885 in

378 3922 467 3985 locis
480 3922 801 4000 concionabantur;
817 3934 852 3987 et
867 3923 1033 4002 quamvis
1050 3924 1312 4003 praescriptum
1326 3924 1444 3988 fuerat
1457 3943 1480 3988 a
1493 3925 1534 3989 P.
1545 3928 1612 3993 Mi·

380 4045 478 4105 rone‚
495 4040 579 4092 tunc
593 4028 810 4093 Provinciali
825 4029 1077 4109 Portugalliae‚
1093 4038 1132 4093 ut
1146 4030 1226 4094 Gon
1241 4049 1312 4095 non
1327 4032 1534 4097 recederent
1548 4040 1614 4117 qui

380 4136 416 4197 in
431 4134 660 4217 Aethiopiam
675 4147 776 4200 erant
791 4136 997 4217 profecturi,
1012 4137 1241 4201 nihilominus
1255 4137 1293 4203 P.
1309 4139 1553 4222 Hieronymus
1565 4146 1616 4209 de

380 4240 523 4305 Cuenca
539 4242 612 4323 (qui
626 4244 715 4306 bene
737 4251 772 4306 et
792 4244 867 4323 ipse
882 4244 1174 4323 concionabatur)
1196 4246 1390 4311 Bazainum
1410 4249 1540 4313 missus
1553 4263 1614 4317 est

379 4351 460 4412 loco
476 4348 514 4411 P.
530 4348 715 4414 Francisci
730 4350 874 4429 Vierae‚
888 4352 948 4431 qui
963 4350 1124 4415 Tanaam
1143 4352 1342 4417 destinatus
1356 4355 1423 4419 fnit
1438 4367 1476 4420 ut
1490 4370 1616 4438 posset

422 4554 432 4585 ¹
460 4552 599 4597 Habilitas
609 4555 750 4609 scripserat
761 4567 898 4610 perperam
907 4558 1041 4603 librarius.

419 4622 433 4654 Ι
458 4622 526 4665 vide
536 4636 624 4679 supra,
635 4636 653 4668 t.
665 4638 700 4675 rr.
710 4638 770 4680 pag.
780 4628 827 4675 ¹¹62.
836 4639 853 4670 u
871 4628 922 4674 45.

421 4692 433 4725 ³
459 4692 585 4749 Josepltns
596 4696 708 4751 Rlbciro‚
717 4701 759 4743 vel
771 4698 878 4745 Duarte.
