3717 5400
804 527 868 588 Aa.
891 528 961 587 1555
1441 526 1498 587 529

304 674 394 739 1444.
437 674 517 757 Jam
532 674 577 738 ab
592 674 690 738 initio
702 673 805 754 hujus
821 674 905 736 anni
917 674 1092 752 agebatur
1104 673 1147 737 de
1159 673 1398 755 applicatione
1411 690 1495 755 quo·

261 780 428 847 rumdam
437 781 687 846 beneficiorum
701 781 745 844 ad
755 780 972 845 dotationem
981 780 1130 860 Collegii
1139 779 1390 851 Cordubensis,
1405 798 1496 862 quae

263 888 304 953 P.
321 889 498 953 Antonius
512 888 556 951 de
571 887 737 952 Corduba
757 906 802 951 ex
827 886 1088 968 permutatione
1107 904 1189 951 cum
1213 887 1368 967 quadam
1383 888 1496 969 digni·

265 1004 341 1060 tate
361 996 454 1059 iilius
468 994 641 1058 ecclesiae
663 995 699 1058 in
713 993 897 1058 Gallaecia
912 1003 1102 1074 acceperat
1119 998 1140 1072 ¹;
1158 1003 1288 1057 etcum
1307 1013 1326 1056 a
1342 994 1496 1060 Domino

265 1102 460 1167 Francisco
476 1102 519 1165 de
533 1100 677 1178 Tuledo,
695 1110 733 1163 ut
746 1102 907 1181 superius
919 1100 1084 1178 diximus,
1097 1100 1276 1181 quoddam
1288 1100 1497 1166 beneficium

266 1210 395 1275 locide
411 1210 579 1273 Petrocce
594 1207 606 1239 ¹
621 1218 810 1289 peteretur,
827 1208 921 1287 quod
937 1209 1063 1271 eratin
1079 1208 1243 1272 Dioecesi
1262 1206 1495 1289 Cordubensi,

258 1327 300 1381 et
315 1315 471 1397 ejusdem
488 1314 622 1379 reditus
642 1315 737 1377 aliud
757 1314 788 1377 ei
816 1314 1003 1377 offerretur
1028 1316 1065 1378 in
1080 1315 1367 1395 Composteilana
1393 1314 1497 1379 Dioe·

257 1426 348 1501 -cesi,
366 1423 489 1487 maluit
513 1422 589 1503 ipse
614 1420 657 1485 D.
686 1420 899 1485 Franciscus
920 1422 1030 1484 libere
1055 1422 1266 1487 beneficium
1292 1421 1388 1501 dare,
1407 1423 1497 1487 utin

259 1530 390 1595 eodem
406 1532 484 1593 loco
499 1528 690 1607 collegium
709 1528 921 1607 erigeretur;
938 1529 1002 1592 sed
1021 1528 1119 1592 Patri
1140 1528 1335 1593 Francisco
1355 1528 1497 1593 videba-

265 1648 324 1701 tur
338 1638 455 1716 magis
474 1636 640 1716 expedire
658 1644 697 1697 ut
716 1634 857 1717 cederet
877 1636 913 1697 in
933 1635 1152 1699 dotationem
1172 1635 1299 1699 domus
1319 1637 1498 1716 probatio·

261 1745 333 1825 nis,
350 1746 467 1808 insitu
483 1743 636 1824 quodam
651 1743 755 1806 vaide
776 1743 881 1820 bono,
903 1760 1008 1823 quem
1031 1742 1290 1806 Marchionissa
1310 1744 1354 1807 de
1370 1744 1500 1825 Priego

260 1852 404 1916 *civitati
417 1850 638 1915 Cordubensi
654 1851 688 1913 in
706 1867 807 1913 usum
823 1849 964 1928 collegii
976 1851 1090 1914 nostri
1101 1849 1248 1914 dederat
1262 1850 1286 1929 ³3
1300 1862 1335 1913 et
1347 1852 1428 1915 inde
1442 1870 1499 1933 po-

270 1968 360 2025 terat
375 1960 501 2040 aiiquis
517 1960 629 2021 lector
640 1962 675 2021 in
687 1960 803 2021 locum
814 1956 980 2020 Petrocce
993 1958 1094 2037 mitti,
1105 1958 1377 2039 quidoctrinam
1391 1960 1500 2024 etiam

269 2067 499 2131 christianam
515 2064 720 2145 explicaret;
738 2082 804 2127 nec
828 2064 924 2127 enim
949 2064 1117 2145 expedire
1140 2065 1327 2129 videbatur
1352 2075 1390 2128 ut
1405 2082 1449 2129 eo
1463 2068 1501 2130 in

268 2176 347 2239 loco
363 2173 551 2252 collegium
577 2171 833 2250 admitteretur,
861 2188 942 2235 cum
967 2173 1177 2252 praesertim
1198 2172 1380 2236 Montillae
1406 2175 1501 2239 aliud

268 2281 470 2346 essetbrevi
480 2281 729 2359 inchoandum,
744 2290 777 2343 et
786 2280 902 2361 potius
915 2279 1078 2343 deessent
1089 2281 1243 2360 operarii
1254 2281 1380 2345 adtam
1391 2283 1501 2346 multa

269 2388 419 2467 collegia
434 2387 561 2467 idonei,
580 2406 685 2468 quam
700 2388 967 2467 superfluerent,
988 2400 1028 2449 ut
1043 2388 1079 2449 in
1099 2388 1271 2451 similibus
1290 2388 1379 2452 locis
1399 2390 1501 2453 colle-

266 2496 329 2577 gia
344 2512 438 2558 nova
454 2496 735 2558 admitterentur.
753 2493 823 2558 Sed
838 2494 921 2559 dum
937 2494 1026 2557 baec
1041 2504 1252 2572 tractantur,
1277 2494 1380 2559 Senis
1398 2496 1501 2559 mori·

267 2615 328 2667 tur
342 2602 385 2665 D.
402 2602 617 2665 Franciscus
632 2599 654 2679 ⁴,
672 2614 706 2665 et
721 2602 788 2665 hoc
809 2601 1017 2665 beneficium
1034 2602 1069 2664 in
1090 2602 1180 2664 alias
1196 2619 1323 2665 manus
1344 2603 1500 2667 devenit.

313 2709 401 2773 1445.
445 2709 516 2774 Sub
532 2710 637 2774 finem
659 2721 778 2773 autem
797 2711 960 2788 aestatiS,
982 2726 1064 2772 cum
1085 2708 1221 2789 Regina
1237 2709 1503 2790 Portugalliae⁸

269 2820 307 2882 in
329 2835 431 2881 suurn
456 2816 713 2880 confessarium
739 2817 904 2896 elegisset
925 2815 1068 2880 Patrem
1084 2815 1310 2896 Torrensem,
1338 2818 1503 2883 Baeticae

271 2924 542 3003 Provinciaient,
562 2933 596 2986 et
615 2924 742 2987 litteris
762 2941 782 2986 a
803 2922 839 2986 P.
861 2922 1001 3002 ignatio
1026 2933 1061 2986 et
1086 2923 1123 2985 P.
1151 2923 1345 2988 Francisco
1371 2923 1504 3005 Borgia

264 3049 353 3096 eum
369 3032 434 3095 sibi
449 3033 664 3110 postulasset
678 3027 701 3107 ⁶;
719 3047 799 3094 cum
815 3031 947 3110 alioqui
963 3029 1000 3093 P.
1022 3029 1149 3109 Miron,
1171 3029 1422 3109 Provincialis,
1439 3049 1504 3095 suo

273 3139 425 3204 triennio
454 3136 681 3219 perfunctuS,
711 3153 957 3201 successorem
976 3139 1012 3200 in
1031 3139 1130 3201 curia
1152 3137 1362 3207 Provinciae
1384 3138 1503 3203 Portu-

270 3247 401 3327 galiiae
417 3253 599 3326 expeteret
612 3243 633 3324 ¹,
651 3244 781 3308 missus
793 3253 846 3307 est
861 3243 954 3307 idem
970 3243 1007 3306 Ρ.
1028 3244 1218 3308 Torrensis
1239 3255 1274 3309 et
1295 3245 1506 3310 Provinciae

274 3353 512 3432 Portugailiae
528 3351 762 3414 Prouincialis
778 3350 923 3414 effectus
939 3360 1004 3428 est,
1027 3361 1063 3414 et
1082 3353 1249 3416 Baeticae
1267 3352 1305 3416 Ρ.
1324 3353 1506 3416 Bartholo-

274 3477 397 3524 maeus
419 3461 650 3522 Bustamante
663 3455 736 3537 ejus
752 3461 828 3520 loco
843 3456 908 3520 fuit
930 3459 1153 3538 praepositus
1173 3457 1196 3539 '3
1214 3469 1250 3523 et
1265 3468 1361 3523 certe
1375 3477 1507 3540 magno

275 3585 381 3632 sensu
401 3585 421 3629 a
438 3567 542 3629 domo
562 3565 793 3646 probationis,
815 3564 871 3627 cui
886 3562 1061 3627 Simancis
1077 3575 1253 3645 praeerat,
1277 3567 1425 3631 avulsus
1440 3575 1506 3644 est,

269 3685 309 3738 et
326 3691 452 3737 munus
467 3673 633 3736 Baeticae
650 3671 861 3735 Provinciae
877 3672 1023 3734 subivit.

319 3772 406 3835 1446.
450 3771 685 3834 Testaturille
697 3771 770 3833 suis
780 3770 1317 3850 litteriS,experientiadocente,
1330 3790 1369 3835 se
1380 3789 1509 3853 cogno·

276 3881 371 3944 visse
387 3879 431 3942 ad
447 3887 610 3942 exactam
626 3877 924 3940 constitutionum
939 3894 982 3939 ac
994 3876 1212 3956 Regularum
1224 3880 1511 3944 observationem

320 4123 326 4142 ¹
357 4119 423 4162 Vide
435 4129 523 4172 supra,
534 4124 553 4162 t.
564 4128 600 4168 tu,
611 4129 671 4172 pag.
682 4115 730 4168 3511,
741 4128 765 4160 n.
776 4117 824 4170 774;
836 4123 862 4161 et
873 4125 892 4162 t.
904 4129 939 4169 tv,
949 4129 1011 4172 pag.
1020 4118 1069 4173 452,
1077 4131 1102 4162 rt.
1112 4119 1160 4173 967;
1172 4127 1198 4163 et
1209 4131 1268 4175 pag.
1278 4121 1327 4176 457,
1338 4134 1362 4166 n.
1373 4123 1421 4180 975,

317 4192 328 4222 ¹
358 4191 409 4246 Sic3
419 4190 560 4234 Pedroclte.
571 4189 637 4234 Vide
648 4200 736 4244 supra,
747 4199 807 4242 pag.
819 4187 865 4242 tou,
877 4201 900 4232 n.
911 4189 953 4234 259

318 4263 329 4295 ³
358 4263 425 4306 Vide
435 4274 523 4317 supra,
535 4269 553 4306 t.
566 4274 601 4316 tv,
611 4274 671 4316 pag.
683 4263 721 4304 451
733 4269 759 4304 et
769 4261 818 4316 452,
829 4273 853 4305 u.
863 4262 911 4306 9⁶5.

317 4336 329 4368 ⁴
357 4335 387 4378 D.
399 4333 554 4378 Franciscus
566 4335 597 4377 de
608 4333 714 4377 Toledo.
725 4333 792 4376 Vide
802 4345 888 4388 supra,
899 4345 961 4390 pag.
971 4334 1018 4387 1111,
1029 4346 1055 4379 n.
1065 4335 1113 4389 281,
1121 4341 1209 4381 annot.
1220 4337 1244 4378 5.

317 4405 329 4438 ⁸
357 4406 509 4458 Catharintt,
520 4405 627 4458 Joannis
638 4403 674 4449 111
690 4417 764 4450 uxor.

316 4475 328 4510 θ
356 4477 442 4532 Magni
451 4478 565 4522 iaciebat
575 4477 754 4531 Portugalliae
764 4479 863 4533 Regina
872 4479 978 4522 Patrem
987 4479 1140 4524 michaelem
1149 4481 1179 4522 de
1189 4479 1292 4533 Torres,
1300 4491 1317 4524 a
1325 4491 1374 4535 quo
1382 4483 1515 4528 exercitlls

279 4550 458 4604 spiritualibus
471 4550 576 4592 exculta
586 4548 681 4592 iuerat.
692 4549 758 4594 Vide
769 4562 856 4604 supra,
866 4557 885 4594 t.
894 4561 929 4602 ttt,
939 4563 999 4605 pag,
1010 4550 1060 4604 408,
1071 4563 1098 4594 n.
1108 4551 1160 4595 900.

320 4622 329 4652 ²
358 4621 453 4675 ignatii
463 4626 584 4676 patentes
593 4621 707 4674 litterae,
718 4623 809 4675 qulbus
818 4621 892 4666 Patri
903 4621 995 4666 Mironi
1006 4634 1097 4667 curam
1108 4623 1262 4668 Provinciae
1273 4627 1404 4670 lusitanae
1415 4626 1517 4670 demun·

275 4694 371 4749 dabat,
382 4694 459 4737 datae
470 4700 530 4737 sunt
541 4693 568 4736 26
578 4692 729 4736 Decembris
742 4694 800 4739 1551.
812 4694 878 4739 Vide
890 4693 986 4738 Cartas
994 4695 1027 4738 de
1038 4695 1094 4738 San
1105 4695 1224 4748 ignacto,
1234 4703 1253 4740 t.
1264 4708 1290 4752 u,
1301 4710 1362 4754 pag.
1372 4698 1422 4752 4711,
1433 4707 1459 4742 et
1468 4700 1517 4745 391).

323 4763 335 4797 ⁸
362 4763 429 4809 Vide
441 4775 528 4819 supra,
541 4775 599 4818 pag.
610 4763 658 4816 518,
671 4777 694 4808 u.
708 4765 766 4810 1411.

428 4853 467 4911 T·
483 4871 511 4910 v.
1344 4874 1377 4928 34
