3717 5400
559 1217 621 1300 DE
650 1215 894 1300 PROVINCIA
928 1217 1198 1300 [traconitis

423 1536 487 1601 AC
509 1535 692 1602 PRIMUM
713 1535 778 1600 DE
799 1535 1034 1601 COLLEGIO
1055 1535 1332 1602 VALENTIAE

324 1937 395 2002 9⁶9.
438 1937 570 2001 Rector
584 1937 765 2001 Valentini
781 1936 933 2018 Collegii
952 1937 990 2001 P.
1012 1937 1174 2018 Baptista
1188 1937 1231 2000 de
1248 1937 1379 2000 Barma
1397 1935 1418 2015 ¹,
1435 1939 1493 2001 cui

257 2041 477 2108 Provinciae
500 2043 703 2124 Aragoniae
730 2061 816 2108 cura
839 2045 905 2107 sub
928 2043 967 2106 P.
984 2042 1113 2108 Strada
1137 2043 1352 2107 demandata
1375 2052 1458 2106 erat·
1468 2049 1491 2121 ¹,

252 2151 488 2232 *Complutum
503 2153 568 2215 sub
583 2151 687 2215 finem
703 2151 786 2213 anni
800 2150 1045 2231 praecedentis
1057 2151 1103 2214 ad
1116 2151 1292 2230 quaedam
1306 2149 1400 2213 iliius
1415 2149 1493 2214 Coi-

263 2259 345 2334 ierrii
365 2259 508 2338 negotia
529 2258 714 2337 accedens
735 2245 906 2322 natalitiis¹
931 2257 1033 2321 festis
1050 2268 1178 2338 rogatu
1198 2259 1392 2322 multorum
1410 2273 1493 2321 con·

262 2368 425 2430 rionatus
442 2376 507 2442 est,
526 2383 606 2428 cum
631 2381 763 2445 magna
785 2365 966 2429 hominum
991 2364 1189 2444 frequentia
1210 2373 1246 2427 et
1272 2364 1446 2444 applausu
1466 2361 1488 2428 ⁸.

265 2471 349 2538 Inde
363 2472 545 2538 Concham
560 2471 573 2504 ⁴
586 2473 631 2535 ad
647 2473 749 2536 Dm
764 2471 968 2552 Vergaram
981 2469 994 2502 ⁸
1007 2469 1198 2551 proiectus,
1215 2481 1251 2534 et
1264 2470 1390 2534 eodem
1409 2488 1492 2534 con·

250 2579 427 2643 cionandi
440 2597 585 2644 munere
599 2580 753 2656 iunctuss
770 2579 910 2642 demum
924 2577 1268 2658 Caesaraugustam,
1285 2595 1423 2642 summo
1437 2579 1491 2642 iti·

262 2687 359 2751 ncris
373 2697 408 2752 et
423 2687 592 2768 temporis
608 2687 797 2751 admodum
812 2685 929 2767 asperi
943 2686 1075 2765 labore,
1091 2687 1269 2767 pervenit3
1292 2686 1352 2751 ubi
1370 2688 1491 2753 statim

261 2866 306 2874 ——-
316 2868 353 2873 ---
362 2867 472 2873 ——-

266 2962 419 3017 Cogordani,
434 2974 542 3019 quarum
556 2964 725 3010 meminimus.
740 2964 837 3008 litteris
851 2974 917 3015 eum,
933 2975 991 3007 cum
1004 2963 1075 3007 nocio
1085 2962 1167 3007 Roma
1181 2964 1235 3007 13.ι
1247 2964 1393 3008 Februarii
1408 2965 1491 3021 hujus

263 3035 333 3078 anni
345 3035 413 3079 1555
427 3036 603 3087 excedentem,
619 3036 643 3078 in
660 3036 752 3089 oppido
769 3034 876 3079 Gradoii
893 3034 1058 3078 earoinatem
1075 3034 1229 3079 Famesium
1241 3036 1346 3091 eiusque
1364 3036 1491 3081 familiam

263 3107 414 3151 convenisse
424 3113 450 3149 et
461 3118 517 3150 cum
528 3107 566 3150 eis
576 3108 605 3149 ai
612 3106 697 3161 prima
707 3107 737 3150 di
747 3106 839 3150 Mam
854 3106 991 3161 Aiaccium
1006 3106 1032 3149 in
1047 3104 1163 3159 Corsica.
1179 3113 1206 3150 et
1216 3107 1332 3161 eiusdem
1344 3108 1440 3152 mensis
1449 3120 1492 3152 so·

258 3180 349 3233 prima
363 3178 407 3223 die
416 3178 565 3231 Massiliam,
579 3179 717 3233 appulisse.
732 3179 775 3222 ubi
790 3188 848 3222 cum
862 3178 1060 3221 convalescendi
1070 3179 1158 3231 gratia
1173 3180 1305 3233 paulisper
1316 3186 1490 3225 commoratus

259 3256 340 3303 esset,
351 3250 512 3293 Avenionem
523 3251 626 3293 tandem
639 3250 725 3294 medio
735 3250 833 3293 saliem
844 3259 936 3293 mense
946 3248 1045 3292 Martio
1054 3249 1183 3303 peruenit.
1195 3249 1281 3302 Quare
1289 3250 1325 3293 2.⁰
1333 3251 1491 3305 quandoqui-

259 3321 317 3365 dem
327 3322 356 3367 P.
366 3321 473 3365 Pontius
483 3320 649 3375 Cooeordunnn
660 3320 756 3365 Romae
767 3321 815 3365 init
830 3332 887 3365 cum
898 3320 925 3363 P.
937 3319 1057 3373 ignatius
1071 3328 1182 3365 mortem
1197 3322 1270 3375 obiit,
1280 3322 1336 3365 scii.
1353 3323 1490 3376 trigesima

256 3396 345 3448 prima
355 3395 395 3438 die
405 3396 500 3439 mensis
510 3394 571 3447 Juiii
581 3396 641 3438 anni
654 3396 705 3438 ima
715 3394 803 3448 ιΡιΑτ,
814 3397 830 3437 i.
841 3405 872 3443 c..
884 3404 944 3447 pag.
956 3392 1014 3447 3395,
1022 3393 1177 3448 satisiiquet
1185 3405 1251 3445 eum.
1263 3396 1382 3449 quamvis
1393 3403 1489 3450 tempo·

249 3467 302 3515 ria.
323 3468 389 3522 qnod
400 3464 545 3521 Brugnoiae
562 3475 588 3511 et
603 3466 762 3511 valetudinis
776 3466 907 3509 curandae
925 3466 1014 3519 gratia
1029 3464 1055 3509 in
1068 3465 1129 3509 aliis
1146 3464 1299 3511 Provinciae
1314 3468 1376 3512 iocis
1391 3470 1488 3523 exegit.

253 3541 356 3585 nuliam
371 3540 479 3584 velimus
494 3540 591 3583 habere
607 3540 744 3591 rationem,
760 3537 860 3581 nonnisi
876 3536 1072 3591 quatuordecim
1088 3543 1134 3581 aut
1150 3537 1185 3580 ad
1198 3549 1326 3583 summum
1342 3540 1487 3593 quindecim

249 3612 388 3655 mensibus
399 3612 531 3655 Avenione
545 3612 630 3655 fuisse.

298 3684 308 3717 i
337 3684 481 3727 “carirooo
492 3694 524 3727 on
536 3694 579 3727 tos
589 3682 723 3727 Racronns
731 3692 763 3725 nn
774 3691 833 3724 esre
844 3679 965 3723 Conuoro.

299 3755 333 3800 El
343 3755 371 3800 P.
381 3754 465 3809 Diego
473 3754 564 3803 Miron.
576 3757 625 3799 aiio
637 3754 697 3798 tuit.

300 3826 334 3871 Ei
344 3826 371 3872 P.
380 3827 519 3871 Geronimo
530 3826 685 3878 Domenecn.
696 3829 746 3870 aiio
758 3824 816 3876 1552,
828 3825 888 3877 uigo
899 3827 956 3868 maa
966 3824 997 3867 de
1008 3827 1059 3868 ano
1069 3836 1086 3879 y
1097 3826 1189 3869 medio.

299 3898 332 3943 Ei
343 3899 371 3942 P.
383 3898 467 3953 [Juan]
478 3900 598 3948 Gamero.
608 3902 659 3942 aiio
670 3898 730 3942 1551.

300 3970 332 4015 Ei
344 3971 371 4013 P.
382 3970 448 4023 Juan
459 3970 550 4014 Haut·
560 3970 591 4013 de
604 3970 706 4022 Barmu.
719 3968 778 4013 1555.

298 4040 331 4086 Et
340 4042 367 4085 Ρ.
376 4041 490 4085 Marcelo
499 4043 538 4096 [de
551 4042 677 4095 Saiuzari.

299 4110 330 4157 El
341 4112 389 4157 ΗΡ
398 4113 491 4167 anguet
504 4112 643 4156 Govierno.

298 4183 330 4228 El
340 4183 367 4228 P.
378 4185 512 4239 Carvuiai.

297 4256 331 4314 Ei
342 4256 369 4300 P.
381 4256 493 4299 Antonio
505 4256 638 4301 Cordeses.
651 4256 775 4301 cemenzo
785 4258 810 4301 el
821 4260 870 4303 aiio
885 4258 944 4301 1558.

250 4471 311 4515 San
323 4471 405 4516 PabIo
416 4473 448 4515 de
465 4470 599 4524 Valentia,
609 4474 652 4517 ioi.
663 4473 806 4518 ‘Ra-Vide
817 4484 904 4528 nupta.
916 4481 935 4518 t.
946 4484 984 4525 ιιι,
994 4483 1055 4527 pag.
1066 4472 1115 4525 372,
1128 4479 1217 4517 annot.
1228 4475 1251 4516 1.

297 4544 308 4575 ¹
337 4541 502 4597 videamini,
515 4552 533 4586 t.
545 4554 580 4597 rr,
590 4554 651 4598 pag.
662 4544 710 4600 482,
721 4556 746 4590 n.
758 4544 817 4592 1019.

297 4614 308 4647 ³
338 4612 599 4664 videiniramiffli.

293 4690 310 4721 ’ὁ
338 4685 448 4729 Cuenca.
460 4685 525 4729 Vide
537 4688 612 4741 inira,
625 4701 648 4732 n.
662 4689 713 4731 1195
723 4696 749 4733 et
759 4701 812 4744 seq.

295 4758 310 4790 ὃ
337 4755 477 4801 Ductorem
488 4758 647 4813 Aipitonsum
658 4760 776 4805 Ramirez
787 4762 817 4805 de
828 4761 959 4815 Vergara.
