3717 5400
369 465 429 527 ihi
829 464 1054 527 Caucason.
1071 466 1142 539 Jns.

372 612 570 695 spondebat
594 612 773 692 omuibus,
799 628 891 693 quae
910 612 1267 693 ipseinterrogabat,
1288 620 1323 676 et
1338 619 1483 675 caveret
1497 630 1542 675 ne
1556 630 1605 676 ean

372 718 442 782 illis
458 728 563 798 esset,
581 719 767 799 dequibus
783 718 903 783 David
917 719 1073 785 dicebat:
1092 720 1217 783 nolunt
1236 718 1433 798 intelligere
1454 730 1493 785 ut
1513 720 1605 783 bene

373 836 523 906 agant.
501 825 510 857 ⁸

252 1094 258 1105 .
370 1041 488 1103 lectus
513 981 664 1104 militurn
688 1041 758 1105 hoc
781 1041 936 1106 velleP.
963 1040 1161 1107 Gonzalum
1183 1043 1397 1122 intelligere,
1423 1058 1471 1105 an
1494 1042 1601 1105 vellet

374 1146 612 1210 obedientiam
629 1146 793 1211 Pontifici
815 1146 978 1212 Romano
1001 1159 1185 1229 praestare
1207 1158 1240 1212 et
1265 1148 1451 1211 admittere
1477 1148 1605 1211 doctos

373 1253 453 1317 ilios
466 1270 511 1316 ac
519 1253 711 1333 religiosos
723 1255 834 1333 uiros,
851 1271 939 1334 quos
948 1253 1196 1333 ,portugalliae
1210 1254 1289 1318 Rex
1304 1255 1350 1318 ad
1364 1272 1445 1318 eum
1460 1254 1600 1319 mittere

374 1357 528 1424 volebat:
546 1361 684 1425 videret
692 1378 786 1442 ergo
795 1380 882 1426 num
897 1364 1003 1426 vellet
1018 1361 1255 1427 obedientiam
1267 1371 1463 1443 praestare,
1477 1371 1515 1425 ut
1527 1359 1604 1440 iam

375 1467 460 1531 aiibi
473 1469 702 1548 praestiterat
713 1477 740 1529 ¹.
805 1517 807 1520 .
1598 1516 1602 1523 .

439 1573 528 1638 1936.
569 1574 628 1639 Ad
643 1576 844 1640 haec-clare
864 1577 1048 1657 respondit
1066 1576 1143 1641 Rex
1161 1593 1202 1641 se
1221 1577 1310 1640 satis
1328 1578 1458 1641 multos
1479 1576 1608 1641 doctos

376 1690 411 1745 ct
425 1682 613 1762 religiosos
630 1682 730 1747 viros
749 1683 787 1747 in
807 1701 873 1747 suo
893 1700 1006 1765 regno
1025 1683 1166 1763 habere,
1190 1684 1353 1764 quodque
1369 1684 1448 1747 aliis
1467 1700 1488 1745 a
1505 1682 1608 1762 Rege

377 1788 617 1869 ltortugattiae
631 1790 750 1853 missis
757 1808 831 1853 non
846 1791 986 1870 egebat.
1003 1788 1152 1854 Dicebat
1164 1792 1272 1854 etiam
1286 1806 1480 1871 numquam
1492 1807 1529 1853 se
1542 1798 1607 1853 aut

377 1912 461 1959 suos
486 1895 722 1960 obedientiam
750 1895 911 1961 Pontifici
936 1896 1097 1961 Romano
1128 1898 1278 1975 dedisse,
1305 1907 1340 1960 et
1367 1896 1606 1959 obedientiam

377 2002 486 2081 illam,
511 2020 618 2083 quam
642 2003 784 2084 Gaspar
804 2004 849 2067 de
870 2004 1105 2084 Malagagues
1119 2002 1131 2035 ⁵
1146 2005 1286 2083 tulerat,
1304 2020 1342 2066 se
1364 2020 1444 2067 eam
1464 2002 1609 2066 dedisse

376 2110 548 2188 negabam
565 2110 627 2173 sed
646 2110 860 2174 monachum
878 2110 1067 2191 quemdam
1088 2111 1244 2189 arabem,
1268 2111 1327 2191 qui
1341 2121 1502 2173 uerterat
1520 2126 1610 2172 suas

375 2216 513 2279 litteras
535 2217 582 2280 ad
601 2216 738 2296 Regem
757 2215 1014 2297 Portugalliae,
1036 2234 1107 2281 non
1126 2218 1215 2281 bene
1236 2234 1298 2281 eas
1318 2216 1550 2295 intellexisse;
1566 2232 1610 2279 se

375 2324 468 2387 uelle
481 2324 515 2386 ei
530 2324 684 2402 obedire,
702 2324 759 2388 cui
773 2340 912 2407 semper
928 2325 1121 2401 obedierat,
1143 2324 1259 2403 idest,
1276 2323 1504 2387 patriarchae
1524 2322 1605 2387 Ale·

376 2430 561 2494 nandriae.

440 2536 527 2601 1937.
571 2527 670 2601 Tunc
683 2536 720 2600 P.
734 2537 925 2618 Gonzalus,
938 2547 1086 2621 accepta
1098 2538 1207 2619 Regis
1218 2555 1336 2617 manu,
1350 2554 1430 2601 eam
1440 2545 1493 2601 est
1506 2552 1610 2599 oscu«

376 2646 482 2725 latuS,
510 2644 604 2725 quod
629 2654 701 2709 tam
727 2646 829 2710 brevi
853 2655 888 2709 et
907 2646 1004 2710 clare
1024 2662 1104 2710 eum
1125 2645 1322 2727 expediret;
1343 2644 1491 2709 timebat
1511 2644 1609 2708 enim,

377 2769 423 2816 ne
438 2752 604 2815 diuturna
616 2752 896 2817 dissimulatione
905 2763 1077 2817 uteretur.
1089 2753 1135 2839 Et
1149 2769 1230 2816 cum
1245 2753 1378 2831 abipso
1389 2753 1495 2815 vellet
1510 2767 1606 2814 rece·

378 2858 474 2938 dere,
491 2859 581 2923 dixit
595 2857 673 2922 Rex
687 2877 725 2923 se
740 2863 915 2924 lecturum
929 2861 1100 2942 scriptum
1111 2857 1198 2940 ejus,
1215 2859 1379 2941 quamvis
1390 2857 1540 2922 Pro-rex
1551 2857 1611 2921 In·

378 2967 458 3031 diae
472 2984 545 3029 non
558 2983 602 3029 ea
621 2967 665 3030 de
686 2985 725 3030 re
743 2969 960 3048 scripsisset;
982 2969 1044 3032 sed
1064 2967 1198 3032 adhoc
1218 2966 1401 3046 respondit
1426 2964 1611 3029 Gonzalus

378 3089 465 3136 suae
479 3073 684 3137 discretioni
706 3074 775 3138 hoc
796 3093 819 3138 a
838 3075 1017 3154 Pro-rege·
1028 3074 1190 3138 relictum
1208 3091 1298 3154 esse;
1313 3083 1349 3136 et
1363 3091 1444 3136 curn
1457 3071 1613 3136 Pro-rex„

380 3179 522 3259 petebat
535 3188 574 3243 ut
589 3181 705 3261 ipsum
720 3182 858 3246 audiret
874 3199 947 3246 non
969 3191 1146 3262 petentem
1166 3197 1305 3259 aurum,
1330 3197 1439 3261 equos
1458 3189 1520 3243 aut
1533 3194 1607 3242 nru-

380 3289 446 3362 las,
459 3286 522 3350 sed
536 3289 738 3368 loquentem
751 3287 796 3353 de
810 3289 963 3353 veritate
978 3298 1122 3353 nostrae
1141 3287 1252 3365 Fidei,
1269 3287 1384 3352 audiri
1399 3287 1536 3367 abipso
1551 3303 1609 3365 pe·

382 3393 489 3457 tebat.
506 3393 633 3459 Denuo
648 3395 737 3458 dixit
750 3413 790 3460 se
805 3397 992 3475 lecturum,
1008 3405 1043 3458 et
1058 3396 1107 3458 ita
1122 3395 1304 3458 redierunt
1318 3393 1431 3457 nostri
1446 3393 1491 3456 ad
1505 3408 1614 3456 suum

380 3501 582 3582 hospitium;
599 3503 733 3583 quibus
748 3503 1010 3581 recedentibus,
1032 3511 1195 3566 manente
1216 3511 1336 3564 tamen
1357 3499 1487 3564 ibidem
1502 3497 1608 3562 Prae·

377 3608 472 3672 lecto
490 3609 640 3672 militum
660 3609 907 3689 lusitanorum,
927 3609 1045 3690 coepit
1058 3607 1137 3672 Rex
1159 3607 1374 3689 Aethiopiae
1392 3623 1613 3686 magnopere

379 3714 526 3778 laudare
539 3715 739 3780 doctrinam
751 3715 870 3780 Patris
884 3717 1046 3794 Gonzali,
1068 3723 1103 3780 et
1118 3715 1345 3778 uehementer
1365 3711 1612 3778 admirabatur

380 3821 486 3903 quod,
502 3839 583 3886 cum
598 3833 671 3887 tam
683 3824 825 3905 juvenis
838 3833 944 3902 esset,
960 3833 1099 3887 tantum
1111 3821 1321 3886 eruditionis
1335 3833 1429 3884 esset
1441 3835 1609 3900 assequu-

380 3941 449 4009 tus;
462 3941 497 3993 et
510 3940 630 3994 tamen
645 3948 730 3995 vere
743 3929 852 3994 Pater
865 3931 925 3994 hic
939 3931 1003 3994 vix
1018 3931 1114 3994 inter
1139 3928 1365 3992 mediocriter
1380 3927 1511 3992 doctos
1526 3941 1609 3990 cen-

382 4039 452 4101 seri
465 4046 618 4119 poterat.
633 4038 793 4119 Legebat
805 4047 926 4104 autem
941 4047 976 4101 et
989 4037 1142 4102 crebro
1132 4053 1170 4100 ιιι
1184 4036 1348 4100 manibus
1359 4035 1511 4098 babebat
1525 4034 1610 4098 scri·

380 4153 491 4225 parm,
510 4155 550 4209 et
568 4145 677 4210 matri
697 4163 785 4209 suae
793 4155 833 4209 et
849 4143 953 4209 fraui
971 4161 1019 4208 ac
1037 4144 1254 4226 primoribus
1273 4143 1374 4222 regni
1390 4140 1615 4220 ostendebat,

381 4261 417 4316 et
443 4252 526 4333 quia
549 4251 760 4317 Patr-iareim
780 4253 1032 4316 schismaticus
1056 4251 1269 4332 Aethiopiae
1292 4249 1521 4332 prohibuerat
1541 4249 1617 4312 sub

421 4497 432 4531 ¹
461 4497 504 4541 Ρι.
514 4495 650 4545 XXXV&
664 4496 767 4540 Verba«
767 4495 1149 4552 risejustntquttasctdoliu:
1156 4491 1612 4547 noluitintelligerentbeaeagmt.

420 4567 526 4612 Vide
536 4579 623 4624 supra
633 4576 654 4613 t.
665 4579 682 4618 ι.
693 4579 753 4624 pag
765 4567 910 4623 1⁹t,n.1ta.

419 4640 433 4673 ⁸
459 4639 511 4683 sic:
522 4647 659 4684 curantem
670 4639 773 4696 Gaspar
782 4641 814 4684 de
823 4639 995 4696 unanimes,
1006 4650 1052 4684 seu
1062 4639 1094 4682 de
1103 4635 1266 4696 maa
1276 4643 1305 4682 ut
1316 4637 1399 4682 babet
1408 4635 1465 4691 ipae
1471 4631 1615 4679 wlur-

380 4723 436 4768 tna,
448 4714 464 4755 1
474 4724 496 4756 c.
