3717 5400
348 447 407 507 456
810 448 938 509 Cuaou.
960 448 1036 508 Soc.
1057 448 1128 523 Jss.

351 592 458 657 mada
472 592 604 657 Sancta
619 604 783 674 coeptum
798 604 851 658 est
868 593 888 672 ¹,
903 592 1005 673 juxta
1020 594 1136 659 Patris
1151 594 1288 659 Natalis
1307 594 1580 675 praescriptum,

350 710 389 763 et
404 701 545 780 quidem
559 718 641 765 cum
655 717 787 781 magna
801 702 923 782 populi
944 715 977 765 et
999 700 1252 767 Universitatis
1272 701 1516 766 aedificatione
1537 718 1581 765 ac

352 806 609 871 satisfactione.

416 914 504 979 1233.
547 914 650 995 Quod
663 916 707 979 de
721 915 889 998 Jubilaeis
910 917 995 979 alibi
1015 917 1232 994 dictumest,
1254 914 1433 994 Compluti
1447 916 1580 978 dictum

349 1021 585 1101 intelligatur;
601 1030 636 1086 et
650 1022 814 1104 quamvis
828 1024 957 1086 bonam
973 1024 1088 1087 noctis
1106 1032 1245 1103 partem
1260 1039 1342 1086 cum
1361 1021 1418 1085 die
1438 1018 1580 1100 conjun-

350 1138 490 1208 gerent,
506 1129 715 1192 satisfacere
737 1130 852 1193 nostri
872 1140 990 1193 tamen
1015 1129 1266 1192 confluentium
1286 1128 1581 1191 scholasticorum

349 1235 568 1299 multitudini
582 1254 653 1300 non
668 1246 842 1315 poterant,
859 1237 951 1300 inter
967 1253 1056 1317 quos
1071 1246 1145 1299 tam
1161 1236 1262 1299 multi
1277 1244 1390 1313 erant,
1408 1244 1442 1297 et
1459 1234 1580 1297 nobili·

352 1351 427 1405 tate
442 1352 477 1405 et
490 1342 617 1406 litteris
632 1342 731 1406 clari.

416 1448 504 1512 1234.
546 1448 625 1512 Hac
638 1457 773 1513 aestate
784 1449 822 1513 P.
835 1449 1055 1529 Emmanuel,
1067 1447 1149 1531 [qui]
1167 1450 1467 1529 complutensibus
1481 1466 1582 1529 prae-

350 1563 443 1634 erat,
470 1573 492 1617 a
516 1556 714 1635 saguntinis
738 1555 948 1637 quibusdam
973 1558 1097 1637 primis
1122 1557 1210 1620 viris
1234 1567 1425 1635 evocatuS,
1452 1554 1582 1619 ibidem

352 1662 588 1726 concionatus
608 1671 676 1737 est,
698 1674 733 1726 et
750 1664 983 1744 quorumdam
1006 1664 1142 1727 audivit
1164 1662 1415 1741 consessiones
1442 1660 1501 1742 qui
1522 1660 1581 1724 ali·

350 1770 496 1849 quando
515 1771 693 1851 Compluti
717 1770 887 1834 exercitia
913 1770 1113 1851 spiritualia
1138 1779 1379 1849 susceperant.
1403 1768 1454 1833 lbi
1474 1769 1582 1831 etiam

350 1875 397 1939 de
412 1875 568 1955 Collegio
586 1877 799 1941 instituendo
814 1877 972 1941 decanus
987 1876 1062 1957 ejus
1077 1876 1301 1940 Catbedralis
1316 1876 1488 1939 ecclesiae
1500 1890 1581 1939 cunt

355 2000 398 2046 eo
415 1986 502 2063 egit;
520 1984 563 2047 de
577 2002 648 2065 quo
664 1984 810 2048 interius
825 1987 927 2064 plura
943 1984 964 2043 ¹.

421 2090 508 2155 1235.
551 2090 673 2154 Mense
689 2091 887 2171 Septembri
902 2092 961 2154 vir
976 2091 1118 2171 quidam
1134 2106 1286 2169 magnae
1303 2088 1525 2153 auctoritatis
1538 2105 1581 2151 ac

352 2197 508 2260 nominis
522 2208 557 2260 et
570 2198 606 2260 in
622 2199 717 2261 omni
732 2199 928 2281 litterarum
944 2214 1076 2277 genere
1096 2196 1107 2227 ³

416 2302 503 2366 1236.
548 2303 651 2383 Quod
672 2305 718 2368 ad
739 2305 951 2385 temporalia
972 2304 1109 2382 attinet,
1131 2303 1176 2367 D.
1200 2303 1439 2383 Hieronymus
1458 2301 1502 2365 de
1521 2300 1584 2364 Vi-

355 2427 444 2474 vero
459 2408 471 2441 ⁰
485 2411 663 2490 quoddam
677 2429 781 2475 suum
802 2411 1021 2490 beneficium,
1046 2410 1138 2491 quod
1158 2411 1201 2473 de
1221 2410 1362 2489 Prz'ego
1385 2409 1582 2487 dicebatur,

352 2516 402 2580 ad
417 2517 634 2582 dotationem
654 2517 855 2597 augendam
870 2518 1019 2597 Collegii
1038 2516 1299 2597 complutensis
1319 2517 1503 2596 resignare
1521 2534 1583 2581 vo-

351 2625 416 2686 luit
432 2632 465 2687 et
482 2624 574 2688 adid
585 2626 871 2706 procuratorium
883 2625 1155 2689 instrumentum
1167 2624 1273 2705 misit,
1286 2623 1349 2686 sed
1360 2624 1496 2687 amicus
1508 2624 1582 2706 qui·

352 2731 437 2795 dam
453 2733 576 2811 ipsius,
593 2733 703 2812 quiin
718 2734 818 2796 curia
843 2733 1070 2811 versabatur,
1092 2743 1126 2795 et
1146 2749 1360 2812 regressum,
1381 2741 1419 2794 ut
1438 2743 1581 2810 vocant,

352 2839 401 2901 ad
416 2837 501 2901 illud
515 2839 678 2910 habebat.
696 2857 770 2902 rem
786 2840 932 2903 distulit.
949 2837 1195 2920 Responderat
1216 2849 1333 2902 autem
1353 2839 1504 2917 insignis
1522 2839 1582 2901 do·

352 2953 432 3008 ctor
446 2945 607 3009 Manzius
622 2945 644 3026 ³,
660 2945 837 3027 Compluti
857 2948 1052 3024 consultuS,
1076 2945 1169 3026 quod
1189 2946 1283 3009 licite
1303 2955 1438 3009 etcum
1455 2945 1582 3008 merito

352 3060 493 3130 poterat
508 3050 666 3132 Collegio
681 3053 886 3132 simpliciter
903 3052 1095 3133 applicare,
1114 3068 1219 3132 aquo
1235 3051 1427 3115 confideret
1446 3051 1582 3115 fructus

350 3157 419 3221 sibi
435 3159 570 3222 viventi
584 3157 720 3222 dandos
736 3176 813 3222 esse
825 3159 971 3239 perinde
985 3166 1090 3238 atque
1102 3160 1133 3222 si
1148 3158 1360 3222 auctoritate
1374 3157 1583 3240 Apostolica

350 3265 420 3328 sibi
432 3276 662 3330 reservasset.
675 3266 811 3329 Doctor
824 3277 943 3329 autem
955 3265 1119 3346 Vergara
1131 3263 1154 3344 ⁶,
1165 3266 1329 3345 expedita
1340 3266 1516 3346 quaedam
1527 3267 1583 3328 be·

352 3373 478 3436 neficia
490 3391 566 3451 sua,
581 3374 730 3450 etiarnsi,
744 3374 827 3437 dum
840 3374 1004 3437 viverent
1018 3372 1162 3453 quidam
1174 3371 1248 3453 ejus
1261 3381 1417 3453 nepoteS,
1431 3374 1482 3436 eis
1493 3374 1583 3436 irue-

351 3490 487 3558 rentur,
509 3480 623 3543 eidem
643 3480 802 3560 Collegio
823 3480 915 3543 uniri
935 3480 1123 3560 diligenter
1142 3480 1296 3555 curavit;
1320 3492 1354 3543 et
1374 3481 1515 3544 interim
1537 3479 1582 3543 ad

349 3588 437 3649 illud
453 3587 725 3651 sustentandum
740 3588 921 3651 liberalem
936 3604 974 3649 se
990 3587 1191 3666 praebebam
1215 3597 1249 3650 et
1264 3588 1314 3650 ita
1328 3605 1438 3669 supra
1459 3588 1584 3667 trigin-

351 3703 389 3756 ta
405 3712 450 3756 ex
465 3695 596 3758 nostris
609 3695 741 3758 ibidem
755 3694 949 3758 sustentari
968 3704 1143 3775 poterant.

412 3799 457 3865 Et
471 3801 560 3865 haee
576 3801 619 3864 de
634 3801 794 3882 Collegio
809 3801 1062 3881 Complutensi.

393 4079 402 4113 ¹
431 4079 498 4125 Vide
508 4092 595 4136 supra,
606 4092 667 4136 pag.
674 4081 723 4134 42³,
731 4092 756 4125 n.
770 4081 829 4134 tiae,
839 4085 926 4125 annot.
936 4079 957 4124 3.

392 4149 405 4184 ¹
431 4151 506 4196 Num.
518 4153 579 4197 1527.

394 4224 405 4255 ⁸
432 4224 483 4278 Sic,
494 4226 631 4277 sententia,
642 4233 671 4268 ut
682 4231 764 4279 patet,
775 4235 825 4268 non
836 4227 974 4280 completa,
986 4227 1031 4270 sed
1041 4235 1067 4271 et
1077 4229 1152 4272 brevi
1164 4228 1232 4274 linea
1242 4241 1319 4284 super
1327 4230 1405 4274 ducta
1413 4231 1588 4274 cancellatum

356 4297 469 4340 videtur.

395 4369 406 4400 ⁴
434 4367 501 4412 Vide
511 4380 598 4423 supra,
610 4375 629 4413 t.
638 4379 665 4422 rr,
677 4379 740 4423 pag.
751 4369 800 4422 644,
811 4381 835 4413 ιι.
845 4369 894 4412 514.

395 4437 407 4469 ⁸
434 4439 478 4484 Fr.
494 4439 650 4484 Paschaslus
665 4453 711 4485 seu
727 4440 860 4485 Paschalls
875 4440 984 4496 Mancio,
997 4441 1025 4487 0.
1038 4440 1064 4486 S.
1074 4441 1106 4488 D.
1116 4443 1184 4486 Vide
1198 4455 1286 4498 supra,
1298 4449 1319 4488 t.
1332 4455 1368 4500 ιιι,
1379 4458 1439 4501 pag.
1450 4447 1492 4492 3³5
1501 4453 1528 4493 et
1536 4449 1587 4504 336,

353 4523 379 4555 n.
390 4511 440 4556 746.

396 4579 409 4614 ⁶
434 4583 583 4637 Alphonsus
593 4581 714 4629 Rumirez
725 4585 755 4627 de
766 4583 897 4638 Veroeura,
908 4584 940 4628 de
951 4595 999 4639 quo
1007 4585 1062 4640 jam
1073 4586 1177 4640 saepius
1187 4587 1212 4631 in
1222 4589 1271 4633 hoc
1283 4587 1416 4634 Chronico.
