3717 5400
782 446 790 471 '
813 476 877 535 ai.
900 476 972 535 rasa
1449 476 1506 537 aaa

260 621 337 686 bus
353 630 528 685 nocturno
549 630 708 703 tempore
728 639 771 685 ea
791 622 1049 699 tractabantur,
1074 638 1166 701 quae
1187 621 1236 689 nd
1257 622 1405 702 spiritus
1423 640 1505 703 pro·

268 729 400 793 fectum
413 728 648 809 pertinebant,
665 746 737 795 non
751 727 976 793 mediocriter
991 727 1188 808 profectum
1208 739 1413 799 nostrorum
1423 745 1505 810 pro·

268 850 416 900 movere
431 834 565 899 studiit.

333 939 421 1007 1604.
464 940 584 1021 Aliqui
613 940 620 973 ¹
645 942 681 1007 in
711 939 927 1007 Societatem
952 941 1100 1007 admissi
1126 951 1208 1008 sunt
1235 943 1304 1009 hoc
1329 953 1502 1024 tempore,

260 1048 372 1113 eleon
387 1066 432 1115 ea
448 1048 577 1125 multis,
593 1049 654 1129 qui
668 1050 704 1115 id
718 1050 957 1130 postulabant.
972 1048 1076 1114 Alios
1095 1050 1204 1115 etiarn
1224 1050 1446 1130 ulissipone
1469 1061 1504 1119 et

271 1155 390 1219 Ebora
407 1157 534 1221 missos
549 1157 586 1221 in
601 1156 745 1225 domum
765 1156 986 1237 probationis
1004 1157 1157 1237 collegio
1177 1154 1417 1237 conjunctam,
1438 1157 1504 1227 Co-

260 1263 464 1329 ·nimbricae
480 1243 669 1343 habehant;
682 1273 716 1329 et
730 1274 916 1345 tantopere
929 1264 1057 1331 domus
1069 1281 1113 1329 ea
1128 1265 1254 1341 crevit,
1277 1275 1316 1331 ut
1335 1282 1418 1331 curn
1431 1282 1503 1331 non

260 1378 413 1451 caperet
434 1388 495 1435 eos
516 1372 653 1450 domus,
680 1372 741 1435 alii
760 1372 1027 1452 Ulyssiponarn,
1044 1372 1105 1437 alii
1124 1371 1290 1449 Eboram,
1312 1381 1502 1457 posticam

258 1478 390 1558 aliqua
402 1478 489 1543 fund
500 1490 632 1545 tarenta
655 1480 693 1543 in
717 1480 895 1559 religiosis
919 1478 1303 1558 virtutibusfecissont,
1319 1481 1379 1547 vel
1393 1479 1499 1547 studii

269 1586 328 1649 vel
338 1586 518 1651 serviendi
528 1588 647 1665 gratia
658 1588 893 1656 mitterentur.
907 1585 1143 1653 Proficiebant
1153 1588 1206 1653 ilii
1215 1586 1252 1651 iu
1262 1586 1502 1667 abnegatione

261 1692 472 1771 'uoluntatis
489 1704 525 1757 et
544 1694 664 1759 carnis
683 1695 931 1774 castigatione,
951 1710 995 1758 ac
1014 1692 1215 1774 devotione,
1239 1703 1275 1759 et
1295 1710 1380 1763 cunt
1399 1693 1501 1761 scho-

267 1800 414 1865 lasticos
431 1811 514 1865 vota
529 1818 593 1865 sna
608 1811 823 1867 renovantes
846 1802 1027 1881 uiderent,
1049 1810 1085 1869 et
1098 1801 1167 1881 ipsi
1183 1810 1310 1882 sponte
1329 1818 1397 1870 aua
1414 1814 1500 1867 vota

260 1924 401 1987 magno
416 1924 496 1972 cum
510 1907 652 1975 fervore
665 1910 868 1973 emiserunt.

331 2014 420 2079 lom.
462 2015 501 2079 P.
515 2015 649 2081 Correa
660 2016 683 2096 ¹,
696 2018 755 2098 qui
767 2016 969 2099 praefectus
982 2026 1060 2083 erat
1072 2016 1226 2095 novitiis,
1240 2025 1275 2081 et
1286 2016 1323 2083 ln
1332 2025 1408 2083 tom
1418 2032 1499 2095 ura·

260 2136 351 2186 uem
367 2120 542 2187 inciderat
561 2124 821 2203 aegritudinem
840 2134 878 2188 ut
897 2124 1026 2189 medici
1044 2123 1088 2187 de
1107 2122 1183 2203 eius
1201 2125 1315 2189 salute
1334 2122 1498 2203 despera·

258 2238 358 2309 ·ront,
374 2238 409 2293 ct
424 2230 461 2296 in
475 2230 629 2295 ethicam
643 2230 769 2296 febrim
784 2232 952 2299 incidisse
966 2232 1136 2314 dicerent,
1156 2241 1193 2296 et
1211 2247 1294 2299 cum
1311 2230 1498 2310 aliquoties

262 2332 340 2415 jam
351 2346 512 2401 mortuus
523 2354 601 2401 esse
613 2322 806 2419 videretur,
819 2338 951 2403 revixit
961 2347 1092 2417 tamen,
1105 2337 1182 2403 Deo
1195 2337 1360 2418 propitio,
1373 2346 1421 2414 ct,
1433 2354 1497 2403 va·

266 2444 422 2507 latudine
437 2452 660 2525 recuperata,
678 2446 724 2510 ad
740 2446 794 2511 sui
809 2444 914 2510 officii
935 2445 1280 2512 administrationem
1294 2444 1398 2511 rediit
1412 2442 1436 2504 ⁸.

330 2550 418 2614 1606.
464 2551 567 2631 Quod
582 2552 628 2616 ad
643 2553 761 2617 studia
776 2554 913 2632 attinet,
930 2563 1101 2617 consueto
1116 2569 1215 2617 more
1234 2552 1495 2630 tractabantur,

257 2657 362 2738 ·quod
384 2657 429 2721 ad
449 2659 619 2724 lectiones
641 2672 676 2724 ct
695 2660 925 2743 repetitiones
943 2668 980 2724 et
998 2660 1195 2742 positiones
1215 2659 1360 2738 attiae13
1387 2658 1498 2741 philo-

267 2765 370 2846 sophi
391 2767 456 2828 sub
477 2765 637 2831 Paschae
655 2768 784 2832 festum
804 2769 1022 2833 curriculum
1040 2767 1116 2848 ejus
1134 2767 1316 2832 facultatis
1337 2766 1499 2834 absolve-

266 2882 406 2952 innuet
416 2873 466 2936 ita
479 2874 681 2954 theologiae
693 2875 873 2939 auditores
885 2877 1074 2955 plusquam
1086 2874 1213 2954 viginti
1222 2891 1268 2938 ex
1277 2873 1409 2940 nostris
1420 2889 1499 2939 ease

259 2989 462 3058 coeperunt
477 2977 500 3044 ⁴.

329 3085 417 3150 1607.
461 3087 534 3152 Alii
552 3098 682 3166 autem,
710 3089 768 3170 qui
792 3105 936 3152 cursum
955 3088 1118 3154 eumdem
1136 3089 1207 3154 hoc
1231 3106 1327 3154 anno
1346 3087 1500 3168 ingressi

256 3201 359 3274 aunt,
383 3195 474 3258 inter
493 3204 655 3260 caeteros
670 3195 933 3275 condiscipulos
954 3196 1089 3275 primas
1110 3205 1231 3262 tenere
1250 3195 1499 3264 existimaban-

265 3309 333 3380 tur,
356 3310 392 3364 et
412 3319 458 3366 ex
476 3301 612 3366 eisdem
630 3302 893 3384 condiscipulis,
915 3319 998 3368 curn
1019 3303 1056 3368 in
1076 3303 1228 3382 collegio
1248 3301 1498 3383 disputandum

255 3417 354 3488 vorat,
372 3409 473 3472 multi
488 3409 694 3490 disputandi
709 3409 827 3490 gratia
844 3409 1034 3474 veniebant
1047 3421 1081 3474 et
1098 3409 1340 3490 proficiebant
1354 3417 1388 3476 ct
1402 3407 1499 3474 domi

265 3525 410 3580 nostrae
422 3527 566 3596 praeter
578 3517 759 3595 lectiones,
773 3533 863 3598 quas
874 3517 910 3580 in
925 3517 1159 3580 universitate
1173 3515 1375 3594 audiebant,
1392 3531 1500 3582 unam

254 3621 477 3702 theologiae,
493 3623 603 3687 aliam
616 3640 767 3688 casuum
782 3624 1025 3689 conscientiae
1039 3624 1251 3689 habuerunt.

328 3727 416 3794 1608.
460 3729 564 3810 Quod
584 3732 630 3796 ad
648 3731 891 3796 confessiones
908 3731 1045 3811 attinet,
1069 3731 1158 3795 satis
1179 3731 1280 3796 multi
1295 3740 1500 3798 nostrornm

257 3825 376 3918 ¹opera
390 3839 592 3918 utebantur,
608 3849 643 3902 et
657 3839 695 3903 hi
706 3839 842 3904 fructus
852 3837 1112 3918 colligebantur
1124 3855 1170 3902 ex
1180 3837 1250 3902 hoc
1261 3845 1497 3917 sacramento,

258 3941 449 4025 dequibus
461 3945 549 4010 alias
560 3945 732 4027 scriptum
742 3946 1091 4026 est;conniliationea
1104 3945 1270 4010 videlicet
1280 3944 1499 4012 discordium

264 4068 512 4133 personarum,
535 4063 683 4134 peccata
704 4056 817 4118 multa
838 4054 976 4133 relicta,
993 4063 1027 4118 ot
1048 4051 1262 4133 hujusmodi
1288 4061 1324 4118 et
1348 4052 1500 4132 quinon

255 4167 429 4239 poterant
445 4159 542 4224 domi
565 4171 710 4225 nostrae
726 4160 888 4224 confiteri
907 4169 1052 4241 propter
1071 4160 1317 4240 operariorum
1341 4160 1498 4239 paucita-

305 4363 315 4403 Ι
342 4365 407 4410 ‘Sex
421 4377 501 4420 anprn
516 4367 707 4424 quadraginta„
720 4366 759 4414 ait
775 4365 889 4420 Faarco,
901 4365 1032 4422 synopsis
1045 4364 1196 4412 Annalium
1206 4363 1262 4411 Soc.
1273 4363 1341 4419 Joau
1351 4366 1381 4412 iar
1390 4364 1498 4416 Lusita·

262 4437 320 4490 nio,
332 4437 365 4481 ad
380 4449 422 4482 an.
444 4437 503 4490 loos,
523 4449 547 4482 ιι.
569 4437 601 4490 lit
621 4445 647 4482 et
671 4437 791 4483 fortassis
807 4439 875 4482 inter
889 4439 937 4482 hoa
951 4447 1106 4483 annumerat
1120 4439 1189 4491 illos,
1209 4437 1251 4491 qni
1261 4435 1366 4482 Eborac
1380 4447 1407 4482 et
1418 4435 1498 4494 Ulys-

254 4507 367 4562 :alponae
378 4509 494 4563 admissi,
505 4509 696 4554 Conimbricnm
707 4509 929 4564 adprobationem
937 4510 1120 4555 mittebantur.

303 4580 314 4612 ¹
342 4579 371 4624 P.
381 4581 511 4626 Antonias
521 4581 628 4634 Correa,
640 4583 798 4626 novitiorum
806 4581 943 4636 ararim.

302 4651 315 4686 δ
340 4651 408 4696 Vlde
421 4651 540 4698 Litterae
550 4655 781 4706 Quadrimesirea,
790 4661 809 4698 t.
821 4663 858 4708 ιιι,
867 4665 929 4710 pas.
940 4654 989 4700 iit

302 4727 315 4758 ⁴
344 4724 414 4770 lora.
