3717 5400
357 494 413 555 tto
814 494 942 557 Canon.
962 492 1038 557 Soc.
1060 500 1130 568 jas.

360 650 481 707 autem
494 643 532 707 in
545 642 701 724 quodam
714 644 943 721 monasterio,
960 642 1176 723 usqueadeo
1191 652 1390 709 commotus
1409 652 1462 707 est
1480 660 1587 725 popu-

361 750 417 813 lus
440 758 476 813 et
494 766 575 814 eam
595 750 877 814 consolationem
897 768 940 813 eo
961 749 1137 814 audiendo
1158 750 1297 831 accepit
1318 768 1361 813 ac
1382 750 1486 815 simul
1507 770 1589 819 earn

360 858 562 922 molestiam
574 874 657 922 cum
671 857 859 921 abeuntem
872 856 1051 934 viderent,
1067 868 1105 920 ut
1119 854 1310 921 Senatores
1324 867 1385 921 aut
1400 857 1587 939 Magistra-

362 974 421 1029 tus
435 966 645 1044 congregati
659 963 706 1027 ad
719 962 916 1043 Collegium
929 964 1105 1037 venirent.
1122 975 1160 1027 ut
1173 963 1287 1042 prima
1307 964 1424 1044 specie
1449 964 1455 994 ¹
1478 964 1586 1029 admi·

361 1081 527 1135 narentur
540 1070 653 1135 nostri
667 1070 752 1151 quid
765 1069 832 1134 sibi
846 1088 890 1135 ea
904 1069 1090 1134 multitudo
1103 1070 1270 1149 gravium
1288 1070 1448 1134 virorum
1469 1074 1585 1135 vellet.

363 1176 416 1242 Illi
430 1187 549 1242 autem
562 1179 705 1242 nomine
720 1178 829 1243 totius
842 1178 942 1242 urbis
953 1196 975 1241 a
986 1177 1091 1241 Patre
1102 1177 1294 1241 Villanova
1306 1178 1531 1257 postulabant
1542 1195 1587 1241 ne

364 1285 519 1350 mitteret
544 1294 606 1349 aut
625 1285 723 1348 abire
744 1284 876 1349 sineret
897 1283 1039 1349 Patrem
1059 1283 1267 1364 Baptistam‚
1291 1284 1373 1364 quia
1396 1300 1527 1363 magna
1548 1300 1587 1347 se

362 1393 525 1457 molestia
540 1390 688 1457 affectos
702 1392 746 1455 iri
760 1392 937 1471 dicebant,
958 1392 988 1455 si
1007 1390 1138 1455 diutius
1158 1392 1216 1454 ille
1237 1390 1282 1453 ad
1303 1390 1587 1455 concionandum

360 1518 434 1566 non
448 1499 648 1565 mansisset.
665 1498 773 1563 Venit
784 1508 818 1561 et
834 1497 981 1562 Praetor
996 1498 1103 1576 urbiS,
1120 1508 1155 1560 et
1174 1498 1284 1576 multi,
1300 1508 1335 1561 et
1354 1499 1586 1563 ecclesiastici

360 1607 469 1671 etiam
482 1608 585 1671 multi
597 1606 739 1670 nomine
754 1604 918 1687 Capituli,
932 1605 991 1685 qui
1005 1604 1073 1669 hoc
1088 1605 1204 1686 ipsum
1218 1621 1355 1669 summo
1367 1605 1482 1669 studio
1496 1615 1587 1685 pete·

360 1714 462 1794 bant;
478 1714 541 1777 sed
555 1713 718 1777 omnibus
731 1729 878 1776 necesse
896 1712 1021 1776 babuit
1039 1713 1107 1776 hoc
1125 1712 1339 1791 respondere
1355 1710 1393 1773 P.
1415 1711 1584 1792 Baptista,

358 1839 430 1883 non
449 1838 528 1885 esse
547 1821 618 1884 boc
638 1820 675 1884 in
697 1837 763 1884 sua
777 1828 954 1900 potestate
969 1820 1086 1895 situm,
1109 1819 1171 1882 sed
1185 1818 1301 1882 Patris
1316 1818 1510 1897 Francisci,
1527 1820 1586 1900 qui

357 1928 496 2009 Hispali
509 1940 594 1992 tunc
607 1936 697 1991 erat.

422 2034 510 2099 1273.
554 2033 802 2098 Decreverunt
826 2049 914 2113 ergo
939 2034 988 2097 illi
1013 2034 1181 2097 nuncium
1205 2033 1388 2113 proprium
1412 2032 1586 2114 Hispalim

360 2142 513 2221 mittere,
539 2142 601 2222 qui
621 2141 765 2205 Patrem
788 2140 998 2222 Baptistam‚
1019 2138 1094 2220 jam
1114 2140 1323 2221 profectum,
1349 2143 1584 2220 praeveniret,

361 2246 421 2330 [et]
446 2250 589 2315 nomine
607 2248 792 2329 utriusque
811 2247 1114 2328 congregationis,
1137 2247 1283 2325 scilicet,
1303 2257 1376 2311 tam
1397 2248 1586 2312 eclesiasti-

362 2374 426 2419 cae
440 2368 547 2436 quam
561 2355 768 2434 saecularis,
784 2355 888 2419 hoca
911 2353 950 2418 P.
972 2354 1001 2417 F
1003 2354 1167 2417 ranciaco
1188 2354 1361 2417 instanter
1380 2356 1585 2434 postularet.

365 2460 598 2542 Rogaverunt
612 2463 719 2525 etiam
734 2458 772 2525 P.
788 2460 1019 2525 Villanovam
1033 2472 1071 2524 ut
1086 2478 1124 2523 se
1138 2461 1174 2523 in
1186 2478 1228 2523 eo
1248 2460 1307 2541 pio
1327 2461 1471 2539 negotio
1486 2460 1585 2541 juva-

363 2580 429 2632 ret.
446 2567 516 2633 Sed
527 2568 601 2649 jam
616 2566 655 2631 P.
671 2566 887 2631 Franciscus
904 2566 1117 2648 promiserat
1137 2565 1407 2647 Hispalensibus
1428 2566 1474 2629 ad
1496 2567 1586 2631 sutu-

362 2692 442 2740 ram
462 2676 782 2757 Quadragesimam
803 2672 841 2737 Ρ.
862 2674 1059 2757 Baptistam
1083 2674 1118 2739 in
1139 2674 1438 2755 concionatorem,
1460 2684 1497 2738 ut
1519 2674 1587 2740 sibi

359 2783 513 2848 reditum
536 2784 780 2864 permitterent
807 2783 844 2846 in
868 2782 1061 2847 Castellam
1088 2782 1325 2860 Provinciam,
1356 2782 1402 2846 ad
1429 2799 1537 2862 quam
1564 2801 1586 2848 a

361 2888 524 2971 Principe
538 2891 676 2974 Joanna
691 2901 864 2954 evocatus
877 2889 1004 2953 iuerat.
1021 2889 1064 2952 Et
1080 2889 1128 2952 ita
1143 2888 1211 2968 piis
1226 2888 1410 2952 desideriis
1430 2890 1586 2954 civitatis

360 2997 526 3062 satisfieri
539 3015 611 3061 non
626 2999 750 3077 potuit.
767 2998 966 3078 Utcumque
987 3007 1106 3060 tamen
1126 3013 1188 3059 eos
1209 3013 1291 3075 spes
1312 2996 1497 3058 consolata
1516 3006 1583 3073 est,

363 3104 459 3183 quod
474 3105 544 3167 alio
558 3115 717 3184 tempore
731 3105 893 3185 promisit
907 3101 946 3166 P.
962 3103 991 3166 F
994 3103 1177 3166 ranciscus
1192 3119 1230 3166 se
1241 3101 1432 3166 missurum
1444 3101 1586 3166 Placen·

360 3212 449 3277 tiam
462 3229 568 3292 quem
581 3211 748 3291 petebant
762 3211 1061 3275 concionatorem.

421 3318 510 3382 1274.
553 3317 706 3399 Reliquit
734 3329 853 3381 autem
879 3318 916 3381 in
942 3317 1227 3397 Quadragesima
1252 3318 1320 3381 hac
1344 3317 1423 3382 D.or
1447 3317 1587 3383 Salinas

360 3441 511 3488 casuum
524 3426 763 3489 conscientiae
778 3425 976 3502 lectionem,
993 3434 1031 3487 ut
1045 3425 1176 3506 populo
1191 3424 1474 3502 concionaretur,
1491 3424 1585 3505 quod

359 3547 433 3593 non
457 3532 533 3595 sine
558 3530 678 3595 fructu
701 3542 737 3594 et
761 3531 959 3611 frequentia
985 3547 1117 3610 magna
1142 3531 1339 3610 praestitit;
1366 3531 1428 3594 sed
1453 3531 1587 3611 etipse

359 3636 400 3700 P.
420 3637 634 3702 Franciscus
654 3640 719 3703 sub
743 3637 846 3718 hujus
869 3637 1077 3702 annifinem
1102 3638 1320 3702 Placentiam
1334 3640 1444 3717 venit,
1459 3649 1496 3702 et
1515 3638 1586 3702 exi-

360 3745 471 3808 mium
484 3745 639 3809 fructum
653 3763 718 3809 sua
737 3747 940 3826 praesentia
954 3763 998 3808 ex
1019 3763 1061 3810 eo
1080 3744 1210 3826 populo
1231 3746 1365 3826 retulit;
1388 3746 1478 3810 mira
1493 3747 1587 3810 enim

359 3853 591 3918 veneratione
606 3863 641 3916 et
660 3853 788 3916 affectu
807 3869 931 3916 omnes
951 3869 1032 3916 eum
1051 3853 1365 3933 prosequebantur,
1388 3861 1423 3916 et
1444 3852 1586 3918 Patrem

360 3975 465 4024 suum
480 3976 603 4024 omnes
617 3977 698 4024 eum
712 3960 952 4036 nominabant,
970 3960 1062 4022 sicut
1077 3969 1111 4022 et
1125 3959 1237 4040 patris
1251 3961 1330 4024 loco
1344 3959 1535 4023 habebant.

423 4066 510 4131 1275.
554 4066 760 4149 Spiritualia
779 4068 950 4131 exercitia
972 4067 1060 4130 viris
1080 4067 1318 4149 compluribus
1339 4068 1487 4149 proponi
1510 4085 1587 4132 coe·

359 4184 499 4255 petunt,
516 4175 624 4238 immo
639 4183 675 4237 et
689 4174 904 4254 mulieribus,
922 4182 1027 4255 prout
1041 4174 1093 4238 eis
1107 4175 1359 4253 conveniebat,
1376 4185 1411 4240 et
1425 4175 1516 4238 mira
1537 4173 1586 4238 fa·

358 4299 493 4348 mesae
507 4282 584 4345 sitis
600 4279 800 4360 hujusmodi
813 4281 1068 4346 exercitiorum
1087 4281 1311 4344 cernebatur.
1332 4279 1403 4345 Sed
1422 4281 1588 4346 mulieres

360 4407 403 4454 ea
418 4390 455 4455 in
468 4389 554 4453 urbe
568 4389 739 4468 peculiari
752 4387 1015 4468 quodammodo
1037 4403 1119 4451 cum
1138 4387 1326 4452 devotione
1345 4399 1380 4452 et
1400 4388 1588 4454 sanctitate

359 4515 446 4577 prae
460 4495 549 4560 viris
561 4495 746 4573 florebant;
762 4507 797 4558 et
813 4497 880 4558 hoc
894 4513 973 4558 esse
987 4497 1166 4576 peculiare
1179 4494 1381 4560 Placentiae
1395 4495 1587 4574 serebatur,

400 4742 408 4773 ⁸
435 4741 526 4796 prinro
535 4743 655 4793 aspecta,
664 4740 707 4784 vel
717 4750 778 4784 cum
787 4740 877 4794 primo
887 4749 932 4784 eos
940 4739 1080 4784 venientes
1091 4739 1178 4783 nostri
1188 4741 1392 4794 conspexeram.
