3717 5400
395 450 451 510 666
847 450 976 510 Cnxort.
1001 450 1077 510 Soc.
1102 449 1174 522 Jss.

395 595 470 658 titis
485 595 676 675 suffragiis
694 605 829 676 septem
844 595 967 660 habuit
981 595 1019 659 P.
1037 595 1215 660 Antonius
1228 594 1271 659 de
1284 594 1460 674 0666165,
1474 595 1621 678 6616666

397 700 435 765 P.
453 699 624 779 Carnem,
642 719 750 766 unum
765 701 802 766 P.
821 701 992 766 Melcbior
1005 701 1128 766 Nunez
1142 703 1283 765 absens.

413 875 416 884 λ
460 807 549 872 1833.
592 807 1296 889 5616665661661Ρ.Μ61661610616616
1317 809 1407 872 dixit
1425 825 1466 872 se
1484 809 1620 872 nomine

397 914 585 980 Societatis
610 915 645 978 in
671 915 771 979 India
801 915 933 994 eligere
957 915 994 980 16
1019 914 1281 979 Provincialem
1306 913 1344 978 P.
1361 915 1558 980 Antonium
1582 916 1621 980 de

396 1022 572 1102 Quadros.
590 1021 720 1086 Omnes
734 1033 849 1086 autem
866 1039 949 1087 cum
962 1037 1095 1102 magna
1109 1022 1352 1086 consolatione
1372 1039 1453 1086 eum
1473 1022 1509 1086 in
1523 1039 1620 1102 prae·

398 1130 508 1193 latum
522 1139 557 1192 et
571 1129 790 1210 superiorem
804 1146 907 1192 suum
922 1129 1150 1192 admiserunt.
1174 1124 1224 1191 At
1238 1126 1276 1191 P.
1294 1127 1457 1207 Quadros
1468 1112 1575 1209 jussit
1588 1139 1621 1194 ut

397 1253 522 1299 omnes
538 1235 771 1316 quiescerent,
788 1245 834 1314 et,
851 1244 956 1316 prout
970 1235 1045 1316 ipse
1060 1235 1247 1313 sentiebat,
1264 1236 1353 1299 dixit
1368 1253 1406 1299 se
1421 1236 1564 1300 minime
1579 1247 1621 1300 te·

396 1341 474 1406 neri
500 1342 545 1406 ad
570 1341 827 1422 acceptandam
848 1339 1049 1422 hujusmodi
1073 1342 1292 1422 electionem,
1318 1353 1353 1406 et
1377 1343 1426 1406 ita
1451 1361 1531 1407 eam
1554 1361 1624 1406 non

396 1449 610 1529 acceptavit.

461 1554 549 1619 1834.
592 1553 756 1620 Reddidit
782 1567 900 1620 autem
924 1574 997 1622 non
1022 1557 1233 1638 acceptandi
1258 1557 1428 1635 16116665,
1457 1574 1547 1637 6665
1571 1575 1622 1621 56·

398 1663 519 1742 661165
532 1664 727 1742 attigimus
744 1663 879 1728 scilicet
899 1663 993 1746 quod
1006 1666 1137 1746 hospes
1151 1676 1244 1730 esset
1266 1665 1301 1729 in
1318 1664 1545 1745 Aethiopiam
1560 1665 1622 1728 itu·

397 1789 470 1851 rue,
491 1781 573 1849 etc.;
600 1788 664 1834 nec
685 1771 817 1852 alioqui
831 1772 1013 1850 lectiones,
1039 1789 1130 1853 quas
1150 1782 1367 1852 susceperat,
1394 1772 1561 1852 prosequi
1587 1788 1623 1834 se

399 1895 504 1958 posse
526 1895 606 1941 cum
631 1879 698 1941 hoc
718 1896 813 1942 novo
829 1896 952 1960 onere;
975 1890 1011 1944 et
1033 1880 1103 1943 alia
1121 1879 1308 1960 quaedam,
1332 1880 1424 1942 inter
1446 1895 1538 1960 quae
1559 1879 1623 1942 fuit

396 1984 492 2064 illud,
510 1985 603 2065 quod
618 1985 653 2047 in
668 2002 787 2048 rerum
802 1986 1037 2067 exequutione
1052 1987 1222 2050 remissus
1235 1996 1341 2063 esset,
1355 1986 1529 2067 quodque,
1543 2003 1621 2050 cum

397 2093 433 2154 in
445 2089 628 2155 Lusitania
641 2109 765 2156 curam
777 2089 953 2174 [aliorum]
966 2094 1123 2172 haberet,
1133 2093 1252 2158 cordis
1263 2093 1420 2156 dolorem
1431 2111 1477 2159 ex
1489 2111 1531 2156 eo
1543 2110 1623 2156 con-

396 2199 518 2278 traxit,
534 2217 555 2262 a
570 2216 640 2280 quo
651 2198 724 2281 jam
737 2200 824 2263 liber
834 2209 924 2279 erat,
937 2200 1000 2264 sed
1011 2200 1168 2265 recidere
1179 2201 1215 2265 in
1227 2201 1343 2282 ipsum
1354 2200 1459 2264 facile
1471 2210 1621 2281 poterat.

397 2305 442 2370 Se
459 2305 565 2370 etiam
581 2316 697 2371 aetate
706 2306 872 2386 juvenem
888 2324 978 2385 esse,
994 2325 1075 2372 curu
1090 2325 1160 2372 non
1172 2308 1359 2372 excederet
1375 2309 1384 2337 ¹
1398 2307 1439 2371 27
1451 2323 1578 2386 annos,
1591 2317 1623 2370 et

393 2411 571 2491 juniorem
582 2415 689 2478 etiam
701 2431 807 2495 quam
819 2425 912 2478 esset
923 2415 1050 2479 videri.
1062 2414 1138 2479 Has
1148 2414 1306 2480 rationes
1317 2414 1411 2478 dedit
1424 2415 1459 2478 in
1471 2413 1522 2477 2.⁸
1536 2413 1623 2478 Con·

398 2521 619 2600 gregatione,
645 2537 736 2600 quae
756 2522 821 2585 sub
843 2531 983 2586 noctem
1002 2522 1128 2586 eodem
1145 2520 1202 2586 die
1221 2521 1342 2586 habita
1365 2521 1444 2585 fuit.
1465 2520 1504 2584 In
1530 2521 1624 2584 diem

396 2637 515 2691 autem
537 2638 741 2709 sequentem
760 2629 895 2694 indicta
917 2640 969 2692 est
989 2628 1229 2710 congregatio
1249 2629 1295 2692 66
1319 2644 1518 2709 vesperam,
1534 2639 1571 2692 et
1586 2637 1624 2691 ut

397 2736 538 2799 interim
553 2754 628 2800 rem
643 2736 797 2800 Domino
813 2738 1102 2801 commendarent
1117 2738 1376 2818 praescriptum
1395 2746 1461 2799 est.

459 2841 546 2906 1835.
590 2840 759 2923 Sequenti
783 2860 871 2923 ergo
891 2844 958 2917 616,
981 2844 1017 2907 16
1041 2854 1105 2921 est,
1121 2844 1357 2926 2.⁸Januarii,
1379 2844 1443 2907 sub
1465 2852 1621 2921 noctem,

396 2948 540 3013 easdem
555 2950 712 3013 rationes
723 2950 902 3015 adducens
913 2951 952 3015 Ρ.
967 2952 1142 3030 Quadros,
1158 2969 1283 3015 senon
1295 2952 1534 3015 admissurum
1545 2968 1624 3015 esse

396 3056 598 3137 affirmavit,
615 3068 649 3120 et
664 3058 756 3122 hanc
771 3058 906 3121 addidit
924 3059 1110 3137 rationem,
1127 3059 1221 3141 quod
1240 3058 1338 3121 Patri
1352 3058 1489 3138 ignatio
1504 3056 1624 3121 existi·

398 3165 519 3227 mabat
540 3176 682 3243 gratum
704 3164 861 3229 futurum
886 3183 931 3227 66
949 3166 1025 3245 1656
1044 3183 1123 3229 eam
1145 3182 1266 3229 curam
1290 3166 1501 3245 susciperet;
1527 3164 1623 3245 quia,

397 3286 479 3333 cum
494 3271 526 3333 ei
540 3271 742 3351 scripsisset
754 3269 791 3333 P.
807 3270 971 3349 Quadros
984 3272 1126 3335 Eborac
1140 3290 1179 3335 se
1193 3271 1451 3352 aegritudinem
1463 3268 1625 3351 corporis

396 3395 443 3439 ex
457 3363 500 3439 ea
515 3394 601 3440 cura
617 3379 850 3456 contraxisse,
868 3378 1101 3458 responderat
1115 3379 1149 3443 ei
1162 3379 1257 3457 quod
1277 3378 1517 3442 sublevandus
1531 3388 1626 3443 esset

398 3483 443 3546 ab
454 3502 496 3547 eo
510 3485 632 3548 labore
643 3494 689 3563 et,
703 3484 733 3547 si
748 3502 893 3549 necesse
908 3494 1012 3563 esset,
1027 3486 1171 3549 omnino
1185 3502 1228 3549 66
1242 3501 1349 3549 66616
1364 3486 1518 3563 liberari,
1531 3484 1626 3567 quod

397 3589 492 3652 idem
516 3591 623 3655 etiam
648 3608 885 3655 concessurus
905 3600 1009 3667 esset,
1026 3592 1061 3653 in
1081 3607 1124 3654 66
1139 3608 1291 3672 5666665
1312 3591 1463 3656 16116616
1482 3592 1626 3655 6111666

397 3696 654 3777 providentiae,
671 3716 762 3779 quae
774 3696 873 3777 juxta
891 3715 1011 3761 rerum
1028 3707 1176 3761 naturas
1190 3708 1225 3761 et
1244 3700 1510 3778 propensiones‚
1534 3714 1625 3779 quae

397 3807 513 3869 malae
526 3822 598 3867 non
612 3814 705 3884 sunt,
725 3822 786 3868 eas
800 3806 993 3885 gubernat;
1018 3814 1053 3868 et
1073 3805 1161 3869 alios
1182 3822 1321 3885 regere,
1337 3822 1483 3887 prorsus
1497 3814 1624 3869 contra

397 3909 474 3990 ejus
489 3920 565 3975 erat
579 3912 867 3991 propensionem:
884 3912 947 3975 sed
962 3930 1086 3976 omnes
1098 3912 1174 3976 sere
1189 3912 1222 3975 ei
1237 3911 1540 3976 contradixerunt.

462 4016 550 4081 1836.
594 4016 784 4098 Proposuit
805 4028 924 4083 autem
950 4020 1105 4083 medium
1130 4020 1198 4083 hoc
1217 4019 1311 4083 idem
1336 4018 1374 4082 P.
1392 4018 1567 4097 Quadros,
1588 4028 1627 4081 ut

399 4124 535 4188 scilicet
560 4134 632 4187 tres
656 4125 732 4205 ipse
757 4124 903 4205 eligeret
928 4143 1010 4189 cum
1036 4127 1194 4190 omnium
1219 4125 1451 4205 beneplacito,
1477 4134 1513 4187 et
1533 4124 1627 4205 quod

402 4232 452 4295 1111
472 4232 726 4296 constituerent
746 4247 783 4294 se
808 4230 1000 4312 facturum;
1024 4242 1057 4296 et
1077 4233 1241 4313 quamvis
1263 4233 1363 4295 multi
1386 4239 1629 4312 repugnarent

397 4340 482 4420 quia
498 4338 532 4403 16
548 4340 744 4423 derogabat
758 4341 875 4404 factae
892 4339 1066 4417 electioni,
1084 4350 1202 4403 tamen
1219 4338 1391 4419 suffragia
1406 4339 1629 4417 singulorum

399 4450 584 4527 postulans
600 4449 644 4512 ad
660 4449 705 4529 id,
723 4450 842 4529 616165
857 4457 1070 4511 censuerunt
1085 4447 1121 4511 id
1136 4447 1185 4510 1111
1200 4464 1279 4511 6556
1294 4445 1577 4527 6611616666616.

442 4688 450 4723 ¹
478 4688 516 4733 bis
533 4690 677 4735 accederet.
