3717 5400
804 480 867 538 Art.
890 479 961 538 1555
1439 473 1495 532 665

266 629 526 708 praescriptum
545 635 638 706 erat,
659 636 694 690 et
711 624 767 706 jus
787 641 973 688 commune
990 623 1210 705 sequendum
1231 639 1310 686 esse
1329 621 1493 684 decreve-

267 744 364 813 runt,
385 743 420 798 et
440 735 523 815 quia
539 743 612 798 tam
626 733 831 796 sacerdotes
849 748 956 813 quarn
975 732 1035 796 alii
1049 731 1180 795 iratres
1199 731 1235 794 in
1254 729 1348 794 votis
1367 745 1495 808 aequa·

150 909 154 918 ,
267 844 319 906 les
333 851 446 922 erant,
460 858 527 905 nec
541 843 633 905 ullus
651 839 908 922 professionem
926 841 1121 904 solemnem
1140 840 1176 902 in
1195 836 1294 901 India
1314 835 1493 914 emiserat,

268 959 307 1013 ut
328 965 450 1012 omnes
471 947 665 1029 aequaliter
684 946 892 1027 suffragium
917 947 1104 1025 haberent,
1128 946 1189 1026 qui
1211 952 1297 1008 vota
1320 942 1496 1024 simplicia

267 1057 471 1120 emiserant.
499 1053 568 1119 Sed
588 1053 768 1118 communi
791 1071 968 1118 consensu
990 1054 1160 1118 tredecim
1184 1053 1356 1116 electores
1382 1051 1497 1129 elege-

270 1173 363 1242 runt,
387 1161 513 1243 quibus
537 1171 613 1225 tota
640 1160 834 1226 auctoritas
863 1161 1016 1242 eligendi
1040 1159 1301 1224 Provincialem
1325 1165 1379 1221 est
1402 1172 1497 1219 com·

269 1271 390 1334 missa.

333 1375 420 1440 1831.
465 1376 512 1440 Hi
526 1386 645 1440 autem
660 1376 812 1439 fuerunt:
828 1374 954 1440 Patres
972 1375 1151 1440 Antonius
1165 1375 1209 1438 de
1225 1372 1400 1453 Quadros,
1416 1370 1499 1434 Mel·

270 1484 372 1548 chior
390 1483 559 1562 Carnem,
580 1481 794 1547 Franciscus
814 1482 923 1549 Perez
943 1482 990 1562 (et
1012 1483 1048 1546 hi
1067 1482 1113 1546 ad
1138 1481 1309 1546 scrutinia
1334 1477 1499 1543 iacienda

270 1589 430 1671 deputati
445 1589 551 1654 etiam
567 1589 736 1669 luerunt),
753 1589 942 1655 Balthasar
957 1589 1059 1668 Diaz,
1075 1589 1207 1652 Paulus
1221 1586 1381 1662 Camers,
1397 1585 1499 1650 Nico·

274 1700 353 1762 laus
378 1695 597 1776 Lancilotus,
622 1697 832 1762 Emmanuel
849 1696 1069 1775 Fernandez,
1091 1696 1306 1760 Franciscus
1324 1693 1502 1774 Enriquez

270 1815 307 1868 et
325 1804 541 1868 Franciscus
558 1803 688 1884 Lopez;
710 1812 745 1868 et
763 1821 809 1868 ex
823 1823 894 1868 non
912 1803 1158 1868 sacerdotibus
1178 1803 1322 1867 Marcus
1339 1801 1499 1880 Nugnez,

272 1910 600 1991 Christophorusde
608 1910 754 1988 Acosta,
767 1911 916 1975 Alexius
924 1909 1221 1988 Diaz,Balthasar
1229 1908 1387 1990 Nugnez.
1398 1906 1502 1988 Quod

274 2019 319 2082 ad
333 2017 541 2096 suffragium
557 2019 737 2098 passivum
754 2018 890 2096 attinet,
906 2019 1095 2082 videbatur
1107 2018 1318 2098 quibusdam
1333 2015 1417 2094 eligi
1430 2031 1503 2077 non

273 2126 401 2190 debere
416 2142 628 2205 quemquam
647 2125 798 2204 illorum,
817 2126 928 2207 quiin
947 2125 1175 2205 Aethiopiam
1195 2135 1297 2187 erant
1323 2121 1500 2197 destinati,

272 2249 353 2296 cum
367 2234 465 2294 velut
480 2232 639 2311 hospites
653 2242 783 2310 essent,
799 2241 833 2295 et
848 2247 943 2295 anno
957 2241 1127 2313 sequente
1138 2249 1219 2295 cum
1230 2230 1451 2308 Patriarcha,
1464 2240 1503 2292 ut

272 2338 494 2415 credebatur,
511 2338 697 2415 recessuri,
713 2349 748 2402 et
767 2349 851 2403 tunc
872 2340 943 2402 alia
966 2340 1092 2403 electio
1111 2349 1205 2402 esset
1225 2337 1449 2416 celebranda;
1467 2348 1503 2401 et

274 2447 323 2508 ita
341 2446 494 2526 aliquem
508 2463 552 2508 ex
567 2446 624 2510 his
642 2445 845 2526 eligendum
855 2463 933 2510 esse
945 2447 1152 2524 censebant,
1166 2446 1226 2527 qni
1241 2445 1389 2510 inludia
1404 2445 1504 2525 prius

277 2553 511 2616 versabantur
531 2564 564 2616 et
584 2551 660 2633 ejus
678 2569 795 2617 mores
815 2563 850 2618 et
870 2555 1014 2634 negotia
1028 2553 1221 2634 'perspecta
1237 2553 1426 2631 habebant;
1442 2551 1505 2616 sed

279 2659 483 2725 fortioribus
498 2660 692 2725 rationibus
706 2660 909 2725 nitebantur
924 2662 997 2740 alii,
1013 2661 1108 2743 quod
1123 2662 1259 2726 scilicet
1277 2679 1323 2725 ex
1343 2659 1506 2725 omnibus

276 2767 361 2847 eligi
390 2776 509 2846 posset
533 2767 783 2847 Prouincialis,
811 2785 893 2833 cum
917 2768 1099 2849 professus
1127 2786 1205 2833 esse
1236 2769 1377 2832 deberet
1403 2767 1505 2848 juxta

281 2874 569 2953 ConstitutioneS,
592 2886 627 2938 et
646 2877 762 2939 nullus
776 2886 853 2940 erat
871 2876 1088 2957 huiusmodi,
1106 2888 1143 2940 ut
1158 2876 1322 2955 diximus,
1343 2877 1378 2940 in
1393 2876 1504 2954 India,

281 2990 421 3062 praeter
432 2981 691 3062 designatosad
701 2982 1043 3063 Aethiopiam,inter
1053 3000 1142 3064 quos
1153 2994 1417 3064 quatuorerant
1428 3000 1506 3064 pro·

277 3088 362 3153 fessi
376 3099 411 3152 et
426 3088 461 3151 in
477 3088 655 3169 theologia
671 3089 777 3167 docti,
794 3090 890 3171 quod
905 3091 1026 3154 deerat
1041 3090 1130 3169 aliis,
1148 3108 1237 3171 quos
1250 3092 1287 3153 in
1301 3090 1399 3155 India
1411 3091 1508 3154 inve·

277 3182 415 3267 nerunt:
434 3206 467 3259 et
485 3214 553 3261 non
569 3214 647 3260 esse
662 3196 862 3277 separanda
878 3197 1092 3262 videbantur
1106 3216 1128 3260 a
1142 3214 1294 3278 corpore
1315 3200 1508 3278 praecipua

275 3302 353 3383 ejus
368 3303 538 3367 membra.
555 3303 599 3367 Et
613 3304 753 3368 demum
769 3304 998 3368 constitutum
1013 3314 1067 3368 est
1083 3315 1121 3368 ut
1142 3306 1256 3385 prima
1272 3306 1328 3368 dic
1347 3306 1509 3387 Januarii

277 3412 363 3475 anni
390 3408 467 3473 1556
492 3412 730 3473 celebraretur
755 3410 891 3490 electio,
919 3410 1040 3475 Missis
1062 3412 1203 3475 interim
1228 3421 1262 3474 et
1288 3412 1510 3475 orationibus

281 3516 585 3599 praecedentibus,
602 3526 636 3579 et
652 3526 690 3581 ut
710 3517 793 3597 eligi
808 3526 928 3597 posset
948 3518 1066 3599 quivis
1084 3536 1130 3581 ex
1149 3520 1217 3597 his,
1235 3519 1345 3598 quiin
1367 3517 1510 3582 Aethio·

284 3624 380 3705 piam
394 3632 496 3687 erant
510 3623 687 3687 destinati.

346 3728 434 3793 1832.
477 3730 595 3794 Primo
623 3747 710 3811 ergo
742 3732 798 3795 die
826 3732 988 3816 Januarii
1019 3733 1182 3796 omnibus
1207 3733 1437 3813 congregatis
1465 3734 1512 3799 ad

281 3854 478 3917 campanae
494 3837 632 3918 pulsum
647 3838 682 3901 in
697 3838 844 3901 chorum
861 3840 1081 3919 superiorem
1094 3841 1278 3917 ecclesiae,
1295 3841 1512 3921 postulatum

281 3956 337 4008 est
352 3962 398 4007 an
413 3946 542 4007 vellent
558 3944 677 4007 Indiae
692 3944 963 4024 Provincialem,
982 3963 1043 4026 per
1058 3947 1228 4011 tredecim
1240 3948 1338 4027 prius
1352 3948 1510 4011 nomina·

283 4060 340 4114 tos
359 4051 453 4131 eligi,
474 4052 510 4115 in
530 4068 620 4132 quos
634 4050 707 4131 jam
728 4054 1059 4133 compromiserant.
1080 4052 1152 4117 Illis
1172 4064 1291 4117 autem
1310 4054 1511 4119 affirmanti·

283 4157 360 4237 bus,
377 4168 472 4236 tunc,
490 4158 647 4221 adhibito
656 4158 870 4239 jurament0,
887 4159 1057 4240 sutfragia
1073 4162 1202 4224 collata
1222 4172 1315 4239 sunt,
1331 4173 1367 4225 et
1381 4161 1418 4225 Ρ.
1440 4162 1513 4227 An-

283 4266 401 4329 tonius
426 4266 470 4329 de
496 4264 659 4344 Quadros
679 4277 714 4329 et
733 4265 770 4330 P.
796 4267 968 4332 Melchior
983 4268 1142 4333 Carnero
1162 4270 1321 4348 totidem,
1344 4269 1382 4333 P.
1403 4269 1512 4335 Fran·

282 4375 401 4437 ciscus
418 4372 525 4435 Perez
540 4374 684 4436 unicum
698 4374 832 4437 habuit.
846 4374 983 4438 Etcum
998 4374 1085 4438 nihil
1099 4374 1263 4441 eflectum
1274 4388 1368 4439 esset
1378 4375 1398 4457 ¹,
1416 4394 1513 4459 repe·

326 4650 335 4683 ¹
365 4648 436 4693 Ntbil
447 4647 567 4692 ellectum
585 4655 652 4702 erat,
668 4650 787 4703 quonlam
801 4650 833 4693 ad
847 4652 922 4703 plura
938 4650 1078 4694 medietate
1092 4651 1221 4707 suffragia
1235 4653 1370 4707 eligendus
1385 4661 1444 4699 erat
1454 4654 1517 4698 Pro·

286 4721 416 4767 vinclalis.
