3717 5400
352 459 389 518 24
812 459 940 524 Canon.
961 462 1037 520 Soc.
1058 460 1128 532 Jas.

351 605 465 686 nibuS,
482 617 515 670 et
532 607 766 673 interfuerunt
781 607 837 671 his
853 607 988 685 diehuS,
1005 614 1039 669 et
1054 605 1128 670 suis
1144 606 1438 686 disputationibus
1449 623 1511 670 eas
1523 625 1579 671 or-

350 723 491 778 narunt.

409 819 460 884 37.
504 819 572 885 Sed
588 831 622 886 et
637 822 848 903 philosophi,
864 834 947 903 post
962 822 1115 886 triduum
1131 821 1333 901 theologiae
1347 822 1480 901 datum,
1497 838 1580 903 qua·

349 935 428 991 tuor
443 928 566 992 diebus
580 929 758 994 continuis
779 929 1052 1009 respondentes
1076 938 1150 992 tam
1170 929 1332 991 doctrina
1355 945 1461 1008 quam
1484 929 1577 1007 inge·

349 1035 419 1112 nio,
446 1035 602 1098 omnium
629 1037 909 1116 expectationem
937 1037 1110 1100 vicerunt.
1137 1033 1306 1098 Praeerat
1331 1036 1388 1098 his
1409 1035 1579 1112 magister

348 1142 557 1206 Emmanuel
573 1143 615 1206 de
631 1141 713 1221 Saa,
731 1142 831 1223 eujus
846 1153 880 1206 et
896 1143 1049 1206 eruditio
1060 1153 1095 1206 et
1110 1141 1284 1205 modestia
1296 1143 1441 1221 egregia
1452 1142 1490 1204 in
1501 1159 1579 1221 pro-

348 1250 541 1328 pugnando
556 1249 635 1312 visa
650 1260 714 1314 est.

408 1355 459 1418 38.
504 1355 643 1420 Octavo
657 1357 725 1434 die,
743 1358 803 1438 qui
825 1357 1025 1420 rhetoricae
1042 1369 1079 1419 et
1102 1357 1216 1420 tribus
1237 1357 1367 1435 linguis
1390 1357 1493 1420 datus
1507 1367 1578 1436 est,

348 1475 449 1525 actus
460 1473 513 1526 est
525 1481 544 1526 a
557 1465 686 1544 pueris,
701 1465 760 1546 qui
772 1475 894 1528 nostro
906 1466 942 1528 in
952 1463 1106 1543 collegio
1116 1462 1580 1543 instituebantu1·,-dialogus

345 1567 601 1649 jucundissimo
611 1573 867 1653 utilissimeque
879 1581 1101 1650 argumento,
1117 1587 1221 1650 quem
1237 1587 1318 1633 cum
1329 1571 1467 1633 duabus
1482 1571 1579 1634 horis

347 1679 511 1756 permulti
526 1679 593 1740 viri
605 1694 736 1757 graves
751 1687 984 1759 spectassent,
1002 1679 1094 1741 inter
1105 1695 1194 1754 quos
1205 1687 1281 1739 erat
1296 1677 1495 1740 Cardinah's
1506 1677 1577 1741 Au·

347 1794 520 1862 gustantis
535 1784 541 1814 ¹
555 1803 634 1847 eum
648 1786 806 1865 pluribus
818 1785 1014 1866 EpiscopiS,
1028 1795 1063 1847 et
1074 1783 1409 1848 ComesMontorius
1421 1781 1431 1812 ¹
1443 1783 1577 1848 Summi

346 1889 528 1954 Pontificis
542 1909 652 1971 nepos
674 1893 743 1972 (qui
760 1893 796 1956 in
812 1893 987 1972 palatium
999 1909 1166 1954 reversus
1180 1891 1298 1954 omnia
1310 1889 1472 1954 Pontifici
1485 1901 1577 1954 retu-

346 1998 412 2075 lit),
438 2015 563 2060 omnes
587 2009 622 2061 et
647 2001 830 2078 voluptate
852 2000 956 2060 simul
979 1998 1114 2077 perfusi
1136 2007 1174 2061 et
1199 1997 1434 2060 admiratione
1458 1997 1577 2062 affecti

346 2113 436 2182 suut,
453 2121 534 2168 cum
551 2121 741 2185 puerorum
755 2105 966 2168 industriam
985 2105 1044 2166 illa
1065 2105 1101 2168 in
1117 2104 1255 2168 actione
1275 2105 1574 2169 considerassent:

345 2219 380 2273 et
395 2212 560 2290 gravium
576 2212 734 2275 virorum
750 2228 925 2274 consensu
938 2211 1068 2290 dignus
1081 2211 1277 2274 habebatur
1288 2211 1454 2290 dialogus
1469 2212 1576 2292 quiin

345 2319 459 2381 lucem
486 2319 647 2381 ederetur
668 2317 690 2396 ³3
713 2330 747 2380 et
770 2318 869 2381 multi
891 2317 1044 2397 legendi,
1063 2317 1126 2379 alii
1143 2317 1253 2379 etiam
1273 2318 1497 2381 exscribendi
1518 2337 1574 2382 co-

345 2424 442 2502 piam
457 2425 645 2504 petierunt.

405 2529 454 2593 39.
499 2531 593 2595 Ante
617 2531 798 2610 dialogum
820 2541 892 2594 tres
915 2532 1094 2595 orationes
1119 2531 1247 2594 breves
1272 2531 1413 2594 habitae
1436 2533 1576 2595 suntin

345 2637 460 2701 tribus
474 2637 613 2719 linguis;
631 2653 801 2719 graecam
814 2649 934 2703 autem
950 2638 1092 2719 quidam
1108 2655 1152 2703 ex
1167 2638 1299 2703 nostris
1314 2640 1457 2703 natione
1470 2656 1573 2719 grae·

344 2764 409 2809 cus
420 2748 611 2826 peroravit;
626 2747 840 2825 hebraicam,
855 2764 943 2826 puer
955 2746 1097 2826 quidam
1110 2764 1156 2808 ex
1167 2745 1349 2827 discipulis
1359 2749 1504 2810 natione
1516 2748 1574 2810 he·

345 2853 484 2929 braeuS,
510 2855 570 2934 qui
590 2854 635 2917 ad
656 2854 897 2918 Christianam
919 2852 1140 2933 Religionem
1153 2870 1266 2933 nuper
1285 2852 1403 2917 suerat
1426 2872 1573 2917 conver·

345 2976 417 3021 sus.
434 2959 533 3023 Haec
549 2962 667 3024 omnia
682 2962 981 3024 existimationem
996 2961 1135 3040 collegii
1149 2976 1366 3041 magnopere
1380 2962 1571 3040 augebant,

344 3084 415 3129 non
431 3070 544 3131 solum
561 3068 654 3148 quod
671 3069 715 3130 ad
730 3068 964 3131 eruditionem
980 3068 1115 3144 attinet,
1131 3069 1194 3131 sed
1215 3068 1322 3131 etiam
1342 3069 1435 3149 quod
1457 3070 1502 3132 ad
1523 3070 1572 3133 in·

347 3174 571 3238 stitutionem
584 3174 779 3254 juventutis
793 3175 828 3237 in
845 3175 972 3237 litteris
985 3175 1090 3237 simul
1105 3191 1148 3236 ac
1161 3174 1330 3237 moribus.

402 3280 455 3341 40.
498 3280 537 3342 ln
552 3281 794 3359 spiritualibus
809 3280 915 3344 etiam
932 3293 1004 3343 tam
1020 3279 1155 3343 Romae
1169 3298 1277 3360 quam
1291 3282 1327 3343 in
1343 3281 1430 3344 locis
1446 3282 1573 3345 vicinis

344 3390 454 3450 multa
479 3400 662 3467 praestare
682 3398 846 3468 poterant
868 3388 1090 3468 collegiales,
1114 3404 1195 3451 cum
1214 3387 1361 3466 triginta
1386 3388 1454 3451 hoc
1477 3406 1572 3454 anno

345 3494 549 3557 sacerdotes
575 3496 621 3557 ibi
647 3495 788 3565 suerint,
816 3506 850 3559 et
876 3495 1018 3576 quidem
1037 3495 1159 3558 decem
1186 3513 1231 3558 ex
1256 3496 1307 3558 eis
1332 3498 1485 3574 promoti
1506 3496 1573 3560 sub

345 3599 419 3679 ejus
435 3602 550 3665 finem.
574 3602 617 3665 Et
638 3603 720 3682 quia
741 3620 785 3665 ex
805 3603 968 3665 omnibus
987 3603 1190 3666 nationibus
1209 3602 1483 3666 christianorum
1505 3602 1572 3665 Ro·

343 3725 438 3771 mam
454 3710 552 3771 multi
569 3710 769 3787 veniebant,
787 3727 867 3773 cum
880 3710 924 3771 ad
937 3726 1019 3771 suos
1031 3709 1204 3787 redibant,
1218 3709 1348 3771 bonum
1361 3709 1506 3772 odorem
1515 3711 1571 3772 vi-

343 3826 400 3877 tae
415 3816 643 3895 spargebant,
660 3829 692 3880 et
708 3818 757 3880 ita
773 3835 817 3879 ex
832 3816 984 3879 diversis
998 3815 1120 3895 regnis
1131 3818 1188 3878 vel
1199 3816 1349 3894 collegia
1364 3817 1420 3877 vel
1433 3816 1571 3880 univer-

343 3921 466 3985 sitates
479 3920 646 3986 Societati
659 3923 907 3986 offerebantur.
923 3922 968 3985 Et
983 3924 1065 4004 quia
1081 3922 1116 3983 in
1131 3922 1255 3985 eodem
1267 3923 1417 4000 collegio
1430 3934 1572 4003 praeter

384 4126 393 4157 ¹
424 4126 485 4170 Otto
496 4126 637 4171 Truchsess
648 4128 678 4171 de
691 4127 841 4181 waldburg.

382 4198 395 4230 ¹
423 4198 533 4250 joannes
545 4198 656 4250 Carano,
669 4198 727 4243 Dux
739 4200 768 4242 di
778 4198 903 4243 Fauiano
912 4210 981 4243 anno
990 4200 1105 4253 sequenti
1114 4206 1229 4243 mentun.
1243 4199 1310 4243 Vide
1323 4200 1419 4243 Carras
1428 4201 1461 4244 de
1469 4201 1525 4244 San
1533 4200 1573 4253 lg·

345 4272 433 4319 arecio,
443 4280 461 4313 t.
472 4282 508 4321 tv,
519 4282 578 4325 pag.
591 4272 636 4315 llss.

383 4342 394 4373 ὃ
423 4341 468 4385 hls.
479 4343 556 4387 hahet
567 4344 612 4387 sic:
624 4346 649 4385 et
659 4345 785 4396 gravium
796 4352 917 4385 verorum
928 4352 1054 4386 cortsessu
1070 4343 1164 4394 grauis
1179 4342 1331 4385 habebatur
1346 4345 1470 4397 dialogus
1486 4346 1573 4398 quiin

342 4412 429 4455 lucem
441 4414 579 4467 adoratum·
589 4416 633 4457 sed
644 4414 828 4457 emendandum
840 4414 945 4456 videtur
955 4422 983 4455 ut
993 4424 1040 4456 nos
1049 4413 1164 4456 lecimus
1181 4413 1286 4467 Dialogi
1296 4424 1389 4458 auctor
1406 4415 1454 4459 fuit
1469 4416 1502 4457 P.
1520 4416 1573 4459 Aa·

343 4483 420 4527 dreus
432 4484 545 4540 Fruelue,
561 4492 588 4528 et
598 4486 716 4539 quamvis
726 4486 789 4529 nihil
802 4486 867 4528 certi
879 4485 1008 4528 affirmare
1018 4485 1154 4538 possimus.
1165 4485 1243 4528 valde
1251 4486 1414 4539 suspicemur
1424 4498 1481 4529 eum
1492 4487 1573 4531 dialo-

342 4567 404 4610 gum
416 4558 520 4600 tandem
531 4558 608 4614 typis,
621 4565 648 4601 ut
659 4558 804 4611 petebatur,
822 4568 959 4600 excussum
976 4568 1042 4600 esee:
1062 4558 1137 4610 plura
1148 4557 1216 4599 enlm
1233 4557 1360 4609 exrrnpla,
1370 4568 1447 4610 quam
1461 4563 1491 4600 ut
1507 4568 1573 4601 com·

344 4628 416 4673 mode
428 4640 504 4671 manu
514 4630 591 4673 scribi
603 4637 715 4683 possent,
726 4640 772 4683 per
783 4628 923 4673 Societatis
935 4627 1051 4682 eoltegta
1062 4628 1200 4672 distributa
1209 4634 1276 4678 sunt.
1285 4634 1312 4671 ut
1323 4626 1486 4673 videbiturln
1496 4627 1571 4672 Nona

343 4698 421 4743 Seria
431 4700 587 4743 litterarum
599 4700 693 4743 Sancti
702 4700 812 4753 Ignatii.
