3717 5400
799 488 863 547 Au.
887 488 957 548 1555
1441 488 1498 547 563

263 633 362 698 cives
385 636 683 716 Ulyssiponenses
706 653 777 699 non
803 650 911 713 aegre
935 633 1098 697 serebant
1116 633 1268 696 liliorum
1294 632 1496 713 ingressum

264 743 311 807 ad
327 742 556 822 religionem,
578 742 686 806 immo
707 740 852 823 quidam
873 742 920 805 ad
938 742 1082 804 scholas
1101 749 1245 803 nostras
1267 756 1311 803 eo
1332 741 1498 804 libentius

264 849 357 913 filios
372 850 568 927 mittebant,
586 850 679 931 quod
695 850 889 930 sperabant
904 864 1026 912 eorum
1042 848 1180 911 animos
1195 846 1241 910 ad
1253 847 1435 926 religionis
1446 848 1496 911 in·

266 973 429 1036 gressum
444 957 497 1019 sic
511 956 675 1019 inclinari
690 973 807 1036 posse.

328 1062 417 1126 1546.
462 1062 583 1127 Lectio
598 1080 743 1126 casuum
756 1062 996 1126 conscientiae
1007 1062 1095 1125 satis
1103 1062 1271 1142 frequens
1282 1062 1496 1126 auditorium

265 1170 493 1234 sacerdotum
513 1181 674 1233 nostrum
696 1180 731 1233 et
751 1169 900 1232 aliorum
920 1168 1072 1232 fratrum
1095 1180 1129 1231 et
1145 1179 1373 1233 externorum
1389 1170 1496 1233 etiam

264 1276 430 1351 habebat,
448 1287 483 1340 et
497 1286 639 1357 praeter
654 1276 886 1356 repetitiones
901 1274 1126 1357 quotidianas
1142 1286 1224 1338 ante
1245 1276 1360 1357 ipsam
1380 1276 1497 1339 lectio·

263 1400 357 1459 nem,
375 1392 409 1446 et
424 1400 546 1446 coram
566 1383 643 1464 ipso
663 1392 894 1463 praeceptore
920 1390 941 1459 ¹,
965 1382 1088 1446 diebus
1105 1383 1245 1446 sabbati
1267 1382 1496 1446 conserebant

265 1490 308 1554 de
323 1490 379 1553 his
395 1492 569 1569 omnibuS,
587 1507 677 1571 quae
694 1490 729 1552 in
744 1489 969 1553 hebdomada
980 1491 1162 1569 praelecta
1174 1498 1287 1552 erant.
1304 1489 1496 1553 Humanio-

264 1613 343 1661 rum
366 1607 485 1659 autem
508 1598 705 1659 litterarum
727 1596 892 1676 discipuli
912 1586 1060 1659 numero
1084 1596 1266 1677 quingenti
1291 1604 1394 1660 erant
1418 1599 1498 1678 plus

265 1704 393 1781 minus,
411 1704 448 1766 in
468 1705 647 1783 publicum
662 1705 866 1782 catalogum
883 1703 1037 1779 redacti,
1054 1713 1197 1783 praeter
1216 1704 1368 1784 quinque
1390 1714 1425 1768 et
1446 1705 1496 1768 vi·

265 1812 368 1891 ginti,
385 1812 446 1891 qui
462 1811 527 1873 sub
543 1822 761 1889 autumnum,
779 1828 823 1873 ex
846 1811 960 1891 prima
984 1813 1099 1874 classe
1121 1812 1166 1873 ad
1186 1812 1375 1890 graviores
1394 1811 1493 1876 disci·

266 1918 384 1997 plinas
400 1918 639 1996 capessendas
654 1917 723 1980 alio
739 1918 1034 1997 commigrarunt,
1051 1934 1130 1980 cum
1147 1917 1347 1997 ingraecis
1365 1928 1399 2003 et
1419 1920 1495 1982 lati·

262 2018 320 2088 nis
336 2024 464 2089 litteris
479 2042 550 2087 rton
565 2040 693 2103 parum
707 2024 983 2105 promovissent.

328 2130 416 2195 1547.
461 2130 727 2210 Colligebantur
750 2140 869 2194 autem
883 2147 931 2193 ex
945 2133 1013 2193 boc
1032 2147 1120 2210 agro
1137 2130 1334 2211 juventutis
1355 2130 1495 2213 amplis·

265 2238 345 2302 simi
357 2238 495 2302 fructus
511 2237 587 2300 sive
603 2238 745 2300 virtutis
765 2238 842 2301 sive
861 2234 1045 2301 doctrinae
1066 2239 1158 2301 ratio
1180 2238 1365 2303 habeatur.
1392 2237 1494 2302 Prae·

265 2355 430 2426 ceptores
445 2347 603 2425 impense
618 2344 829 2424 diligebant;
845 2345 982 2408 nobiles
1001 2354 1035 2407 et
1057 2345 1232 2425 ignobiles
1253 2347 1350 2409 nullo
1374 2346 1495 2411 discri-

264 2454 360 2517 mine
375 2453 614 2532 babebantur;
630 2468 696 2514 nec
717 2452 776 2514 alii
800 2452 950 2514 aliorum
971 2451 1248 2515 familiaritatem
1268 2453 1494 2532 respuebant;

263 2561 386 2639 immo,
403 2577 472 2641 quo
488 2560 637 2641 quisque
652 2559 805 2623 nobilior
819 2568 906 2637 erat,
921 2576 965 2621 eo
977 2559 1142 2623 libentius
1155 2560 1314 2640 parebat.
1328 2560 1402 2623 Nec
1413 2577 1496 2624 con·

263 2668 352 2733 tenti
363 2665 858 2744 menstruisconsessionibus‚
873 2666 1169 2731 extraordinariis
1180 2668 1399 2747 temporibus
1411 2669 1496 2732 mul·

262 2777 291 2840 ti
321 2784 547 2839 sacramenta
576 2774 867 2855 frequentabant,
897 2784 932 2838 et
961 2790 1042 2837 cum
1070 2775 1201 2854 alioqui
1230 2775 1496 2841 adolescentum

261 2883 406 2963 ingenia
421 2900 493 2946 non
508 2881 613 2945 facile
630 2882 675 2944 ad
690 2882 858 2945 virtutem
873 2882 1118 2960 traducantur,
1134 2899 1201 2945 nec
1221 2883 1257 2946 in
1277 2901 1319 2946 ea
1341 2884 1496 2950 traducti

244 2991 493 3068 retineantur,
514 3006 556 3052 eo
579 2989 695 3068 magis
717 2988 865 3052 istorum
888 2991 924 3052 in
947 2989 1038 3051 bono
1059 2987 1259 3069 proiectum
1279 3000 1314 3052 et
1332 3008 1495 3071 perseve-

261 3096 415 3161 rantiam
430 3095 544 3159 nostri
560 3095 794 3158 mirabantur.

323 3202 412 3267 1548.
456 3203 588 3266 Aestus
614 3201 765 3268 saevitia
788 3199 920 3264 nullius
940 3201 1094 3266 studium
1118 3203 1336 3280 retardabat;
1359 3214 1495 3268 etcum

261 3311 345 3375 alibi
370 3328 411 3374 eo
438 3318 597 3390 tempore
622 3323 754 3387 magna
785 3308 948 3388 paucitas
977 3325 1055 3370 esse
1091 3311 1220 3388 soleat,
1247 3320 1383 3391 septem
1406 3313 1494 3376 clas-

259 3435 318 3482 ses
342 3417 616 3499 grammaticam
644 3413 841 3492 docebant;
871 3415 1074 3494 theologiae
1103 3433 1208 3479 casus
1244 3425 1411 3482 octavam
1437 3436 1495 3481 oc·

261 3525 453 3606 cupabant,
470 3541 536 3586 nec
552 3521 719 3586 subsellia
742 3520 815 3601 iam
841 3537 971 3602 capere
996 3524 1289 3601 supervenientes
1313 3534 1490 3604 poterant,

260 3643 299 3697 ut
318 3631 560 3696 necessarium
586 3631 703 3693 visum
721 3628 827 3692 fuerit
843 3629 1029 3693 consilium
1050 3629 1134 3692 illud
1149 3631 1193 3694 de
1208 3629 1306 3694 aditu
1321 3649 1393 3694 non
1414 3650 1495 3713 pro-

260 3740 396 3803 miscue
411 3737 574 3801 omnibus
589 3733 817 3800 concedendo
833 3744 855 3814 ²,
884 3752 965 3799 cum
991 3735 1182 3816 praecipue
1199 3737 1244 3800 ad
1259 3754 1323 3800 sex
1340 3739 1495 3803 scholas·

260 3844 432 3910 reducere
447 3859 571 3906 omnes
586 3844 728 3906 vellent:
745 3843 824 3905 ideo
840 3843 885 3905 ad
899 3841 1057 3906 infimam
1073 3845 1206 3906 nullum
1222 3844 1362 3909 admitti
1375 3846 1496 3910 volue-

261 3949 384 4017 rant’.
421 3985 429 3999 =

322 4057 411 4122 1549.
454 4057 493 4122 In
508 4066 645 4120 aestate
660 4066 791 4132 tamen,
809 4065 846 4120 ut
863 4073 953 4120 onus
968 4058 1227 4137 sublevaretur,
1246 4057 1352 4122 binae
1375 4060 1495 4141 singu·

259 4167 302 4229 lis
316 4165 614 4247 praelectionibus
637 4164 747 4228 horae
769 4181 874 4227 mane
895 4173 931 4227 et
946 4164 1092 4228 totidem
1116 4182 1137 4227 a
1161 4164 1339 4245 prandio⁴
1363 4166 1496 4232 daban·

299 4439 308 4474 Ι
337 4440 367 4484 P.
376 4439 518 4485 Franclsco
530 4439 683 4495 Rodrlguez.
695 4439 759 4484 Vide
770 4451 859 4495 supra,
869 4449 931 4495 pag.
941 4439 991 4494 559,
1002 4451 1028 4484 n.
1040 4439 1100 4484 1536.

299 4511 311 4545 ¹
337 4511 609 4567 videsuprammtta.

299 4581 311 4614 ³
338 4581 384 4628 Ms.
395 4585 475 4628 babet
485 4583 781 4629 voluerat—Postrema
795 4585 860 4629 baec
870 4585 965 4628 verba:
979 4583 1042 4629 Cum
1052 4585 1201 4639 praecipue
1211 4585 1249 4628 ad
1258 4595 1307 4630 sex
1317 4586 1424 4631 scholas
1425 4616 1496 4634 ........

259 4661 337 4697 mann
347 4665 394 4699 aua
404 4655 508 4710 scripsit
519 4655 552 4699 ad
563 4665 636 4699 oram
647 4655 758 4710 paginae
770 4656 824 4710 lpse
835 4655 978 4699 Potaacns.

301 4722 314 4756 ⁴
339 4725 429 4778 trane,
439 4729 465 4770 et
475 4727 587 4770 totidem
599 4737 615 4768 a
623 4727 741 4781 prandio
753 4727 861 4772 inseruit
873 4727 1033 4770 interlineas
1043 4725 1172 4770 Polancus
1183 4739 1230 4772 sna
1241 4739 1327 4773 mann.
