3717 5400
793 483 855 543 Aa.
879 482 951 543 1555
1430 484 1492 543 575

252 628 355 694 chior
370 629 471 695 Cotta
487 648 526 693 se
546 631 716 707 exercuit,
740 631 886 693 multum
913 627 1102 693 admodum
1122 628 1344 693 auditoribus
1363 639 1484 693 contu·

253 738 305 815 lit,
321 752 402 801 curn
417 752 480 799 eos
491 738 537 801 ad
548 746 853 801 sacramentorum
868 736 1032 800 crebrum
1043 746 1077 799 et
1088 736 1185 817 pium
1196 753 1297 799 usum
1308 746 1343 800 et
1354 736 1401 799 ad
1412 736 1483 800 alia

253 844 397 925 pietatis
410 860 518 925 opera
542 844 711 908 alliceret.
737 842 817 907 Viri
838 852 976 914 tanturn
997 852 1031 906 et
1053 858 1126 906 non
1147 842 1322 907 foeminae
1343 843 1390 907 ad
1404 860 1490 907 eam.

254 950 525 1027 conveniebant,
542 950 624 1031 quia
638 951 675 1014 in
690 951 770 1013 aula
790 949 945 1029 quadam
960 950 1048 1013 satis
1066 951 1184 1030 ampla
1204 968 1246 1013 ea
1259 952 1484 1031 proponeba-

255 1067 323 1135 tur,
342 1058 405 1121 sed
420 1058 465 1121 ad
484 1074 591 1138 quam
609 1057 780 1121 foeminas
803 1057 990 1121 admittere
1008 1074 1080 1120 non
1101 1056 1242 1119 deceret
1261 1074 1325 1120 nec
1341 1057 1487 1137 expedi·

255 1174 320 1229 ret.
337 1163 391 1229 Ita
406 1175 524 1229 autem
538 1164 666 1229 animis
685 1164 1001 1228 commovebantur
1020 1162 1126 1245 hujus
1146 1164 1329 1228 doctrinae
1349 1164 1490 1229 audito-

255 1288 324 1351 res,
341 1283 378 1337 ut
393 1274 505 1336 abusu
516 1270 812 1353 juramentorum,
828 1272 1087 1336 detractionum
1103 1280 1138 1335 et
1153 1271 1303 1335 aliorum
1317 1282 1487 1352 peccato-

255 1396 334 1443 rum
348 1379 484 1455 relicto,
500 1380 650 1458 singulis
665 1380 860 1459 quibusque
874 1378 1066 1456 mensibus,
1082 1388 1118 1442 et
1132 1378 1233 1442 multi
1247 1387 1376 1442 octavo
1397 1395 1482 1460 quo-

255 1502 324 1567 que
339 1487 407 1565 die,
424 1486 686 1566 confiterentur,
706 1496 741 1549 et
756 1484 822 1549 sub
844 1486 928 1549 anni
942 1472 1080 1548 initium
1100 1484 1146 1548 ad
1164 1486 1336 1549 ducentos
1354 1486 1485 1549 horum

255 1610 425 1657 numerus
439 1592 665 1657 ascendebat.
682 1590 832 1656 Nostros
848 1600 968 1655 autem
988 1593 1095 1656 iidem
1114 1608 1221 1673 saepe
1242 1591 1482 1656 sollicitabant

256 1700 302 1765 ad
317 1700 478 1775 aliorum,
495 1700 555 1782 qui
576 1700 699 1763 morbo
715 1698 989 1778 afflictabantur,
1009 1699 1253 1763 confessiones
1274 1698 1488 1776 audiendas,

256 1818 291 1869 et
306 1807 460 1887 gratiam
476 1806 567 1870 inter
582 1806 765 1870 discordes
779 1806 1073 1887 componendam,
1084 1816 1120 1869 et
1134 1804 1205 1870 alia
1221 1805 1436 1887 hujusmodi3
1448 1815 1489 1871 et

256 1930 336 1977 cum
359 1915 426 1977 hoc
448 1914 564 1978 studio
580 1913 766 1977 charitatis
780 1914 991 1977 cernebatur
1005 1914 1042 1977 in
1056 1914 1112 1977 his
1131 1912 1332 1977 hominihus
1352 1929 1483 1993 magna

256 2020 422 2101 propriae
446 2020 641 2085 voluntatis
665 2020 855 2100 abnegatio
880 2029 914 2083 et
940 2019 1087 2083 honoris
1111 2019 1357 2100 despicientia,
1384 2018 1490 2100 cujus

255 2136 376 2192 tamen
390 2124 520 2191 affectu
534 2126 633 2207 prius
647 2124 859 2206 flagrabant,
876 2135 911 2191 et
922 2126 1097 2191 submisse
1111 2144 1259 2207 prorsus
1268 2144 1312 2189 ac
1326 2126 1487 2191 modeste

255 2250 294 2297 se
313 2234 498 2314 gerebant.

319 2339 407 2406 1585.
451 2340 559 2406 lidem
588 2342 768 2424 oppressis
792 2351 952 2422 egestate
975 2342 1177 2406 hominibus
1205 2342 1489 2423 opitulabantur,

256 2450 523 2529 aegrotantibus
548 2448 820 2529 subveniebant,
847 2449 1027 2529 publicam
1052 2449 1251 2514 custodiam
1272 2449 1428 2529 adibant,
1450 2459 1485 2514 et

255 2565 398 2637 praeter
413 2556 483 2620 alia
497 2556 666 2621 beneficia
682 2572 772 2638 quae
787 2556 856 2620 illis
871 2556 1112 2637 conferebant,
1128 2557 1269 2637 ipsimet
1289 2557 1335 2620 ad
1349 2557 1485 2622 iontem

255 2662 435 2744 publicum
450 2680 539 2728 vasa
559 2663 766 2745 portabant,
788 2679 879 2745 quae
899 2664 952 2728 eis
973 2663 1153 2728 adferrent
1174 2665 1235 2746 qui
1258 2664 1295 2729 in
1321 2665 1486 2730 custodia

256 2771 478 2852 tenebantur;
494 2772 588 2852 quod
604 2789 642 2836 se
657 2770 815 2836 facturos
830 2771 914 2836 dum
927 2773 1091 2836 viverent
1106 2773 1204 2852 prius
1222 2773 1291 2853 ipsi
1310 2790 1383 2836 non
1405 2791 1485 2854 spe-

256 2889 409 2958 rassent;
429 2880 492 2943 sed
516 2879 700 2944 charitatis
724 2887 759 2942 et
780 2879 987 2943 humilitatis
1007 2881 1189 2960 profectus
1207 2880 1254 2945 ad
1273 2881 1488 2944 sententiam

257 2986 464 3051 mutandam
479 3005 539 3051 eos
555 2985 713 3051 adduxit.

320 3091 407 3157 1586.
450 3094 490 3157 ln
504 3094 775 3174 supplicatione,
796 3111 903 3175 quam
922 3092 1195 3158 Misericordiae
1205 3096 1356 3174 fratres
1376 3096 1491 3176 publi·

255 3217 337 3265 cam
351 3201 562 3280 habuerunt,
580 3219 660 3264 cum
672 3212 813 3265 centum
825 3211 860 3266 et
872 3201 994 3267 decem
1007 3219 1045 3266 se
1056 3202 1180 3282 flagris
1191 3203 1393 3282 caederent,
1407 3220 1487 3266 cen·

255 3316 331 3372 tum
356 3326 401 3372 ex
426 3309 477 3372 eis
499 3309 675 3373 numerati
694 3317 775 3373 sunt
798 3309 858 3390 qui
877 3306 1111 3373 Sacramenta
1130 3309 1228 3374 dorni
1248 3319 1394 3374 nostrae
1418 3309 1486 3372 ire-

255 3417 473 3495 quentabant
490 3415 510 3479 ¹.
527 3415 794 3497 componebant
808 3425 844 3478 et
856 3417 924 3498 ipsi
936 3433 1062 3496 pacem
1074 3417 1165 3480 inter
1177 3417 1278 3497 alios,
1291 3426 1326 3480 et
1338 3415 1491 3496 iniurias

255 3521 322 3586 sibi
337 3522 453 3586 illatas
469 3522 729 3586 condonabant.

318 3628 406 3692 1587.
450 3628 517 3692 Per
532 3631 692 3694 eamdem
705 3631 889 3694 doctrinae
901 3630 1119 3694 christianae
1130 3630 1388 3711 expositionem
1400 3632 1491 3693 mul«

256 3744 293 3800 ta
308 3733 482 3800 Dominus
497 3754 560 3818 per
575 3749 826 3819 praeceptores
847 3737 883 3802 in
903 3737 1128 3802 scholasticis
1148 3738 1379 3818 operabatur;
1395 3744 1485 3803 'nam

256 3842 404 3925 quisque
419 3844 455 3908 in
470 3844 552 3908 aula
566 3861 631 3908 sua
645 3843 831 3910 dominicis
846 3844 970 3909 diebus
981 3845 1106 3910 eadem
1118 3845 1208 3908 hora
1219 3845 1416 3925 discipulos
1427 3843 1488 3907 do·

254 3950 370 4030 cebat,
387 3968 456 4030 qua
472 3952 609 4016 externi
624 3952 786 4016 homines
802 3953 871 4016 alio
885 3953 921 4016 in
936 3954 1015 4017 loco
1027 3952 1257 4024 docebantur.
1274 3951 1314 4015 In
1328 3953 1485 4016 omnium

256 4065 374 4120 autem
389 4058 560 4121 virtutum
574 4061 757 4140 exemplar
773 4059 977 4124 scholastici
992 4060 1219 4139 crescebant,
1236 4068 1271 4122 et
1286 4076 1371 4122 suos
1385 4075 1490 4139 prae-

253 4175 417 4244 ceptores
432 4163 489 4245 pie
505 4164 697 4228 admodum
712 4165 886 4243 colebant;
900 4183 967 4229 nec
979 4165 1136 4229 contenti
1147 4165 1339 4229 menstruis
1351 4164 1486 4228 conses-

253 4269 412 4333 sionibus
427 4270 528 4334 multi
542 4283 672 4335 octavo
687 4288 827 4352 quoque
843 4272 899 4337 die
914 4271 1174 4336 confitebantur
1193 4281 1227 4334 et
1247 4271 1487 4335 communica·

253 4377 350 4455 bant,
377 4386 411 4441 et
436 4393 566 4457 magno
593 4377 700 4442 animi
726 4378 853 4442 ardore
878 4378 1077 4459 spiritualia
1104 4376 1275 4442 exercitia
1296 4392 1488 4458 proseque-

294 4655 303 4687 ¹
331 4652 398 4698 Vide
413 4653 536 4698 Litterae
554 4655 788 4709 Quadrlmestres,
802 4659 820 4702 t.
836 4667 873 4710 111,
889 4669 948 4712 pag.
964 4657 1005 4700 153
1018 4663 1046 4700 et
1060 4666 1123 4710 seq„
1140 4655 1233 4710 qulbus
1247 4656 1341 4708 multa,
1359 4665 1425 4710 quae
1445 4656 1493 4700 hlc

251 4731 361 4770 enarrat
374 4726 511 4778 Polancus,
521 4727 715 4772 confirmantur.
