3717 5400
804 496 869 555 Au.
892 497 963 555 1555
1191 504 1198 515 ·
1445 497 1498 559 441

268 652 334 721 ret,
352 643 445 707 idem
459 644 659 725 expetebat,
673 652 708 709 et
721 644 913 724 quamdam
923 642 1168 707 universitatis
1179 644 1410 709 imitationem
1423 660 1501 724 per·

269 761 505 829 opportunam
519 751 567 814 ibi
581 768 660 814 esse
676 751 860 829 censebat,
877 749 972 831 quod
987 768 1032 814 ex
1053 748 1248 815 Cantabria
1268 759 1302 815 et
1322 749 1503 813 montibus

270 857 352 921 huic
372 858 511 921 civitati
529 858 659 922 vicinis
685 860 754 922 hac
773 858 910 923 ratione
929 857 1143 939 profundam
1167 858 1407 938 ignorantiam
1427 858 1501 921 evi·

270 964 340 1029 tari
355 963 415 1047 [et]
430 965 606 1029 eliminari
619 983 724 1045 posse
742 966 981 1045 existimabat;
994 982 1077 1029 narn
1088 965 1251 1029 homines
1265 965 1406 1029 illarum
1420 982 1499 1045 pro-

270 1073 472 1137 vinciarum
485 1072 741 1138 Salmanticam
755 1083 817 1137 aut
832 1073 1073 1155 Complutum,
1090 1074 1198 1137 studii
1211 1073 1345 1153 gratia,
1362 1073 1414 1136 ire
1428 1089 1500 1135 non

270 1191 418 1259 possunt
432 1191 575 1262 propter
591 1190 846 1262 paupertatem,
865 1178 925 1263 [et]
941 1182 1028 1245 satis
1050 1199 1088 1245 se
1107 1180 1265 1244 facturos
1281 1179 1501 1243 arbitraban-

271 1296 338 1363 tur,
354 1288 386 1351 si
400 1288 532 1369 aliquid
547 1289 800 1369 grammatices
814 1289 1015 1369 attigissent
1030 1299 1066 1351 et
1086 1296 1222 1351 tantum
1244 1286 1374 1367 Burgis
1388 1287 1503 1368 prole*

270 1394 403 1459 cissent
418 1396 453 1457 in
468 1412 523 1477 ea,
538 1404 589 1473 ut,
605 1396 688 1459 dum
703 1413 741 1460 se
751 1396 1060 1477 patrimonialibus
1070 1394 1250 1459 beneficiis
1264 1394 1501 1475 opponebant,

270 1500 430 1564 obtinere
448 1501 508 1565 illa
529 1512 675 1583 possent
698 1502 719 1567 ¹.
742 1503 887 1567 Interim
908 1504 1014 1568 tertia
1035 1503 1092 1566 die
1115 1502 1251 1581 Aprilis
1272 1500 1503 1565 fundamenta

271 1608 404 1687 aperiri
419 1619 547 1690 coepta
561 1620 643 1673 sunt
662 1611 708 1674 ad
723 1627 826 1675 usum
850 1610 1038 1689 ecclesiae;
1056 1620 1091 1672 et
1105 1609 1288 1689 tepiditate
1309 1625 1352 1671 ac
1375 1607 1503 1671 deinde

271 1725 385 1779 morte
400 1716 551 1780 Abbatis
564 1718 791 1796 succedente,
814 1716 1060 1797 imperfectum
1079 1724 1192 1779 totum
1212 1715 1297 1778 illud
1317 1732 1406 1795 opus
1424 1714 1504 1777 reli«

271 1834 369 1886 ctum
387 1834 452 1886 est.

332 1930 378 1994 Et
392 1930 482 1994 haec
496 1930 540 1995 de
555 1931 731 2011 Burgensi
746 1932 917 2011 Collegio.

272 2358 338 2423 DE
353 2358 591 2423 COLLEGIO
606 2358 888 2437 OGNATENSI,
910 2357 1143 2423 ABULENSI
1163 2357 1224 2421 ET
1244 2356 1504 2423 CONCHENSI

339 2680 427 2746 1185.
469 2682 639 2748 Praeerat
654 2682 812 2763 Collegio
828 2680 1026 2763 Ognatensi
1041 2681 1079 2745 P.
1095 2682 1248 2746 Michael
1259 2680 1396 2746 Ochioa
1406 2678 1430 2759 ¹,
1442 2696 1506 2745 na·

275 2807 417 2870 varrus,
434 2801 470 2853 et
484 2791 555 2854 duo
570 2809 614 2854 ex
630 2791 761 2854 nostris
776 2789 945 2853 iratribus
959 2799 1097 2853 tantum
1112 2807 1192 2853 cum
1207 2789 1266 2853 illo
1282 2799 1394 2852 erant.
1415 2786 1507 2852 Ver*

276 2899 423 2963 sabatur
438 2907 557 2961 autem
571 2914 703 2978 magno
718 2915 799 2962 cum
814 2897 933 2961 fructu
948 2897 985 2960 in
999 2897 1203 2962 ministeriis
1217 2897 1412 2975 consuetiS,
1429 2904 1505 2960 tum

275 3007 313 3070 in
328 3023 381 3086 eo,
399 3014 474 3070 tum
489 3006 526 3068 in
540 3005 671 3069 vicinis
685 3004 835 3092 oppidis
859 3006 894 3069 in
916 3006 1044 3085 quibus
1065 3005 1322 3084 concionand0‚
1344 3003 1505 3068 christia·

276 3129 360 3176 nam
384 3112 584 3176 doctrinam
604 3113 776 3192 docendo,
800 3121 835 3176 et
855 3111 1091 3176 confessionis
1110 3130 1153 3175 ac
1172 3111 1429 3175 communionis
1451 3129 1507 3174 sa*

277 3229 461 3285 cramenta
486 3220 730 3298 ministrando,
748 3221 785 3283 in
804 3221 998 3284 vernacula
1017 3220 1269 3283 cantabrorum
1289 3218 1410 3297 lingua
1428 3235 1507 3298 pcr=

276 3328 398 3392 utilem
413 3344 560 3408 operam
574 3327 625 3390 illi
638 3329 737 3406 genti
750 3328 919 3390 navabat.

341 3435 429 3499 1186.
472 3435 525 3498 Eo
539 3453 578 3498 se
593 3435 740 3498 contulit
754 3434 793 3498 P.
809 3433 1055 3512 Provincialis,
1072 3434 1203 3512 Araoz,
1220 3433 1336 3512 Aprili
1348 3449 1469 3496 mense
1480 3430 1506 3508 ³,

278 3543 423 3607 obtenta
439 3560 460 3605 a
475 3540 640 3622 Principe
653 3542 794 3624 Joanna
808 3543 987 3621 facultate,
1004 3551 1043 3604 ut
1058 3541 1232 3622 quaedam
1250 3539 1379 3622 gravia
1398 3555 1508 3619 nego*

278 3651 329 3714 tia
352 3668 432 3714 curn
457 3648 664 3713 Marchione
689 3649 732 3712 de
754 3646 887 3718 Satria.
912 3650 973 3729 qui
993 3648 1145 3712 Romam
1167 3648 1324 3728 Legatos
1347 3647 1507 3710 mitteba-

279 3766 337 3821 tur
352 3755 375 3834 ⁸,
391 3765 581 3834 tractaret;
597 3764 631 3818 et
645 3765 765 3818 tamen
779 3756 878 3820 illurn
892 3767 1105 3837 assequutus
1119 3773 1191 3818 non
1205 3765 1270 3834 est,
1291 3771 1374 3817 narn
1394 3753 1509 3834 pridie

280 3863 357 3944 ejus
371 3864 452 3941 diei,
469 3881 538 3943 quo
553 3864 592 3927 P.
608 3862 845 3928 Provincialis
858 3881 901 3926 eo
920 3872 1145 3943 pervenerat,
1167 3860 1248 3926 inde
1265 3859 1338 3941 iam
1358 3861 1507 3940 naviga-

278 3981 393 4034 verat.
409 3970 532 4052 ltaque
553 3968 591 4034 P.
616 3969 749 4050 Araoz,
775 3971 941 4051 quamvis
966 3972 1002 4034 in
1027 3970 1251 4050 pleuritidem
1270 3968 1443 4033 inciderat
1462 3985 1509 4036 ex

320 4255 330 4284 ¹
358 4249 456 4294 Senon·
465 4251 508 4294 laic
517 4257 611 4294 estam.
621 4257 647 4293 et
658 4255 761 4294 tantum
777 4249 873 4304 Burgi·
887 4249 913 4294 ln
927 4250 1103 4303 grammatica
1117 4249 1295 4303 proiecissent.
1312 4253 1340 4294 ut
1355 4255 1461 4304 possent
1475 4250 1510 4296 ad

277 4323 458 4368 ecclesiatica
468 4322 602 4373 beneficia,
617 4333 683 4377 quae
693 4321 890 4377 patrimonialia
905 4329 975 4374 sunt,
986 4321 1104 4376 aspirare
1119 4333 1210 4375 eaque,
1224 4329 1283 4376 port
1298 4328 1436 4366 consuetur
1449 4331 1511 4365 exa·

278 4395 434 4439 mlnatloner
443 4400 470 4438 et
480 4395 667 4448 experimenta,
677 4395 804 4438 obtinere.

319 4469 332 4500 ²
359 4466 831 4521 Sic3froquentiusetrcctiurochra.
1266 4495 1268 4502 .

320 4540 332 4572 ⁸
359 4539 406 4584 liu
416 4539 495 4582 robur
510 4539 643 4593 acciplunt
657 4549 724 4594 quae
739 4538 910 4594 conjectando
920 4538 1033 4583 diximus
1042 4537 1068 4582 ln
1085 4537 1180 4581 Carras
1195 4538 1230 4582 de
1244 4538 1302 4582 San
1315 4539 1434 4593 lauacro,
1448 4545 1468 4584 t.
1484 4551 1512 4595 v,

279 4622 343 4667 pag.
352 4611 399 4661 ιω,
409 4618 500 4656 annor.
511 4613 530 4655 1.

322 4684 334 4716 ⁴
360 4684 541 4728 Ferdlnnndnr
552 4683 617 4728 Ruiz
627 4685 658 4727 de
670 4684 764 4728 Castro
774 4690 801 4728 et
811 4683 946 4738 Por-rugai,
957 4682 1074 4727 Marcbio
1089 4681 1099 4726 1
1115 4684 1146 4726 de
1159 4682 1257 4730 Satria.
1268 4683 1335 4728 Vide
1352 4696 1440 4740 cupra,
1450 4697 1513 4740 put.

278 4757 416 4808 Quados.
430 4758 452 4801 2.
