3717 5400
799 470 865 530 An.
888 471 959 529 1555
1442 472 1500 531 tao

263 618 434 682 rectioris
448 618 576 681 aetatis
589 627 625 681 et
635 616 805 697 juniores
822 633 903 680 cum
917 616 1118 680 reverentia
1134 627 1253 679 tamen
1269 634 1311 679 ac
1333 616 1497 680 decentia

261 743 327 789 eos
342 725 590 789 admonebant.
607 725 651 787 Et
665 725 733 788 hoc
748 742 769 787 a
783 722 916 787 nostris
930 723 1142 803 perlibenter
1158 722 1348 785 audiebant
1363 734 1398 785 01
1413 724 1496 787 abu·

200 913 203 917 ι
265 850 346 896 sum
361 832 459 896 illum
475 831 721 895 emendabant.
738 831 783 893 Et
798 830 929 894 accidit
943 830 1145 911 aliquando,
1163 831 1191 891 si
1208 830 1286 909 quis
1294 828 1450 909 jurasset
1462 841 1499 893 et

265 938 418 1019 aliquem
440 939 484 1001 de
505 937 683 1002 Societate
703 938 905 1001 venientem
927 938 1086 1013 vidisset,
1111 947 1301 1017 antequam
1323 938 1380 1000 ille
1403 938 1497 1018 quic-

263 1063 373 1126 quam
396 1044 539 1122 diceret,
563 1045 702 1108 detecto
728 1045 845 1125 capite
869 1044 1119 1107 salutationem
1142 1044 1355 1123 angelicam,
1384 1054 1419 1108 et
1438 1046 1498 1109 ali·

264 1152 409 1233 quando
422 1153 530 1215 etiarn
543 1152 693 1233 genibus
707 1151 820 1229 1101115,
843 1152 993 1228 (11001111;
1011 1160 1046 1213 01
1061 1153 1096 1214 in
1116 1151 1278 1230 publicis
1303 1169 1384 1215 curn
1406 1170 1498 1215 unus

265 1260 535 1336 admonebatur,
552 1276 675 1322 omnes
689 1258 806 1336 simul,
823 1259 884 1339 qui
898 1257 1058 1335 aderant,
1083 1258 1333 1321 salutationem
1354 1258 1499 1321 domini·

264 1383 347 1429 cam
361 1368 419 1429 vel
431 1366 629 1446 angelicam
647 1366 655 1396 ¹
670 1365 774 1428 simul
790 1382 871 1428 cum
885 1382 940 1443 eo,
957 1366 1017 1445 qui
1035 1364 1230 1443 juraverat,
1243 1366 1438 1446 recitando,
1453 1366 1499 1429 ad

265 1472 550 1536 emendationem
561 1470 746 1552 juvabant.
762 1472 859 1535 Idem
870 1474 906 1535 10
917 1472 1046 1553 quavis
1060 1470 1194 1535 offensa
1207 1470 1275 1535 Dei
1288 1472 1499 1552 0101101110-

266 1580 340 1659 bat,
354 1579 443 1642 11100
457 1588 496 1643 ut
508 1577 582 1658 jam
597 1580 727 1660 alloqui
743 1580 872 1643 multos
886 1596 959 1642 non
974 1596 1062 1659 opus
1077 1590 1182 1654 esset,
1199 1580 1259 1642 sed
1277 1578 1381 1642 simul
1392 1590 1499 1660 atque

266 1687 338 1767 ipsi
348 1696 493 1749 nostros
506 1686 686 1764 videbant,
703 1687 841 1766 seipsos
856 1686 1095 1765 corrigebant.
1111 1684 1222 1749 Immo
1237 1694 1272 1749 et
1287 1687 1419 1749 nostris
1440 1687 1499 1750 ab·

267 1794 425 1857 sentibus
440 1794 478 1857 id
490 1794 606 1874 ipsum
620 1793 739 1857 facere
752 1794 928 1871 solebant,
941 1794 1036 1872 quod
1046 1792 1083 1855 111
1095 1792 1255 1856 ecclesiis
1267 1802 1302 1856 et
1313 1791 1388 1872 ejus
1401 1793 1500 1857 mini·
1603 1840 1607 1848 .

268 1901 354 1964 stris
372 1901 481 1964 etiam
501 1901 697 1978 accidebat,
721 1902 791 1979 qui,
813 1900 946 1964 nostris
968 1900 1180 1979 conspectis,
1205 1899 1251 1962 ad
1275 1899 1499 1977 modestiam,

267 2024 376 2088 quam
390 2025 514 2071 eorum
528 2017 643 2071 status
657 2008 779 2088 exigit,
796 2025 835 2071 se
849 2008 1122 2088 componebant.

331 2114 419 2177 1347.
462 2114 561 2179 Lites
575 2116 764 2178 multorum
779 2116 997 2195 compositae
1012 2115 1164 2192 luerunt,
1181 2114 1263 2177 odia
1278 2114 1450 2193 extincta,
1464 2114 1501 2177 hi

268 2231 400 2299 autem,
417 2223 528 2303 quiin
543 2222 748 2285 carceribus
763 2222 1023 2299 detinebantur,
1040 2238 1110 2285 non
1126 2222 1232 2301 pauci
1246 2222 1397 2299 liberati,
1417 2221 1501 2285 dum

270 2329 504 2409 persuadetur
518 2339 557 2391 ut
572 2329 631 2393 hic
646 2328 747 2409 (11105,
765 2329 822 2391 1110
837 2340 990 2409 quatuor
1002 2340 1035 2391 et
1046 2331 1176 2409 plureS,
1190 2346 1255 2391 sua
1269 2328 1280 2358 ²
1300 2328 1419 2392 debita
1435 2330 1502 2392 sol·

270 2436 397 2513 vendo,
421 2437 555 2500 liberet.
577 2436 748 2499 Curatum
768 2453 822 2499 est
840 2436 948 2499 etiam
967 2445 1007 2499 ut
1025 2414 1300 2499 concionatores
1320 2436 1433 2499 nostri
1456 2436 1502 2499 ad

270 2544 339 2606 hoc
354 2546 450 2623 pium
465 2562 553 2623 opus
569 2544 729 2607 homines
744 2552 941 2607 moverent.

335 2650 422 2714 1348.
466 2650 587 2714 Mense
602 2650 749 2715 Octobri
762 2650 887 2714 Patres
903 2650 1081 2716 Gonzalez
1094 2661 1128 2714 01
1139 2649 1273 2716 Suarez
1285 2652 1321 2714 in
1334 2650 1501 2731 oppidum

272 2755 331 2820 8³1
350 2759 470 2822 Lucae
485 2777 524 2822 se
538 2761 764 2822 contulerunt
778 2758 800 2837 ⁵,
818 2760 878 2823 ubi
892 2759 1018 2822 classis
1033 2761 1111 2839 plus
1126 2776 1234 2839 quam
1244 2759 1503 2839 quinquaginta

273 2866 417 2928 navium
433 2866 470 2929 in
485 2865 621 2929 Indiam
635 2877 712 2928 erat
723 2865 797 2945 jam
809 2865 884 2945 jam
903 2867 1136 2946 navigatura;
1157 2875 1191 2928 et
1212 2883 1284 2929 non
1303 2864 1414 2930 defuit
1433 2866 1504 2930 illis

273 2972 363 3034 bene
378 2972 537 3036 merendi
551 2972 594 3035 de
615 2975 735 3036 multis
758 2973 911 3052 occasio,
935 2974 1065 3036 tamin
1088 2973 1328 3052 concionibus,
1353 2991 1444 3053 quae
1467 2973 1503 3037 in

274 3081 426 3143 ecclesia
448 3092 484 3142 et
505 3081 614 3143 maris
635 3082 753 3144 littore
775 3081 1008 3160 habebantur,
1033 3097 1140 3160 quarn
1161 3081 1196 3144 in
1219 3079 1504 3144 confessionibus

272 3186 422 3250 militum
436 3189 642 3266 multorum,
658 3189 717 3267 qui
732 3189 809 3251 51110
824 3187 1049 3252 confessione
1070 3187 1306 3268 periculosam
1326 3187 1423 3250 illam
1445 3203 1506 3250 na·

271 3295 489 3375 rigationem
505 3296 732 3375 incipiebant.
750 3295 796 3359 Ut
812 3303 931 3358 autem
956 3312 1018 3358 eos
1040 3295 1327 3372 adhortarentur,
1351 3295 1386 3356 in
1406 3293 1504 3374 ipsas

270 3419 384 3465 naves
399 3401 701 3482 ingrediebantur.

336 3509 423 3572 1349.
467 3509 551 3572 Inde
566 3509 604 3572 in
618 3510 800 3572 civitatem
815 3509 918 3592 Jerez
932 3507 1082 3589 profecti
1101 3519 1193 3586 sunt,
1214 3509 1275 3572 ubi
1297 3525 1367 3570 non
1388 3509 1504 3571 minor

272 3617 472 3680 animorum
488 3620 677 3681 commotio
692 3627 746 3680 est
768 3626 973 3680 consecuta.
997 3614 1216 3696 Congregati
1235 3625 1355 3679 autem
1376 3617 1504 3696 primo·

274 3739 332 3786 res
346 3724 455 3802 urbis,
472 3722 718 3802 decreverunt,
740 3742 780 3786 re
799 3726 1011 3804 consultata,
1028 3725 1161 3788 nullam
1176 3723 1257 3786 iniri
1273 3739 1378 3801 posse
1399 3723 1503 3786 ratio·
1587 3725 1590 3732 '

273 3849 356 3894 nern
370 3831 649 3894 commodiorem
668 3831 713 3894 ad
732 3831 906 3894 factiones
927 3832 1085 3912 ipsorum
1106 3830 1376 3910 extinguendas,
1398 3847 1505 3912 quam

273 3939 305 4001 si
319 3936 480 4002 Societas
496 3939 590 4018 apud
605 3940 701 4018 ipsos
716 3938 899 4017 resideret,
917 3939 1016 4002 etita
1032 3939 1067 4000 id
1082 3955 1209 4001 curare
1225 3947 1431 4017 coeperunt.

337 4044 425 4107 1350.
468 4045 601 4108 Ibidem
616 4047 733 4108 adhuc
747 4048 913 4109 manebat
934 4046 1103 4126 magister
1125 4043 1267 4125 Gaspar
1286 4044 1405 4125 Lopez
1426 4062 1506 4108 curn

273 4152 484 4231 quibusdam
500 4153 692 4232 discipuliS,
714 4153 757 4216 de
779 4171 849 4233 quo
871 4153 1035 4233 superius
1056 4151 1150 4214 facta
1172 4160 1226 4214 est
1247 4152 1378 4215 mentio
1401 4150 1423 4232 ⁴,
1448 4154 1507 4233 qui

315 4431 323 4462 ¹
352 4428 403 4482 Sic:
414 4431 506 4476 melius
515 4438 604 4475 tamen
613 4431 771 4475 “oratlonem
782 4431 937 4474 dominicam
946 4430 1042 4484 (Pater
1056 4429 1158 4483 raoster)
1168 4435 1193 4472 et
1209 4431 1394 4474 salutationem
1409 4432 1508 4485 angeli-

272 4512 332 4545 cam
341 4501 408 4556 (Ave
417 4502 542 4556 Marini„

314 4573 326 4602 ⁸
353 4571 410 4627 Sic;
424 4577 522 4618 rectius
532 4586 638 4618 eornm.

315 4645 326 4674 ³
353 4644 420 4688 Vide
431 4652 519 4689 tamen
528 4645 650 4689 Litterae
661 4645 890 4698 Quadrimeseres,
899 4653 918 4689 t.
929 4657 965 4698 tv,
977 4656 1037 4700 pag,
1047 4645 1074 4688 87
1085 4651 1110 4688 111
1122 4655 1183 4699 pag.
1194 4644 1228 4696 9³,
1240 4652 1330 4690 annot.
1340 4646 1364 4687 2¹.

316 4716 328 4747 ⁴
354 4713 467 4767 Jamat.
479 4727 494 4769 1,
508 4717 623 4772 pagata,
635 4730 660 4762 11.
670 4717 718 4762 262.
