3717 5400
782 477 844 536 ΑΝ.
867 479 939 539 1555
1436 480 1473 542 35

239 624 410 688 lexisscnt
425 624 626 705 hujusmodi
640 627 824 704 negotium
840 626 934 706 apud
948 625 1132 690 Summum
1146 625 1353 690 Pontificem
1372 627 1471 691 resri-

241 733 366 811 guisse
383 733 403 793 ¹.

300 839 351 902 61.
395 839 545 920 Accepit
559 839 597 902 P.
614 841 807 920 Ignatiusa
823 841 1012 905 cardinale
1027 839 1124 920 Polo,
1147 839 1301 920 Angliae
1320 841 1472 921 Legem,

239 947 389 1024 litteras
406 947 532 1026 quibus
543 947 659 1027 ipsum
671 948 761 1010 inter
776 956 895 1010 cetera
907 947 1132 1026 admonebat,
1146 947 1241 1028 quod
1252 947 1390 1027 Regina
1402 949 1474 1011 An·

245 1054 342 1134 gliae
355 1053 510 1134 gravida
526 1065 630 1133 esset,
657 1064 696 1118 ut
710 1065 834 1134 partus
848 1052 923 1135 ejus
948 1053 1104 1118 Domino
1128 1054 1436 1118 commendaretur
1450 1060 1473 1131 ’ς

243 1170 281 1223 et
305 1160 461 1224 omnimo
485 1169 603 1224 tumor
626 1160 770 1242 quidam
795 1162 932 1225 ventris
953 1160 1036 1225 huic
1067 1161 1225 1242 opinioni
1249 1161 1474 1224 occasionem

242 1267 350 1343 dedit;
367 1285 475 1349 quam
489 1276 628 1349 tempus
643 1269 759 1349 ipsum
772 1269 876 1333 facile
901 1285 973 1332 non
989 1285 1113 1332 veram
1133 1283 1223 1348 esse,
1247 1285 1329 1332 eum
1344 1284 1475 1348 magno

244 1374 470 1438 incommodo
485 1375 578 1438 illius
593 1377 706 1454 regni,
724 1373 888 1439 ostendit.

304 1481 353 1548 62.
397 1482 583 1546 Venerunt
596 1483 665 1546 hac
681 1490 816 1546 aestate
831 1482 957 1546 eodem
972 1491 1131 1562 tempore
1153 1491 1227 1546 tres
1240 1483 1349 1563 legati
1364 1483 1476 1563 Regis

245 1607 290 1653 ac
303 1588 463 1670 Reginae
478 1589 633 1668 Angliae
647 1589 831 1669 utriusque
847 1597 883 1652 et
901 1589 1010 1652 totius
1028 1589 1131 1668 regni
1151 1586 1292 1653 nomine
1313 1590 1475 1653 obedien-

246 1697 335 1760 tiam
355 1695 500 1760 Summo
525 1695 687 1760 Pontifici
711 1695 843 1760 Christi
866 1695 1014 1759 Vicario
1038 1695 1237 1774 offerentes,
1263 1697 1323 1777 qui
1344 1713 1476 1776 magna

247 1804 492 1867 consolatione
506 1811 618 1866 totam
633 1803 725 1867 hanc
740 1802 868 1868 Sedern
887 1801 1133 1882 Apostolicam
1145 1806 1372 1884 repleverunt
1391 1802 1414 1862 ⁸.
1431 1803 1477 1868 Et

246 1909 388 1974 dicebat
403 1910 480 1990 ipse
499 1908 661 1973 Pontifex
675 1909 712 1973 P.
737 1909 886 1989 Ignatio‚
913 1910 950 1974 in
975 1907 1116 1972 afflictis
1140 1909 1195 1972 his
1217 1908 1423 1973 Occidentis
1441 1920 1477 1972 et

246 2015 505 2097 Septentrionis
516 2017 721 2096 provinciis
738 2019 796 2079 vel
809 2033 873 2096 per
883 2016 986 2093 bella,
1002 2016 1062 2078 vel
1074 2031 1138 2095 per
1152 2017 1319 2079 haereses
1337 2027 1372 2079 et
1387 2017 1477 2080 alias

233 2123 484 2202 calamitates,
503 2123 565 2186 vix
584 2124 706 2186 oculos
731 2124 893 2186 converti
911 2139 1017 2203 posse
1043 2121 1088 2184 ad
1113 2123 1220 2186 aliam
1243 2123 1474 2204 provinciam,

246 2247 340 2310 quae
356 2229 507 2293 amatori
523 2229 737 2293 universalis
752 2229 835 2292 boni
856 2229 1040 2292 Ecclesiae
1054 2239 1090 2292 et
1110 2229 1248 2308 gloriae
1263 2229 1331 2293 Dei
1349 2231 1475 2294 solatio

247 2345 353 2414 esset,
370 2352 478 2416 quam
493 2336 538 2399 ad
550 2335 730 2416 Angliam.

306 2442 358 2506 63.
401 2443 596 2522 Respondit
612 2453 730 2507 autem
744 2443 926 2507 Cardinali
941 2441 979 2505 P.
999 2441 1160 2522 ignatius
1184 2454 1219 2507 et
1246 2445 1403 2508 vicissim
1418 2446 1477 2508 ad·

248 2552 386 2615 monuit
397 2550 527 2630 quoda
548 2549 685 2630 Legato
709 2550 819 2630 Regis
843 2547 1082 2630 Portugalliae
1107 2551 1279 2630 audierat
1306 2552 1400 2632 quod
1415 2551 1477 2614 Pa·

248 2656 407 2722 triarcha
432 2655 673 2722 Alexandriae
698 2657 935 2721 obedientiam
960 2656 1104 2722 Summo
1129 2656 1292 2722 Pontifici
1317 2658 1477 2723 Romano

247 2766 357 2829 etiam
372 2765 539 2843 misisset;
555 2766 719 2845 quamvis
729 2766 906 2845 quaedam
918 2765 962 2828 ab
974 2765 1042 2828 illis
1053 2764 1271 2828 Patriarchis
1282 2766 1398 2830 minus
1409 2768 1477 2829 sin·

248 2889 330 2936 cere
346 2881 380 2935 et
395 2880 611 2946 constanter,
624 2887 732 2952 quam
747 2888 810 2951 par
826 2880 914 2948 erat,
931 2871 1052 2935 oblata
1063 2869 1154 2935 Sede
1165 2871 1406 2953 Apostolicae,
1419 2874 1478 2935 vel

249 2980 378 3042 saltem
392 2978 582 3042 observata
596 2978 748 3041 suerunt.
767 2977 811 3041 Et
828 2978 857 3040 si
880 2994 969 3058 quos
983 2979 1089 3041 vellet
1103 2980 1338 3042 scholasticos
1352 2982 1479 3059 anglos

248 3088 286 3149 in
301 3085 460 3164 collegio
476 3084 692 3149 Germanico
705 3086 761 3148 vel
773 3094 895 3147 nostro
908 3084 1144 3149 instituendos
1158 3086 1307 3163 mittere,
1322 3103 1360 3149 se
1370 3086 1478 3149 liben-

247 3204 303 3257 ter
317 3210 380 3255 eos
394 3200 626 3272 excepturum
639 3191 782 3271 scripsit
802 3189 824 3251 ⁴.
852 3192 952 3255 Unus
978 3202 1097 3255 autent
1123 3209 1167 3256 ex
1193 3192 1247 3256 his
1261 3194 1392 3273 legatis
1406 3193 1478 3256 An·

247 3300 355 3381 gliae,
372 3298 577 3379 quiRomae
593 3314 739 3361 suorum
762 3294 966 3377 Principum
989 3298 1130 3361 nomine
1145 3299 1311 3378 substitit,
1339 3300 1481 3365 cuidam

248 3424 296 3470 ex
309 3406 441 3471 nostris
455 3404 615 3469 confiteri
630 3404 747 3484 coepit
762 3415 797 3467 et
812 3405 850 3467 in
863 3422 906 3467 eo
921 3406 1167 3483 perseveravit
1179 3404 1202 3468 ⁸.

250 3576 319 3621 disse
329 3576 363 3619 ad
374 3586 408 3619 un
419 3574 504 3617 Padre
515 3580 605 3627 queste
615 3583 733 3627 espresse
744 3575 842 3626 parole:
855 3573 935 3616 Forse
946 3573 986 3617 ira
997 3573 1073 3627 pochi
1085 3575 1110 3617 dl
1125 3573 1250 3618 hauremo
1267 3574 1406 3619 Cardinale
1421 3574 1482 3621 Lai-

250 3658 306 3692 nes:
318 3647 336 3692 tl
346 3649 393 3691 che
404 3646 505 3701 quando
515 3645 556 3688 sis
567 3646 590 3687 io
601 3656 632 3687 ne
643 3645 699 3689 faro
710 3647 747 3687 tal
760 3654 869 3693 romore.
880 3644 926 3687 che
938 3645 957 3684 s’
968 3646 1102 3688 lntendera
1112 3644 1146 3689 da
1156 3652 1225 3689 tutto
1237 3646 1254 3689 il
1265 3646 1356 3690 mondo
1373 3658 1444 3690 come
1457 3650 1482 3692 la

250 3718 415 3774 campagnia
425 3718 521 3761 accetti
533 3718 556 3759 le
567 3716 690 3769 dignita„
701 3715 822 3764 Baarott.
833 3714 912 3758 Delta
929 3715 1065 3760 Vitellis.
1077 3716 1195 3768 lenonio.
1207 3718 1251 3761 llo.
1261 3728 1297 3768 ru,
1314 3729 1338 3760 n.
1355 3718 1483 3763 290-Gra·

251 3799 308 3835 tunt
318 3790 377 3845 quid
387 3790 504 3832 omnibus
513 3787 618 3831 lecisset
630 3786 765 3841 Polancus,
777 3787 810 3839 ld,
822 3788 887 3840 quod
898 3786 1023 3841 ignatius.
1034 3788 1055 3831 si
1066 3788 1099 3831 ad
1110 3787 1307 3832 cardinalatum
1319 3790 1409 3834 luisset
1423 3802 1483 3843 pro-

251 3868 339 3906 motus
355 3860 467 3917 Laynez,
486 3860 572 3903 iecore
589 3860 746 3904 intendebat.
762 3858 903 3911 aperiendo
935 3858 1034 3902 Verum
1053 3859 1163 3903 tortam
1184 3870 1231 3903 nec
1248 3860 1302 3914 lpse
1319 3859 1437 3915 ignatius
1457 3862 1483 3905 id

253 3932 367 3987 spernlt.

302 4004 309 4034 ¹
339 4002 405 4046 Vide
414 4002 503 4045 Patris
513 4000 616 4057 Laynez
627 4002 731 4045 litteras
741 4001 773 4045 ad
785 4000 908 4045 Sanctum
924 4000 1055 4055 ignatium
1064 4003 1142 4046 datas
1159 4002 1199 4044 die
1219 4002 1243 4044 13
1257 4002 1407 4046 Decembris
1422 4003 1482 4057 tuat,

252 4086 319 4131 quas
327 4074 417 4119 italice
428 4074 509 4117 edidit
519 4072 547 4115 P.
561 4072 655 4123 Boltao.
673 4072 732 4115 Vita
743 4073 787 4115 del
801 4082 878 4116 servo
894 4072 923 4115 rii
938 4072 999 4124 Dio,
1013 4073 1042 4117 P.
1059 4073 1184 4117 Giocomo
1194 4072 1309 4122 Laineae,
1319 4074 1334 4129 g
1346 4074 1483 4118 airu-Eae

251 4155 322 4199 sunt,
333 4156 443 4199 qurum
454 4145 537 4199 primo
548 4146 603 4187 loco
614 4145 775 4187 meminimus
785 4156 871 4197 supra,
884 4156 945 4198 pag.
954 4145 989 4197 sl,
1000 4151 1087 4188 annot.
1097 4144 1119 4188 3.

294 4219 307 4249 ¹
335 4217 401 4262 Vlde
412 4217 462 4261 llas
470 4216 575 4260 litteras
585 4217 652 4270 spnd
664 4216 775 4268 Querar.
786 4214 925 4269 epistotae
936 4216 1084 4269 Reginaldi
1098 4215 1164 4268 Peli,
1181 4216 1206 4260 S.
1222 4216 1255 4259 R.
1270 4217 1301 4261 E.
1321 4216 1484 4272 Cardinalis,

253 4300 272 4335 t.
283 4300 310 4343 v,
322 4300 382 4344 pag.
394 4288 442 4339 119,
453 4287 515 4332 etin
528 4286 623 4330 Certus
633 4288 666 4330 de
677 4286 732 4330 San
745 4286 863 4339 Ignacio.
874 4294 893 4331 t.
903 4299 929 4339 v,
941 4299 1000 4341 pag.
1009 4286 1057 4331 tas.

291 4360 304 4393 ὃ
330 4359 450 4404 “Decreti
462 4359 564 4413 quidem
575 4358 678 4403 lucrant
689 4366 807 4403 oratores
818 4360 850 4402 ad
861 4358 956 4410 Julium
966 4357 1012 4407 Ill.
1028 4370 1077 4412 quo
1088 4370 1102 4401 e
1114 4360 1182 4403 vivis
1191 4361 1304 4413 sublato.
1315 4360 1447 4417 Philippus
1457 4371 1484 4408 et

250 4430 345 4485 uaria,
357 4432 469 4486 Auglloe
479 4430 572 4483 Reges.
584 4429 687 4474 easdem
697 4431 800 4474 litteras
811 4438 911 4473 mutato
922 4429 1053 4474 Pontidcls
1061 4431 1162 4474 nomine
1172 4438 1355 4485 renovarunt...
1366 4432 1486 4478 Raunat-

252 4514 290 4557 ω,
300 4502 421 4547 Annales
431 4501 618 4546 ecclesiastici,
630 4512 688 4545 ann.
701 4502 761 4553 lb'nb,
773 4513 797 4545 n.
813 4500 945 4545 xxm—Cf.
962 4502 1042 4545 etiarn
1057 4500 1153 4545 Carras
1169 4503 1202 4545 de
1220 4503 1275 4546 San
1292 4502 1411 4558 lgnacio,
1428 4513 1446 4549 r.
1458 4518 1486 4559 v,

253 4572 375 4631 pamm

295 4647 308 4679 ⁴
335 4644 402 4689 Vide
414 4644 510 4688 cartas
518 4644 552 4688 de
564 4645 619 4687 Son
628 4644 745 4698 rgnacto,
756 4650 776 4687 t.
789 4654 813 4696 ν,
824 4654 884 4698 pag.
898 4642 968 4686 19-23.

295 4717 308 4751 ⁵
336 4716 432 4761 Rornae
442 4715 559 4759 substitit
571 4714 708 4759 Eduardus
724 4714 820 4759 Carne.
839 4714 966 4765 Lruosao.
984 4714 1095 4767 History
1114 4715 1148 4771 os
1158 4716 1293 4769 England,
1308 4725 1327 4761 t.
1344 4732 1379 4772 ur.
1395 4734 1417 4765 c.
1431 4724 1488 4767 8,..
