3717 5400
811 525 872 582 At.
897 524 967 582 1555
1448 523 1504 580 219

269 667 443 747 Pro-regi,
473 669 548 730 suis
568 669 694 731 litteris
714 669 855 731 Patrem
875 669 1020 748 Laynez
1040 669 1086 732 ad
1107 668 1428 747 Quadragesimam
1448 685 1499 732 se·

269 785 434 854 quentem
452 777 713 856 postulantibus
730 778 749 853 ¹,
767 775 909 854 scripsit
926 773 1161 838 Provincialis
1176 784 1213 837 ut
1228 777 1353 838 saltem
1378 775 1415 836 P.
1432 773 1500 837 Na·

269 882 350 944 talis
363 899 406 944 eo
422 883 630 958 mitteretur,
648 881 748 962 cujus
763 881 857 961 apud
879 881 1087 961 Pro·regem
1109 898 1239 961 magna
1256 891 1333 944 erat
1349 883 1500 944 auctori·

271 997 327 1051 tas
342 998 377 1051 et
391 988 520 1068 gratim
539 989 601 1052 sed
617 1007 660 1051 ne
677 989 733 1051 ille
747 987 889 1069 quidem
911 989 1001 1051 mitti
1021 990 1146 1068 potuit.
1171 988 1279 1051 Immo
1298 987 1395 1051 Patri
1418 987 1499 1050 Hie-

270 1113 421 1175 rnnymo
443 1095 649 1158 Domenech
664 1096 835 1174 scriptum
851 1095 915 1158 suit
931 1104 968 1158 ut
984 1095 1133 1158 Romam
1145 1095 1221 1175 ipse
1236 1096 1388 1172 veniret,
1407 1097 1500 1159 intra

270 1201 359 1266 duos
380 1219 519 1265 menses
541 1203 728 1265 rediturus.
750 1202 794 1265 Et
809 1219 890 1265 cum
904 1204 1061 1265 rationes
1077 1203 1192 1265 Patris
1207 1203 1337 1280 lgnatii
1353 1201 1501 1265 Pro-rex

259 1309 474 1387 audivisset,
493 1310 529 1372 id
544 1311 731 1387 concessit;
748 1311 845 1373 etita
862 1309 1012 1373 Romam
1027 1309 1223 1389 prosectuS,
1240 1319 1275 1371 et
1293 1310 1424 1371 emissa
1447 1316 1497 1386 ut,

268 1419 430 1496 superius
446 1417 578 1479 dictum
599 1427 651 1479 est
673 1419 694 1494 ²,
718 1416 950 1496 professione,
968 1426 1048 1495 post
1062 1417 1274 1495 vigesimum
1286 1416 1379 1479 diem
1390 1415 1494 1479 Octo-

268 1525 341 1586 bris
360 1522 473 1586 Roma
495 1523 675 1603 profectus
695 1534 749 1586 est
768 1541 848 1587 curn
869 1525 988 1588 multis
1008 1525 1097 1587 aliis.
1126 1524 1281 1587 Coactus
1305 1535 1359 1587 est
1379 1531 1497 1586 tamen

267 1630 431 1710 Neapoli,
459 1641 603 1711 propter
623 1639 870 1710 tempestatem
891 1631 1016 1707 maris,
1040 1632 1172 1712 aliquot
1193 1631 1269 1694 dies
1293 1631 1497 1694 subsistere:

268 1737 411 1814 deinde,
432 1738 554 1800 navim
576 1755 657 1800 cum
680 1739 843 1800 omnibus
862 1739 968 1800 sociis
990 1739 1189 1816 ingressuS,
1210 1738 1244 1800 in
1263 1753 1393 1817 magno
1415 1755 1500 1800 nau-

267 1843 374 1922 fragii
390 1845 546 1922 periculo
567 1853 731 1906 versatus
751 1861 831 1906 curn
854 1844 987 1907 eisdem
1006 1853 1075 1919 cst,
1098 1844 1233 1906 namin
1254 1844 1441 1907 Calabriae
1462 1845 1499 1907 li-

268 1951 404 2014 toribus
419 1961 490 2014 tam
506 1952 611 2030 gravi
627 1961 834 2030 tempestate
848 1950 973 2032 jactati
988 1951 1142 2027 fuerunt,
1156 1959 1193 2014 ut
1207 1969 1354 2030 prorsus
1368 1953 1404 2012 vi
1416 1969 1498 2013 ven-

267 2067 383 2121 torum
399 2058 435 2121 in
449 2058 582 2120 siccum
598 2059 720 2120 navim
735 2077 812 2121 esse
827 2057 1084 2121 detrudendam
1098 2058 1278 2136 timerent,
1295 2069 1329 2120 et
1344 2058 1393 2120 ita
1409 2059 1500 2120 velis

267 2165 429 2228 omnibus
445 2165 592 2228 sublatis
607 2177 641 2228 et
656 2166 780 2227 relicto
802 2165 1061 2243 gubernaculo,
1082 2164 1225 2227 divinae
1250 2165 1497 2244 providentiae

266 2279 340 2333 tota
356 2271 459 2333 navis
474 2273 663 2335 commissa
681 2271 761 2348 suit,
779 2280 812 2333 ct
828 2271 931 2334 navis
947 2272 1148 2350 praefectus
1164 2288 1245 2333 cum
1259 2271 1338 2334 aliis
1349 2269 1422 2350 Jam
1444 2280 1498 2334 ta·

266 2378 367 2440 bulas
381 2381 619 2458 praeparabat
635 2391 684 2456 ut,
702 2397 781 2442 cum
797 2379 899 2440 navis
919 2377 1103 2440 confracta
1117 2387 1222 2455 esset,
1239 2388 1410 2441 enataret.

324 2483 394 2548 634.
440 2485 529 2548 Tota
545 2503 587 2547 ea
601 2495 705 2548 nocte
720 2486 846 2548 saeviit
863 2494 1066 2565 tempestas;
1085 2485 1197 2547 nostri
1209 2501 1332 2548 omnes
1348 2495 1496 2565 peccata

266 2591 419 2654 confessi
433 2601 517 2655 sunt
531 2601 565 2656 et
581 2593 724 2673 quidam
740 2611 784 2654 ex
800 2593 975 2670 externis;
992 2601 1026 2654 et
1046 2593 1212 2672 quamvis
1231 2591 1268 2654 P.
1293 2591 1496 2654 Provincia·

265 2700 309 2762 lis
323 2700 483 2779 graviter
498 2700 533 2762 in
556 2701 647 2763 mari
668 2700 794 2763 vexari
816 2700 941 2763 solitus
963 2710 1068 2774 esset,
1093 2699 1235 2779 flagella
1256 2710 1374 2762 tamen
1397 2716 1496 2762 assu-

266 2822 378 2884 mens,
394 2807 550 2887 seipsum
565 2824 645 2870 cum
661 2806 739 2870 aliis
753 2806 884 2869 nostris
900 2807 1049 2870 caedere
1065 2806 1214 2886 flagellis
1229 2807 1355 2887 coepit;
1369 2808 1498 2870 oratio-

266 2912 371 2976 nibus
385 2914 492 2976 etiam
506 2930 630 2976 omnes
646 2923 837 2990 vacarunt,
853 2926 887 2977 et
903 2914 951 2976 ita
968 2915 1109 2977 divinae
1125 2914 1281 2977 Bonitati
1303 2915 1435 2994 placuit
1456 2924 1494 2977 ut

266 3019 331 3082 sub
353 3036 521 3083 auroram
544 3037 654 3101 prope
686 3032 826 3101 portum
847 3022 1036 3101 quemdam
1062 3022 1204 3084 nomine
1225 3020 1460 3084 Policastrum
1486 3020 1499 3051 ³

186 3114 194 3123 “
266 3127 371 3189 navis
396 3128 512 3190 ventis
537 3136 572 3190 et
597 3128 686 3190 mari
707 3128 913 3205 commissa,
938 3129 1000 3190 sed
1027 3145 1048 3190 a
1075 3126 1151 3190 Deo
1174 3127 1325 3204 directa,
1352 3129 1498 3190 inventa

264 3244 370 3309 esset,
388 3235 482 3314 quod
503 3234 674 3297 miraculo
696 3236 819 3297 datum
834 3244 903 3310 est,
926 3252 1006 3297 cum
1021 3234 1227 3315 paucissimi
1241 3244 1365 3315 portus
1382 3236 1418 3297 in
1433 3234 1498 3298 Ca·

264 3340 377 3403 labria
400 3341 482 3420 sint;
504 3340 584 3404 ideo
606 3358 718 3404 naves
739 3359 783 3403 ne
806 3340 978 3404 accedere
1000 3342 1141 3422 quidem
1164 3342 1210 3403 ad
1225 3357 1324 3403 oram
1347 3342 1442 3404 illam
1457 3342 1494 3404 li·

264 3446 387 3509 benter
417 3456 690 3511 consueverunt.
719 3447 807 3512 Cum
837 3459 955 3511 autem
985 3449 1061 3510 dies
1082 3456 1163 3511 octo
1197 3446 1383 3511 Policastri
1413 3448 1497 3512 fuis-

265 3562 355 3630 sent,
378 3571 449 3617 non
471 3554 640 3633 exiguam
661 3572 781 3617 rerum
802 3556 1098 3629 necessariarum,
1120 3564 1154 3618 et
1176 3556 1283 3618 etiam
1306 3557 1420 3636 panis,
1438 3573 1495 3636 pe-

265 3661 407 3723 nuriam
431 3662 643 3737 sentienteS,
670 3678 755 3725 casu
778 3660 933 3741 quodam
955 3660 1083 3724 accidit
1106 3673 1143 3724 ut
1166 3680 1248 3725 cum
1270 3662 1306 3724 in
1327 3663 1413 3725 urbe
1434 3662 1496 3724 illa

264 3766 499 3830 Provincialis
524 3785 604 3831 curn
631 3768 803 3847 magistro
835 3769 1039 3831 Eleutherio
1064 3767 1227 3832 Pontano
1252 3769 1386 3849 aliquid
1414 3784 1495 3845 age·

264 3884 334 3952 ret,
355 3874 433 3953 ipso
456 3874 595 3953 relicto,
624 3876 728 3938 navis
750 3892 830 3938 cum
853 3876 931 3938 aliis
956 3875 1158 3939 Messanam
1180 3885 1361 3956 pergeret,
1386 3886 1421 3938 et
1446 3876 1497 3937 ita

262 3978 324 4045 200
345 3980 454 4045 millia
476 3998 660 4061 passuum,
685 3982 813 4060 partim
835 3993 949 4060 terra,
974 3984 1102 4061 partim
1126 3984 1234 4060 mari,
1261 3998 1391 4061 magno
1414 4000 1495 4044 cum

263 4088 384 4151 labore
406 4087 597 4151 conficiens
620 4098 699 4151 octo
723 4090 778 4151 vel
800 4107 931 4152 novem
952 4088 1027 4151 dies
1049 4104 1238 4170 postquam
1251 4089 1340 4153 socii
1362 4089 1494 4152 Messa·

260 4208 345 4257 nam
361 4196 587 4275 appulerant,
605 4195 728 4275 etipse
744 4213 786 4259 eo
810 4197 988 4276 pervenit,
1006 4198 1300 4277 quinquagesimo
1322 4196 1378 4259 die
1400 4205 1493 4276 post-

303 4400 310 4430 ¹
340 4398 406 4442 Vlde
416 4406 504 4453 sapiu,
515 4410 576 4453 pap.
587 4400 625 4443 211
638 4406 663 4443 et
674 4400 722 4451 212,
735 4413 757 4443 n.
768 4400 817 4443 618.

299 4471 313 4502 ⁸
340 4470 404 4525 Pac.
415 4472 450 4523 42,
462 4481 486 4515 n.
496 4472 531 4516 70.

301 4542 313 4574 ⁸
340 4541 534 4597 “Policastrum
552 4554 618 4599 qaue
638 4545 850 4590 Psineocastrurn
865 4548 1028 4601 quibusdam,
1046 4548 1210 4600 Policasrro,
1226 4548 1350 4591 urbecula
1366 4553 1407 4590 est
1422 4549 1499 4600 regul
1566 4533 1572 4552 ”

262 4613 435 4669 neuportum,
446 4616 471 4658 ln
481 4616 618 4670 provincia
627 4618 789 4673 principatus
800 4618 942 4671 clterlorls,
952 4625 978 4662 et
987 4620 1012 4662 ln
1023 4629 1070 4662 ora
1086 4620 1158 4663 ulnus
1168 4618 1227 4672 lat,
1238 4630 1305 4663 nunc
1321 4618 1396 4672 Gotfo
1406 4619 1437 4662 at
1452 4618 1498 4661 Po·

261 4686 375 4730 lr'castro
385 4689 418 4730 ab
428 4698 460 4730 ea
469 4686 540 4736 dicti.
549 4688 577 4732 55
587 4690 649 4733 mill.
658 4700 727 4743 pass.
736 4690 841 4734 distata
851 4689 961 4734 Salerno
972 4690 998 4733 in
1008 4690 1115 4745 Eurum,
1127 4692 1152 4735 17
1164 4702 1181 4735 a
1191 4691 1370 4735 Promontorio
1381 4690 1498 4735 Palinuri

263 4760 288 4801 ln
302 4766 396 4813 ortunq
408 4770 501 4803 versus
512 4760 622 4805 confinia
632 4760 791 4807 Basilicatae
800 4762 814 4805 8
824 4763 952 4816 circiter,
962 4762 1090 4818 Faunum,
1100 4762 1217 4807 Lexicon
1225 4763 1441 4818 geographiam.
