3717 5400
376 475 413 536 38
833 477 962 538 Canon.
981 477 1059 538 Soc.
1080 477 1150 551 Jas.

377 619 515 701 ignatio
530 622 639 702 Regis
653 621 896 690 Romanorum
913 623 1090 688 voluntati
1108 639 1243 687 morem
1256 630 1415 702 gerente,
1439 624 1532 688 serio
1553 631 1608 688 est

377 738 513 810 actum;
534 731 697 810 quamvis
716 731 837 796 missio
858 731 905 796 ad
924 731 1064 794 initium
1085 730 1169 794 anni
1187 731 1369 811 sequentis
1388 729 1520 809 rejecta
1540 739 1605 794 est.

434 835 484 902 69.
527 835 618 902 Cum
637 839 908 902 concionatores
930 837 1075 918 quidam
1092 838 1131 902 in
1149 837 1325 918 Hispania
1343 837 1453 902 libere
1474 847 1604 902 contra

374 941 586 1010 Societatem
598 954 758 1010 nostram
772 953 807 1010 et
821 945 857 1010 in
871 945 1021 1026 publicis
1035 944 1214 1024 suggestis
1224 947 1464 1025 loquerentur,
1477 957 1512 1008 et
1524 943 1604 1010 ideo

374 1050 538 1115 fortassis
549 1051 704 1131 liberine,
715 1051 810 1132 quod
820 1051 1004 1116 Summum
1012 1051 1329 1116 Pontificemnobis
1336 1069 1407 1116 non
1414 1051 1606 1116 admodum

374 1174 453 1222 esse
467 1158 658 1238 propitium
671 1159 926 1238 existimarent,
944 1175 1002 1222 res
1021 1167 1077 1222 est
1095 1157 1231 1223 Romae
1244 1160 1374 1221 collata
1389 1175 1471 1222 cum
1485 1158 1606 1222 Cardi-

374 1264 455 1327 nale
469 1264 641 1346 Carpensi
654 1264 675 1344 ¹,
691 1273 776 1330 tunc
787 1264 977 1330 Societatis
989 1273 1201 1347 protectore,
1218 1275 1254 1328 et
1264 1265 1309 1327 ab
1321 1281 1365 1330 eo
1376 1267 1606 1344 postulatum,

373 1389 420 1434 an
435 1371 641 1436 viderentur
655 1371 692 1436 in
706 1370 839 1438 Urbem
853 1372 987 1436 citandi
1002 1370 1202 1452 hujusmodi
1213 1371 1485 1435 concionatores
1497 1379 1536 1435 ut
1548 1372 1604 1435 sui

374 1477 548 1541 rationem
562 1477 762 1558 redderent,
779 1496 859 1542 cum
872 1479 1082 1559 praesertim
1093 1495 1184 1540 unus
1195 1495 1329 1556 eorum,
1343 1477 1488 1542 Ordinis
1500 1477 1608 1542 Prae·

374 1584 583 1662 dicatorum,
596 1583 924 1650 iraterAmbrosius
934 1583 1081 1648 Salazar
1091 1580 1114 1661 ¹,
1124 1585 1373 1665 approbationi
1382 1584 1484 1649 Sedis
1492 1585 1606 1665 Apos-

374 1691 503 1756 tolicae
513 1709 585 1756 non
596 1705 769 1772 parceret.
786 1692 913 1758 Visum
924 1702 979 1756 est
989 1692 1194 1772 protectori,
1209 1702 1247 1755 ut
1260 1691 1383 1772 siquid
1394 1689 1605 1770 hujusmodi,

375 1800 437 1861 vel
455 1816 521 1878 pro
535 1809 709 1878 suggestu
728 1801 787 1864 vei
808 1799 907 1880 aiibi,
924 1800 1112 1880 quisquam
1125 1797 1294 1876 dixisset,
1309 1797 1385 1877 ejus
1405 1798 1608 1862 informatio

376 1905 531 1970 Romam
542 1907 752 1970 mitteretur.
764 1905 854 1972 Cum
865 1907 958 1970 enim
969 1907 1046 1986 ipse
1056 1907 1148 1972 inter
1159 1906 1370 1986 praecipuos
1381 1905 1608 1985 inquisitores

372 2019 479 2091 esset,
500 2029 628 2076 munus
651 2014 866 2093 suscipiebat
888 2011 1089 2092 hujusmodi
1109 2012 1334 2076 oblocutores
1353 2011 1505 2076 Romam
1524 2029 1606 2076 evo·

373 2119 479 2184 candi
495 2130 529 2184 et
543 2131 669 2185 contra
684 2137 746 2184 eos
760 2120 986 2200 procedendi.

433 2225 483 2290 70.
528 2225 598 2292 Sed
611 2227 707 2310 quod
721 2228 847 2292 attinet
861 2227 907 2292 ad
921 2227 1086 2308 obloquia
1101 2238 1226 2291 contra
1242 2226 1358 2308 ipsam
1375 2225 1602 2307 Societatem,

374 2334 539 2398 hortatus
554 2342 607 2397 est
624 2382 631 2412 ,
647 2344 686 2398 ut
701 2335 963 2414 alloqueremur
977 2332 1204 2399 Cardinalem
1217 2333 1419 2412 Moronum,
1444 2334 1505 2414 qui
1525 2351 1605 2414 pro-

373 2451 487 2504 tector
502 2451 578 2504 erat
594 2440 737 2505 Ordinis
752 2439 874 2506 Sancti
888 2441 1078 2520 Dominici3
1094 2441 1154 2522 qui
1168 2459 1240 2505 non
1253 2441 1480 2505 mediocriter
1494 2439 1605 2505 admi·

372 2557 474 2612 ratus
488 2559 542 2612 est
561 2565 642 2612 cum
662 2566 683 2611 a
702 2549 804 2612 nobis
823 2549 1056 2612 intellexisset
1077 2547 1298 2628 praedictum
1318 2549 1547 2613 Ambrosium
1567 2557 1603 2612 et

373 2656 562 2739 quemdam
576 2655 685 2720 alium
698 2655 844 2721 fratrem
859 2653 1034 2719 Thomam
1048 2655 1091 2719 de
1106 2653 1249 2720 Chaves
1259 2653 1271 2685 ⁸
1282 2666 1316 2719 et
1330 2655 1422 2719 forte
1437 2656 1537 2735 aiios,
1556 2655 1607 2719 sic

373 2772 500 2829 contra
514 2762 726 2827 Societatem
741 2764 847 2844 ioqui.
864 2762 1075 2829 Providerat
1090 2763 1250 2843 quidem,
1266 2763 1361 2843 quod
1375 2763 1412 2828 in
1430 2764 1508 2843 ipso
1533 2762 1605 2829 lue·

374 2878 442 2949 rat,
459 2888 540 2934 cum
555 2886 687 2951 magna
701 2871 886 2947 charitate,
903 2888 948 2934 ne
964 2868 1165 2951 hujusmodi
1179 2869 1314 2949 fierent,
1331 2872 1434 2934 annis
1448 2879 1603 2951 praeter·

373 2977 433 3041 itis
458 2976 480 3055 ⁴,
501 2976 611 3041 irater
636 2977 851 3041 Franciscus
871 2974 1039 3056 RomeuS,
1062 2976 1234 3056 Magister
1256 2976 1441 3041 Generalis
1461 2976 1604 3042 Ordinis

374 3102 585 3113 nnana—u——u—

415 3144 423 3177 ¹
451 3144 586 3200 Rodolpho
597 3146 643 3191 Plo
653 3146 684 3190 de
694 3145 783 3200 Carpi.

414 3216 426 3247 ¹
453 3216 521 3261 “Fue
532 3218 637 3261 natural
651 3218 682 3261 de
698 3216 861 3269 salamanca,
873 3227 904 3261 en
915 3227 982 3272 cayo
991 3223 1120 3261 convento
1130 3220 1200 3261 tomo
1215 3218 1239 3261 el
1253 3216 1351 3269 habito,
1368 3216 1483 3271 parando
1493 3218 1569 3271 inego
1582 3216 1609 3261 ai

373 3288 473 3342 coiegio
489 3288 519 3331 de
535 3300 564 3332 su
581 3288 667 3332 Orden
682 3300 714 3332 en
731 3288 887 3339 Valladolid.
897 3288 981 3333 dende
992 3292 1100 3343 regente
1116 3298 1169 3333 aaa
1185 3284 1293 3333 catedra
1307 3289 1338 3331 de
1350 3289 1464 3341 teologia
1478 3300 1527 3333 con
1542 3298 1609 3343 gran

374 3360 620 3413 aprovechamlento
631 3360 661 3403 de
671 3372 715 3403 aus
726 3361 864 3404 hermanus
874 3359 905 3403 de
915 3360 1034 3413 religion.
1051 3360 1104 3403 Por
1113 3361 1139 3403 la
1149 3359 1279 3413 famaque
1289 3360 1406 3414 adquirio
1420 3360 1453 3403 de
1463 3360 1610 3405 aabidnria.

373 3433 399 3476 el
409 3433 481 3476 sabio
492 3432 618 3477 dominico
628 3432 659 3477 ir.
672 3431 798 3486 Domlngo
808 3432 839 3475 de
851 3430 921 3484 Soto,
937 3442 986 3485 qne
995 3432 1076 3475 habia
1085 3432 1140 3475 aido
1149 3442 1181 3475 aa
1190 3439 1305 3475 maeatro
1317 3443 1393 3488 yqae
1402 3442 1450 3486 por
1460 3432 1566 3485 eapacio
1576 3431 1609 3474 de

376 3504 462 3548 velate
472 3506 536 3548 anos
546 3511 686 3559 regentara
696 3506 723 3547 ia
733 3504 841 3549 catedra
856 3503 887 3547 de
902 3504 1017 3557 teologia
1033 3514 1066 3547 ea
1080 3504 1107 3546 la
1123 3502 1298 3547 Univeraidad
1308 3504 1340 3547 de
1351 3502 1517 3557 salamanca,
1527 3505 1554 3548 la
1567 3514 1610 3547 re·

374 3578 491 3620 nuncios
501 3587 530 3620 su
540 3577 616 3619 lavor
625 3586 657 3619 en
668 3577 691 3619 ei
703 3578 752 3619 ano
764 3574 824 3619 1556.
835 3574 945 3619 Salaaar
953 3574 1136 3627 correspondio
1145 3574 1311 3628 dignamente
1321 3578 1338 3618 a
1349 3576 1375 3619 ia
1390 3574 1523 3619 conflanta
1532 3574 1564 3617 de
1577 3584 1610 3617 au

375 3648 483 3701 antiguo
494 3653 616 3697 maeatro,
627 3646 780 3691 obreniendo
789 3646 889 3699 grande
900 3646 970 3689 fruto
980 3646 1011 3689 de
1020 3656 1064 3689 aaa
1075 3645 1203 3691 lecciones
1218 3658 1237 3700 y
1245 3648 1270 3689 ei
1283 3648 1392 3701 apiaaso
1401 3645 1510 3699 general
1519 3656 1567 3700 por
1575 3655 1607 3689 aa

376 3720 478 3763 metodo
496 3720 527 3762 de
544 3721 696 3771 auscitanam
714 3730 776 3771 pero
793 3720 832 3761 laa
849 3718 986 3761 briliantes
1000 3728 1155 3771 esperanaas
1170 3728 1219 3772 qne
1234 3717 1265 3760 de
1280 3719 1305 3761 el
1319 3728 1347 3760 se
1361 3721 1460 3770 tenian,
1476 3718 1609 3771 qaedaron

374 3792 518 3846 agostadaa
536 3802 567 3835 en
583 3791 638 3845 tior,
657 3790 796 3845 perdlendo
810 3792 835 3833 la
851 3790 994 3833 calatencia
1010 3795 1248 3843 prenatnramente
1269 3799 1301 3832 en
1320 3788 1344 3831 ei
1360 3791 1410 3832 aito
1430 3788 1491 3837 1568.
1510 3789 1609 3831 errando

375 3868 430 3909 solo
440 3868 551 3909 contaba
562 3867 601 3909 ios
611 3866 707 3909 treima
720 3876 736 3919 y
746 3864 811 3909 ocho
821 3864 852 3907 de
862 3874 892 3908 au
910 3863 984 3907 adad.
1001 3862 1067 3918 Deio
1076 3862 1238 3906 manuscrita
1247 3871 1300 3906 nna
1315 3861 1380 3904 ohta
1390 3860 1503 3905 titniada
1513 3872 1519 3903 ι
1538 3860 1611 3902 Conr-

377 3938 514 3980 mentara'a
525 3940 684 3991 inprimant
699 3939 807 3991 parram
823 3946 948 3979 summae
966 3934 1137 3987 Theologicaa
1151 3933 1246 3977 Sancti
1263 3931 1387 3983 Thamar,
1398 3938 1533 3986 perquam
1548 3942 1609 3974 ara·

376 4010 436 4053 dila
453 4009 638 4053 salmanticae
647 4011 766 4052 servata.
781 4008 938 4062 ignorarent
953 4008 1022 4061 iiego
1037 4010 1053 4050 a
1067 4006 1238 4059 publicatae,
1249 4004 1395 4048 Eaaaauaa
1404 4003 1499 4056 BaJaa,
1510 4003 1536 4047 la
1546 4002 1610 4045 Bio-

375 4080 469 4135 grasia
481 4081 649 4125 eclesiastica
660 4080 801 4134 conrpteta,
816 4086 835 4123 t.
847 4090 918 4132 mv,
930 4088 989 4132 pag.
1002 4078 1061 4121 lida
1074 4076 1124 4119 Sed
1134 4076 1236 4121 erravit
1247 4076 1427 4132 typographus
1441 4084 1500 4119 cnm
1514 4084 1611 4119 annum

376 4154 464 4198 obitus
474 4154 552 4207 haina
562 4152 693 4198 Ambrosii
704 4152 813 4196 salazar
822 4149 936 4198 arcadia
945 4152 1089 4193 Atraauaa
1098 4147 1175 4201 enim,
1185 4154 1212 4191 et
1222 4158 1286 4202 quoa
1294 4148 1351 4201 ipae
1363 4146 1470 4191 adhibet
1479 4153 1608 4199 auctores,

373 4237 435 4270 eum
450 4225 543 4269 obiisse
558 4225 675 4269 scribunt
690 4234 757 4269 anno
773 4222 834 4267 15⁶0.
849 4220 1034 4265 Bibliothecae
1049 4218 1246 4264 Darniaicanae
1261 4220 1459 4263 incrementum
1473 4229 1505 4262 ac
1517 4224 1611 4273 prosa·

379 4298 480 4350 quatio,
490 4307 549 4340 ann.
561 4296 621 4347 15⁶0.
629 4307 691 4351 pag.
700 4296 752 4349 317,
762 4296 808 4339 eol.
821 4296 841 4339 1.

331 4416 337 4423 ,
416 4368 428 4401 ⁵
455 4368 582 4413 “Thomna
597 4380 613 4412 a
623 4368 735 4422 Chaves,
747 4366 885 4422 liiapanna,
897 4367 940 4409 vei
955 4366 1103 4417 Achavena,
1120 4363 1313 4416 Praeaentatua,
1331 4362 1448 4407 alamans
1461 4369 1605 4407 conventas

370 4440 466 4484 'Sancti
479 4439 603 4495 Stephani
614 4439 778 4493 Salmantini,
790 4440 831 4483 vir
847 4439 938 4492 gravis
949 4444 976 4480 et
992 4436 1113 4491 prudens.
1123 4434 1264 4489 discipulina
1275 4433 1306 4478 P.
1317 4432 1348 4477 F.
1358 4432 1492 4478 Franclaci
1508 4434 1539 4477 de
1557 4432 1602 4477 Vi·

369 4512 462 4556 *ctoria
472 4512 586 4555 eiusdem
596 4513 678 4555 nostri
695 4510 798 4555 Ordinis
813 4509 1027 4553 Praedicatorum
1042 4514 1069 4551 et
1079 4507 1140 4551 olim
1148 4505 1267 4560 primarii
1282 4504 1456 4549 cathedratici
1470 4505 1540 4558 apud
1556 4503 1614 4549 Sal*

379 4584 531 4637 manticen„
541 4584 694 4637 Atratinus,
705 4584 722 4626 l.
733 4594 764 4637 c.,
775 4582 904 4635 ann.1559,
915 4592 975 4635 pag.
984 4580 1033 4633 316,
1044 4582 1093 4625 coi.
1105 4580 1124 4622 l.

418 4658 430 4689 ⁴
460 4654 525 4699 Vide
538 4666 626 4710 supra,
639 4661 657 4701 t.
669 4666 685 4709 1,
696 4665 759 4709 pag.
772 4654 819 4708 267,
831 4666 855 4697 n.
865 4652 914 4707 229,
926 4661 952 4696 et
963 4652 1058 4696 Carras
1067 4653 1101 4695 (τε
1111 4651 1167 4695 San
1184 4650 1303 4704 Ignaca'o,
1319 4657 1337 4694 t.
1352 4660 1380 4702 rr,
1395 4661 1454 4704 pag⁴
1471 4650 1570 4704 toa-1⁶6,
1585 4656 1612 4693 et

377 4740 437 4785 pag.
448 4726 547 4772 asa-519.
