3717 5400
778 499 780 504 ’
803 495 865 554 Au.
888 495 958 554 1555
1437 494 1491 555 391

260 648 296 703 et
310 638 681 720 Caesaraugustanam
697 641 752 720 (de
767 659 836 721 qua
852 641 958 721 paulo
978 639 1125 703 inferius
1147 639 1168 717 ¹)
1189 648 1224 703 et
1242 640 1332 704 alias
1354 641 1492 706 validas

261 745 450 810 Societatis
475 747 758 826 oppugnationes
783 745 942 827 tempore
966 747 1005 808 P.
1032 746 1162 825 Ignatii
1187 764 1208 810 a
1233 745 1311 810 Deo
1337 749 1492 827 permitti

265 854 532 932 existimabant,
554 854 649 933 quod
669 872 746 918 eam
767 855 875 917 animi
896 853 1138 919 fortitudinem
1160 863 1194 917 et
1214 852 1439 933 prudentiam
1460 856 1493 918 ei

262 959 436 1022 Dominus
451 961 596 1024 dederat
611 972 649 1024 ut
664 978 837 1041 pereum,
854 971 892 1024 ut
905 972 1067 1025 nostrum
1077 961 1196 1042 Josue,
1213 960 1495 1026 contradictores

263 1076 585 1145 prosternerentur.

327 1173 414 1236 1057.
459 1175 675 1239 Testimonia
705 1186 846 1252 tamen,
878 1194 968 1256 quae
997 1176 1307 1254 Caesaraugustae
1338 1177 1492 1255 petenda

263 1291 365 1344 erant
379 1283 518 1346 ratione
532 1284 705 1362 praedicti
720 1284 853 1346 decreti
867 1283 1090 1360 ParisiensiS,
1107 1283 1159 1346 sic
1173 1283 1385 1363 postulanda
1395 1283 1492 1346 vide·

261 1388 390 1451 bantur
406 1388 503 1452 Patri
523 1389 704 1469 TablareS,
728 1400 767 1453 ut
788 1391 884 1454 nulla
899 1390 1040 1454 interim
1054 1390 1226 1470 praedicti
1248 1390 1382 1453 decreti
1396 1407 1491 1453 men·

262 1496 311 1558 tio
333 1495 453 1574 fieret,
475 1513 519 1560 ne
542 1498 636 1576 apud
659 1500 794 1561 amicos
819 1499 971 1578 quidem;
995 1510 1029 1560 et
1044 1498 1236 1578 prudenter
1260 1497 1421 1577 quidem,
1446 1515 1491 1560 ne

262 1605 416 1682 plantae,
444 1605 638 1668 teneriores
666 1605 701 1668 in
725 1606 929 1684 cognitione
951 1616 993 1683 ¹et
1017 1605 1148 1668 affectu
1163 1621 1250 1684 erga
1264 1603 1489 1683 Societatem,

262 1721 336 1772 tam
358 1711 479 1772 acerbi
500 1710 633 1775 decreti
654 1721 761 1775 vento
783 1721 1063 1792 percuterentur.
1088 1712 1189 1776 Alias
1209 1721 1329 1774 tamen
1344 1711 1388 1774 ob
1409 1729 1490 1775 cau·

265 1833 325 1879 sas
348 1817 587 1881 testimonium
608 1819 677 1881 hoc
698 1819 912 1900 postulatum
927 1829 993 1882 est.

326 1922 413 1987 1058.
457 1925 561 1988 Nova
582 1927 707 1989 domus
721 1937 845 1989 nostra
861 1937 895 1989 et
916 1927 1087 1990 sacellum
1101 1927 1139 1990 in
1161 1944 1202 1988 ea
1218 1926 1415 1989 institutum
1431 1927 1491 1990 ad·

263 2031 445 2095 mirandas
460 2032 768 2112 Caesaraugustae
783 2034 988 2113 tragoedias
1007 2033 1179 2096 excitavit
1194 2033 1263 2095 hoc
1278 2049 1384 2111 annu,
1401 2050 1491 2112 quas

262 2149 382 2202 tamen
407 2138 528 2202 divina
550 2141 696 2203 Bonitas
721 2141 756 2203 in
778 2157 947 2220 magnum
970 2139 1180 2219 SocietatiS,
1204 2141 1311 2202 immo
1336 2148 1371 2202 et
1395 2157 1487 2202 com·

263 2262 389 2323 mune,
412 2247 543 2309 bonum
567 2248 765 2326 convertit;
788 2265 846 2310 res
866 2258 985 2311 autem
1006 2249 1058 2310 sic
1080 2259 1183 2326 gesta
1208 2246 1283 2310 suit.
1307 2243 1417 2310 Simul
1439 2258 1490 2311 at·

262 2369 329 2430 que
350 2355 529 2433 possessio
551 2356 676 2418 domus
702 2364 849 2434 accepta
871 2355 946 2430 luit,
971 2356 1084 2417 nostri
1099 2354 1229 2417 Missas
1250 2354 1380 2417 ibidem
1401 2356 1490 2417 cele·

262 2458 368 2522 brare
397 2472 432 2522 et
459 2478 625 2524 exercere
651 2462 720 2524 alia
746 2460 936 2525 Societatis
961 2461 1157 2524 ministeria
1187 2472 1401 2540 coeperunt,
1428 2463 1491 2527 sed

263 2575 453 2648 antequam
476 2568 628 2646 primum
650 2567 799 2632 Sacrum
820 2568 1008 2642 diceretur,
1029 2569 1192 2632 adierunt
1212 2569 1325 2632 nostri
1344 2568 1491 2633 Archie-

263 2673 448 2755 piscopum
470 2673 482 2705 ⁸
504 2683 541 2738 ut
563 2677 719 2740 omnium
734 2677 913 2753 rationem,
923 2677 992 2756 ipsi
1006 2675 1193 2739 redderent
1213 2692 1256 2739 ac
1277 2677 1488 2741 benedictio·

263 2799 345 2845 nem
372 2782 484 2862 ipsius
511 2785 741 2862 postularent.
767 2784 826 2847 Ille
849 2784 894 2847 ad
917 2782 1102 2847 Vicarium
1125 2800 1229 2846 suum
1245 2781 1492 2848 Generalem¹

263 2899 407 2952 nostros
429 2890 535 2967 misit,
558 2907 673 2969 quem,
692 2906 772 2954 cum
787 2901 908 2954 nostro
929 2890 1070 2953 nomine
1086 2890 1195 2969 aliqui
1215 2891 1321 2953 amici
1341 2891 1491 2957 fuissent

264 2995 418 3073 allocuti,
436 2996 541 3073 dixit,
560 3006 607 3075 ut,
625 2997 909 3077 quandoquidem
924 2997 1037 3059 nostri
1052 2996 1258 3059 facultatem
1276 2996 1455 3061 habebant
1469 3017 1491 3061 a

263 3100 354 3165 Sede
368 3102 588 3183 Apostolica,
605 3121 685 3167 cum
699 3105 944 3191 benedictione
960 3103 1104 3166 Domini
1118 3121 1160 3166 ea
1175 3112 1371 3167 uterentur.

326 3209 414 3275 1059.
458 3210 548 3274 Cum
573 3210 663 3273 haec
689 3212 738 3274 ita
764 3228 802 3273 se
830 3211 1023 3285 haberent,
1054 3222 1089 3272 et
1116 3212 1230 3273 nostri
1253 3210 1495 3275 nobilissimos

263 3334 421 3398 quosque
446 3336 489 3381 ac
510 3319 723 3398 praecipuos
741 3319 837 3380 urbis
856 3319 955 3380 viros
978 3318 1023 3381 ad
1043 3318 1148 3398 primi
1168 3316 1270 3381 Sacri
1290 3320 1491 3383 solemnita-

263 3434 332 3487 tem
348 3426 385 3488 in
399 3443 531 3495 novum
546 3427 716 3489 sacellum
737 3426 959 3503 invitassent,
984 3444 1026 3487 ea
1048 3436 1165 3500 nocte,
1183 3443 1274 3505 quae
1289 3426 1381 3489 diem
1396 3427 1491 3491 hunc

263 3532 517 3612 praecedebat,
540 3533 634 3596 misit
654 3533 822 3595 Vicarius
841 3530 1027 3595 Generalis
1047 3532 1189 3595 domum
1210 3544 1371 3596 nostram
1390 3550 1492 3612 roga·

263 3648 349 3717 tum,
366 3652 405 3702 ut
420 3652 602 3702 cessarent
617 3640 729 3703 nostri
751 3640 807 3703 die
827 3642 987 3719 sequenti
1005 3658 1026 3701 a
1045 3640 1160 3719 prima
1184 3640 1293 3704 Missa
1313 3640 1494 3703 celebran-

266 3746 322 3826 da,
340 3746 421 3824 quia
437 3746 603 3809 monachi
617 3756 651 3809 et
666 3747 786 3809 clerici
800 3746 1047 3821 ecclesiarum,
1066 3746 1187 3810 domui
1202 3755 1345 3810 nostrae
1360 3747 1494 3811 vicina-

265 3868 360 3930 rum,
378 3851 473 3931 apud
487 3870 567 3915 eum
582 3854 767 3932 conquesti
781 3862 882 3915 erant
897 3852 918 3915 ⁴.
936 3852 1131 3932 Respondit
1146 3863 1264 3917 autem
1279 3852 1316 3916 P.
1332 3852 1495 3933 Baptista

307 4093 317 4126 ¹
345 4094 478 4138 Αο.1058.

304 4166 316 4199 ¹
344 4164 536 4211 Ferdlnandunt
545 4168 576 4209 de
588 4168 705 4221 aragon.

302 4236 314 4269 ⁸
341 4236 385 4280 Fr.
397 4236 498 4291 Lupum
508 4236 600 4292 (Lupe)
610 4236 706 4291 Marco,
718 4237 778 4281 Ord.
790 4237 815 4281 S.
828 4238 913 4291 Beru..
924 4238 1078 4283 Veruleusla
1091 4238 1243 4283 Mouaateril
1260 4240 1399 4291 Abbatem,
1410 4240 1435 4285 ln
1446 4242 1494 4295 spi·

262 4309 402 4353 ritualibus
412 4314 438 4351 et
449 4310 634 4363 temporalibus
645 4309 883 4363 caesaraugustani
894 4310 1090 4364 Arebleplscopl
1104 4310 1247 4355 Vlcarium.

301 4380 313 4413 ⁴
341 4379 424 4423 Fuere
436 4380 472 4432 lul,
482 4388 510 4425 ut
521 4388 613 4424 narrat
625 4380 653 4423 P.
667 4380 843 4425 Rlvadeneira
854 4381 937 4435 (Vide
947 4384 981 4425 de
991 4384 1047 4425 san
1058 4382 1176 4436 Ignacr'o,
1185 4384 1230 4428 lib.
1239 4393 1275 4437 tv,
1290 4394 1347 4437 cap.
1365 4384 1427 4438 xrv),
1443 4386 1497 4429 “los

260 4450 356 4504 padres
367 4452 398 4495 de
409 4450 460 4496 San
471 4453 585 4507 Agustln
595 4458 652 4507 (que
663 4463 727 4496 eran
744 4462 866 4497 entoncos
881 4453 1038 4498 claustrales
1049 4467 1066 4510 y
1076 4456 1160 4498 ahora
1172 4466 1219 4498 son
1233 4456 1422 4510 observantes),
1432 4468 1494 4501 auu·

263 4534 312 4577 que
327 4534 358 4567 su
373 4535 436 4567 casa
452 4526 545 4568 estaba
559 4526 689 4579 apartada
705 4525 736 4568 de
751 4527 776 4570 la
792 4531 907 4569 nuestra.
921 4525 947 4569 Y
961 4528 986 4569 el
1001 4525 1108 4570 vicario
1124 4527 1154 4570 de
1169 4528 1196 4570 la
1211 4526 1494 4581 Magdalenmerlliua

263 4594 343 4639 etiam
357 4594 406 4639 inlr
416 4596 454 4639 “el
468 4594 565 4640 Rector
580 4597 611 4639 de
628 4596 681 4640 San
694 4596 788 4651 Mlguel
804 4598 883 4641 delos
895 4596 1054 4649 Navarroa„
1068 4597 1135 4641 Vide
1151 4598 1280 4652 Principis
1294 4598 1410 4652 Joaunae
1426 4600 1497 4644 litte·

263 4676 308 4709 ras
323 4664 424 4709 XXVII
439 4666 501 4718 Julil
517 4667 569 4711 1555
579 4666 655 4711 datas
666 4668 691 4711 ln
704 4668 798 4712 cartas
808 4668 842 4711 de
857 4668 912 4711 San
929 4666 1048 4721 lgnacto,
1059 4676 1078 4713 t.
1092 4680 1129 4721 vr,
1139 4679 1201 4723 pag.
1210 4669 1404 4715 &bodl—Vide
1415 4672 1496 4716 etlam

263 4734 340 4791 inira,
351 4748 376 4780 n.
386 4736 446 4781 1061.
