3717 5400
349 446 402 504 144
806 445 933 505 Cuaou.
954 445 1031 504 Soc..
1052 447 1121 518 Jns.

346 590 384 655 vi
398 591 630 666 dissidebant,
645 590 707 654 sed
719 590 763 654 de
775 608 846 655 uno
860 590 1067 670 singillatim
1080 591 1244 670 referam,
1258 591 1318 673 qui
1330 591 1577 671 gravissimea

347 715 454 763 soem
464 698 694 777 dissentiens,
712 709 750 761 ut
766 698 812 760 ab
826 715 869 760 eo
884 706 920 762 et
933 697 1004 761 filia
1019 714 1084 760 sua
1099 698 1280 762 recederet
1293 705 1330 760 et
1344 699 1390 762 ad
1405 697 1580 778 quosdam

346 805 633 885 consanguineos
655 806 827 884 migraret
848 804 885 868 in
899 820 1009 868 causa
1030 803 1157 883 suerat,
1183 805 1292 868 immo
1310 813 1345 868 et
1366 814 1581 870 testamento

346 913 457 978 filiam
482 912 701 976 haereditate
725 912 884 991 legitima
909 912 1128 992 privaverat.
1155 911 1224 976 Hic
1245 913 1334 992 ipse,
1354 912 1416 993 qui
1434 911 1581 994 juvenis

348 1020 481 1100 alioqui
495 1037 541 1094 ex
554 1019 735 1100 primariis
754 1019 853 1082 urbis
866 1027 956 1095 erat,
972 1018 1102 1082 lethale
1121 1019 1250 1082 vulnus
1269 1037 1290 1082 a
1309 1019 1461 1100 quodam
1478 1035 1573 1083 acce·

346 1135 460 1208 perat,
476 1145 544 1190 nec
557 1128 629 1190 ulla
640 1126 779 1189 ratione
790 1124 909 1189 induci
919 1134 1061 1206 poterat
1072 1134 1110 1188 ut
1121 1127 1155 1189 ei
1167 1125 1332 1206 injuriam
1346 1127 1579 1206 condonaret,

346 1234 411 1298 sed
419 1234 610 1298 sanitatem
621 1251 659 1296 se
671 1241 861 1312 expectare
872 1233 916 1296 ad
931 1233 1099 1296 ultionem
1111 1233 1356 1313 accipiendam
1365 1231 1575 1297 affirmabat.

348 1340 453 1405 Hunc
468 1358 548 1404 eum
563 1340 706 1422 quidam
721 1357 766 1402 ex
779 1339 912 1402 nostris
926 1340 1170 1403 sacerdotibus
1191 1341 1258 1421 piis
1273 1341 1581 1404 exhortationibus

347 1449 395 1512 ad
409 1465 536 1528 pacem
550 1465 631 1510 cum
646 1445 724 1509 Deo
745 1457 780 1509 et
796 1447 970 1527 proximis
988 1445 1189 1510 faciendam
1207 1447 1391 1520 excitaret,
1413 1447 1501 1510 dixit
1519 1448 1577 1512 ille

272 1638 275 1642 ι
344 1553 487 1636 juvenis
502 1554 645 1618 tandem
660 1555 751 1617 velle
766 1571 805 1617 se
820 1554 962 1633 quidem
975 1553 1039 1617 sed
1053 1571 1124 1617 non
1145 1571 1250 1635 posse
1265 1556 1333 1617 hoc
1347 1555 1414 1618 sibi
1428 1555 1578 1634 impeta·
1678 1543 1680 1550 ⁴

347 1679 387 1726 re
400 1676 440 1726 ut
454 1661 683 1725 condonaret:
701 1660 849 1740 proinde
864 1671 902 1722 ut
916 1671 1061 1740 rogaret
1076 1661 1192 1725 Deum
1205 1679 1271 1742 pro
1287 1661 1375 1742 ipso;
1392 1661 1578 1742 quodcum

348 1757 490 1833 secisse}
505 1778 539 1831 et
555 1768 725 1830 fratribus
740 1773 749 1804 ⁴
765 1767 927 1831 eumdem
950 1769 1245 1848 commendasset,
1269 1779 1350 1849 post
1370 1769 1515 1832 biduum
1530 1769 1575 1832 ab

346 1875 472 1939 eodem
487 1875 695 1949 accersitus
713 1883 747 1936 et
763 1885 911 1952 rogatus
926 1885 964 1936 ut
980 1873 1125 1938 Missam
1141 1876 1336 1938 celebraret
1348 1884 1385 1938 ut
1400 1892 1442 1938 ea
1454 1874 1576 1939 audita

347 1982 394 2046 ad
409 1981 667 2046 confessionem
683 1980 808 2044 melius
823 1997 860 2042 se
874 1981 1090 2061 disponeret,
1107 1982 1143 2045 id
1156 1983 1291 2045 lactum
1305 1991 1370 2046 est.
1386 1982 1447 2046 Ille
1458 1991 1579 2046 autem

348 2106 429 2153 cum
442 2105 574 2168 magna
586 2087 796 2150 contritione
808 2087 882 2149 suis
890 2088 1043 2150 inimicis
1054 2105 1186 2151 noxam
1197 2104 1335 2152 omnem
1347 2089 1575 2154 condonavit.

348 2194 478 2259 Visum
489 2203 542 2258 est
556 2205 674 2257 autem
687 2193 784 2257 Patri
798 2193 961 2275 Philippo
973 2203 1011 2258 ut
1022 2195 1191 2259 scandalo
1202 2195 1401 2274 satisfieret,
1414 2206 1460 2274 et,
1475 2195 1504 2258 si
1519 2195 1578 2259 ille

350 2301 608 2378 convaluisset,
624 2311 662 2363 ut
684 2302 809 2364 melius
825 2301 860 2363 in
881 2300 997 2364 officio
1015 2303 1269 2380 contineretur,
1286 2318 1409 2366 coram
1430 2303 1580 2366 testibus

345 2410 439 2473 banc
453 2407 602 2487 inJ'uriae
617 2408 912 2471 condonationem
926 2409 1125 2472 faciendam
1140 2425 1230 2484 esse,
1246 2425 1352 2488 quam
1376 2425 1457 2472 cum
1477 2409 1578 2474 lecis-

347 2526 413 2592 set,
430 2516 581 2594 curavit,
598 2524 636 2578 ut
651 2533 732 2578 cum
748 2516 841 2578 bona
857 2516 967 2596 ipsius
981 2516 1099 2593 venia,
1115 2532 1241 2580 socrus
1252 2516 1362 2595 ipsius
1383 2516 1418 2579 in
1439 2516 1578 2580 cubicu-

345 2624 418 2686 lum
428 2623 648 2703 aegrotantis
658 2622 896 2699 induceretur,
910 2639 990 2685 cum
1002 2640 1071 2704 qua
1080 2621 1168 2686 duos
1180 2625 1237 2688 vel
1249 2633 1321 2686 tres
1331 2623 1405 2686 fere
1417 2639 1530 2686 annos
1542 2624 1578 2686 in

345 2729 466 2794 litibus
480 2740 515 2793 et
530 2729 725 2807 inimicitia,
741 2738 779 2793 ut
795 2729 959 2807 diximuS,
976 2730 1127 2809 vixerat;
1144 2741 1178 2793 et
1189 2746 1299 2810 gener
1313 2748 1393 2795 cum
1409 2731 1579 2811 lacrymis

346 2838 392 2901 ab
407 2855 450 2902 ea
465 2837 607 2899 veniam
620 2836 825 2916 postulavit,
841 2854 947 2916 quae,
965 2836 1039 2917 eJ'us
1054 2837 1251 2902 humilitate
1267 2838 1355 2917 visa,
1374 2838 1417 2901 de
1433 2838 1577 2918 proprio

345 2944 453 3007 etiam
468 2962 589 3007 errore
604 2943 866 3007 exhaeredatae
881 2942 974 3006 filiae
988 2961 1027 3006 se
1042 2945 1224 3025 poenitere
1244 2944 1435 3023 affirmanS,
1452 2954 1578 3024 sponte

345 3067 411 3113 sua
420 3050 580 3131 promisit
594 3066 728 3129 genero
739 3068 778 3112 se
790 3059 1038 3114 testamentum
1051 3051 1157 3129 aliud,
1171 3052 1322 3115 rescisso
1335 3052 1456 3133 priori,
1469 3052 1578 3115 iactu·

343 3174 433 3220 ram.
451 3155 541 3220 Cum
556 3167 674 3219 autem
691 3155 860 3237 postridie
875 3157 919 3220 ab
935 3158 1061 3220 eodem
1075 3156 1087 3187 ²
1101 3167 1181 3237 post
1197 3156 1346 3221 Sacrum
1361 3158 1577 3221 celebratum

346 3263 656 3338 communicasset,
684 3272 719 3326 et
745 3264 905 3344 sequenti
929 3273 1179 3327 testamentum
1204 3265 1430 3343 condidisset,
1452 3266 1493 3344 is,
1520 3266 1581 3345 qui

345 3371 556 3433 vulneratus
567 3380 656 3447 erat,
670 3378 797 3449 quarto
809 3370 950 3433 demum
965 3370 1032 3449 die,
1049 3369 1218 3434 Extrema
1231 3372 1403 3435 Unctione
1416 3382 1575 3452 accepta,

347 3484 383 3539 et
393 3477 483 3539 bene
495 3476 688 3556 dispositus
701 3476 748 3539 ad
759 3476 950 3540 Dominum
963 3476 1143 3556 migravit.
1151 3476 1237 3559 Ejus
1249 3488 1366 3541 autem
1378 3496 1479 3557 uxor,
1488 3495 1579 3559 quae

347 3592 431 3646 octo
445 3582 575 3645 liberos
591 3583 636 3645 ab
652 3599 694 3645 eo
711 3592 928 3663 susceperat,
946 3585 1051 3646 simul
1066 3600 1147 3647 cum
1167 3585 1240 3647 suis
1261 3583 1423 3647 consessa
1443 3596 1497 3649 est
1516 3600 1577 3649 no·

347 3689 444 3767 striS,
460 3698 495 3752 et
509 3700 623 3751 mater
644 3686 721 3767 ejns
745 3689 888 3753 domum
906 3689 1058 3768 redienS,
1082 3699 1121 3753 ut
1142 3706 1222 3753 cum
1245 3690 1313 3753 iilia
1336 3701 1371 3754 et
1392 3693 1582 3771 nepotibus

347 3794 537 3875 habitaret,
550 3794 696 3875 justum,
714 3805 753 3860 ut
767 3796 991 3875 promiserat,
1008 3804 1258 3860 testamentum
1278 3796 1450 3876 condidit;
1472 3806 1507 3861 et
1528 3800 1578 3863 ita

345 3904 459 3967 multa
474 3904 579 3966 simul
595 3903 691 3965 bona
706 3920 753 3965 ex
768 3918 857 3981 pace
873 3902 983 3982 priori
998 3913 1081 3966 sunt
1094 3914 1324 3985 consequuta.

406 4009 477 4073 409.
522 4010 615 4074 Inter
628 4010 719 4073 alios
732 4018 973 4089 aegrotantes,
988 4011 1046 4091 qui
1059 4022 1261 4075 nostrorum
1273 4028 1382 4091 opera
1393 4020 1476 4075 ante
1487 4025 1579 4075 mor·
1597 4042 1601 4053 ·

345 4127 421 4182 tem
433 4117 547 4198 adjuti
561 4116 716 4195 suerunt,
735 4115 878 4197 quidam
893 4118 958 4181 fuit
974 4116 1175 4197 Stephanus
1194 4118 1376 4198 CardeluS,
1395 4134 1578 4201 romanus,

345 4243 413 4289 nec
427 4226 533 4306 pauci
548 4225 691 4288 fuerunt
705 4224 768 4301 illi,
785 4226 858 4304 qui,
873 4224 1099 4303 gravissimis
1113 4227 1270 4305 peccatis
1285 4227 1417 4289 relictis
1436 4236 1472 4289 et
1494 4225 1579 4306 inju-

345 4333 413 4396 riis
427 4332 651 4410 condonatiS,
669 4332 706 4394 in
727 4331 855 4394 salutis
873 4342 1005 4394 statum
1027 4348 1090 4411 per
1112 4342 1254 4396 nostros
1269 4332 1384 4397 redire
1400 4342 1580 4413 curarunt,

387 4612 396 4643 ¹
426 4609 453 4653 ln
464 4610 581 4663 Collegto
591 4610 706 4663 degenti!
715 4621 754 4654 us.

386 4683 399 4715 ἱ
427 4682 507 4725 Patre
517 4682 637 4736 Philippo
646 4682 754 4725 Lectno.
