3717 5400
344 440 401 500 50⁴
795 445 922 505 Cattos.
948 445 1027 505 Soc.
1052 444 1123 517 Jrs.

349 588 518 667 vigaturi,
542 589 823 654 aedificationem
846 599 879 654 et
902 592 1100 654 animarum
1122 591 1398 653 consolationem
1422 590 1504 653 inde
1524 608 1576 653 re·

348 705 546 773 portarunt.
563 696 618 759 Ex
633 714 675 759 eo
691 706 807 760 motus
821 697 885 760 suit
900 697 1047 761 Nieblae
1059 697 1185 761 Comes
1200 709 1238 760 ut
1253 696 1392 760 Patrem
1403 697 1576 780 Joannem

350 800 498 865 Paulum
514 813 659 882 rogaret
675 816 712 867 ut
726 806 762 868 in
776 805 854 885 ipso
868 807 979 868 maris
995 804 1113 869 littore
1127 806 1171 867 de
1185 805 1292 868 rebus
1306 805 1352 867 ad
1373 821 1496 867 eorum
1515 806 1575 867 ho·

346 909 481 972 minum
496 912 645 973 salutem
660 912 918 990 pertinentibus
937 924 972 975 et
987 913 1031 975 de
1045 912 1198 991 negotiis
1209 912 1244 973 in
1256 910 1391 973 Indiam
1402 912 1575 989 navigare

346 1016 574 1097 cupientium,
592 1018 686 1097 apud
701 1020 873 1083 classicos
893 1021 1177 1083 concionaretur.
1201 1018 1246 1082 Et
1267 1018 1316 1080 ita
1338 1017 1500 1081 effectum
1522 1026 1576 1080 est

347 1133 385 1185 ut
400 1123 512 1203 multi,
530 1124 588 1203 qui
604 1125 640 1187 in
654 1142 787 1205 magna
802 1126 980 1189 oblivione
994 1144 1081 1188 suae
1096 1125 1220 1187 salutis
1235 1124 1466 1201 dormiebant,
1481 1141 1574 1187 com·

346 1242 587 1309 moverentur,
605 1241 640 1295 et
653 1233 728 1295 suis
742 1233 970 1295 conscientiis
983 1231 1214 1313 pacificandis
1229 1231 1370 1295 salubre
1391 1231 1576 1294 consilium

348 1354 369 1399 a
386 1337 637 1401 concionatore
653 1342 883 1419 postularent.

412 1442 498 1507 1374.
543 1444 783 1525 Aegrotantes
808 1456 926 1510 autem
948 1447 1000 1510 sic
1024 1446 1194 1510 Societati
1214 1457 1358 1509 nostrae
1379 1444 1575 1508 afficieban-

347 1560 416 1627 tur,
435 1563 472 1613 ut
488 1552 605 1631 palam
621 1562 822 1617 assererent
836 1572 873 1617 se
895 1555 939 1617 ad
955 1554 1215 1634 impositionem
1229 1570 1398 1617 manuum
1413 1552 1451 1615 P.
1473 1551 1576 1634 Joan-

348 1658 405 1720 nis
420 1657 519 1721 Pauli
535 1668 569 1721 et
585 1662 761 1739 evangelii
777 1662 1022 1724 recitationem
1037 1680 1058 1722 a
1074 1663 1214 1740 magnis
1232 1660 1389 1724 febribus
1408 1661 1576 1722 liberatos

348 1782 444 1842 esse;
463 1767 529 1829 hoc
546 1778 663 1830 autem
680 1768 776 1847 pium
798 1786 897 1849 opus,
921 1768 1097 1831 invisendi
1118 1767 1277 1832 infirmos
1298 1777 1335 1829 et
1355 1784 1478 1829 eorum
1497 1783 1576 1829 con·

348 1872 521 1936 sessiones
546 1875 723 1952 audiendi,
748 1876 854 1939 valde
878 1876 1053 1939 familiare
1077 1877 1209 1938 nostris
1234 1885 1321 1937 erat.
1352 1874 1430 1937 Hoc
1459 1884 1573 1936 autem

347 1998 468 2043 mense
483 1981 647 2062 Augusto
664 2001 743 2046 cum
766 1984 922 2047 nondum
946 1984 1035 2047 satis
1054 1984 1194 2046 validus
1215 1984 1260 2046 ad
1280 1981 1574 2057 concionandum,

346 2088 576 2151 nihilominus
591 2090 787 2153 invisendis
802 2090 949 2155 infirmis
963 2102 1120 2168 vacaret,
1138 2090 1333 2153 accersitus
1353 2099 1405 2152 est
1426 2108 1446 2151 a
1470 2087 1574 2151 Duci-

347 2194 423 2273 buS,
440 2196 499 2274 qui
514 2214 644 2276 magna
660 2214 739 2261 cum
756 2199 953 2261 humilitate
973 2214 1056 2260 suas
1078 2198 1315 2259 conscientias
1336 2195 1451 2259 Patris
1470 2194 1575 2277 Joan-

346 2303 403 2365 nis
428 2304 589 2366 manibus
615 2304 892 2383 committebant,
920 2316 953 2366 et
978 2304 1155 2383 rogabant
1181 2312 1218 2366 ut
1242 2314 1423 2383 tamquam
1443 2301 1576 2365 Christi

346 2411 506 2473 minister
521 2410 763 2475 consideraret
778 2429 820 2474 ac
836 2411 1053 2491 significaret
1072 2410 1159 2491 ipsis
1175 2409 1343 2491 quidquid
1358 2411 1403 2473 ad
1419 2411 1574 2489 ipsorum

346 2518 497 2581 salutem
516 2502 815 2597 arbitraretur;se
832 2519 990 2581 subditos
1005 2517 1082 2580 sore
1100 2518 1136 2579 in
1158 2518 1225 2580 hac
1247 2528 1349 2598 parte
1370 2517 1519 2580 dicendo
1541 2528 1574 2578 et

346 2625 462 2705 ipsum
477 2644 541 2706 pro
557 2627 741 2706 superiore
757 2627 955 2706 habituros;
977 2638 1011 2687 et
1033 2626 1155 2688 sinon
1178 2625 1373 2704 obedirent,
1397 2633 1434 2687 ut
1455 2624 1573 2705 poeni·

345 2734 491 2796 tentiam
508 2735 593 2814 ipsis
609 2733 818 2814 injungeret.

411 2839 499 2903 1375.
542 2839 620 2904 Non
639 2843 768 2922 exigua
784 2845 872 2906 llaec
888 2843 1086 2906 animarum
1102 2841 1249 2905 mutatio
1265 2843 1301 2903 in
1316 2841 1475 2905 Ducibus
1495 2840 1572 2902 visa

347 2956 412 3024 est,
430 2948 606 3028 inquibus
623 2951 704 3012 talis
721 2950 871 3012 allectus
896 2960 1043 3013 eatenus
1062 2951 1161 3012 visus
1180 2965 1372 3028 numquam
1392 2950 1517 3025 luerat,
1539 2956 1574 3009 et

345 3056 536 3135 sperabant
552 3059 663 3120 nostri
678 3058 722 3120 ad
738 3056 803 3120 Dei
820 3058 984 3137 gloriam,
1001 3076 1044 3120 ac
1060 3059 1227 3137 ipsorum,
1249 3072 1283 3119 et
1306 3056 1414 3118 etiam
1435 3057 1574 3135 amplae

344 3163 511 3242 familiae,
529 3164 563 3227 id
580 3183 762 3228 cessurum
778 3183 866 3228 esse.

408 3272 495 3335 1376.
541 3273 667 3336 Comes
693 3274 735 3335 de
759 3273 923 3336 Olivates
950 3273 958 3304 ¹
981 3275 1196 3353 peculiarem
1222 3273 1329 3335 etiam
1351 3272 1575 3334 devotionem

347 3379 565 3456 ostendebat,
583 3381 642 3460 qui
659 3381 837 3460 antiquior
852 3391 929 3444 erat
944 3382 980 3443 in
1000 3380 1196 3444 Comitibus
1210 3379 1366 3458 Nieblae;
1389 3379 1575 3443 videbatur

345 3496 461 3548 autem
478 3487 598 3550 divina
614 3487 759 3551 Bonitas
775 3488 995 3568 praedictum
1010 3487 1155 3552 Nieblae
1175 3489 1347 3552 Comitem
1362 3505 1425 3568 per
1440 3487 1574 3550 confes·

344 3594 480 3657 sionem
496 3596 710 3674 generalem,
729 3613 835 3676 quant
851 3596 905 3658 his
921 3597 1100 3658 mensibus
1114 3594 1208 3672 fecit,
1235 3607 1268 3658 et
1289 3613 1352 3675 per
1371 3599 1482 3658 multa
1503 3595 1574 3657 alia

344 3700 487 3780 pietatis
502 3719 610 3781 opera
627 3702 671 3764 ad
686 3711 847 3779 mortem,
866 3720 974 3782 quam
986 3703 1053 3764 hoc
1068 3704 1144 3782 ipso
1157 3721 1249 3764 anno
1263 3703 1358 3780 obiit,
1373 3703 1571 3782 disponere.

346 3805 585 3872 Successurus
600 3809 657 3871 hic
673 3823 749 3873 erat
764 3811 857 3890 patri
871 3810 907 3872 in
923 3809 1064 3873 Ducatu
1084 3809 1247 3873 Medinae
1268 3809 1444 3888 Sidoniae,
1468 3810 1498 3870 si
1517 3826 1574 3871 su-

343 3925 483 3995 perstes
497 3915 635 3991 fuissem
653 3917 715 3980 sed
731 3927 855 3980 contra
868 3917 1009 3996 accidit;
1022 3935 1105 3980 nam
1117 3918 1192 3998 ipse
1204 3916 1342 3996 eomes,
1357 3917 1574 3996 priusquam

346 4032 459 4102 pater,
483 4043 526 4086 ex
543 4024 610 4086 hac
626 4025 699 4087 vita
725 4026 892 4103 decessit;
920 4035 954 4087 et
976 4043 1057 4088 cum
1078 4025 1114 4087 in
1134 4025 1305 4103 morbum,
1324 4043 1344 4086 a
1365 4042 1434 4104 quo
1457 4022 1574 4086 conse·

345 4138 425 4192 ctus
440 4139 504 4209 est,
521 4131 714 4210 incidisset,
731 4131 768 4194 P.
785 4131 942 4214 Joannes
958 4132 1088 4196 Paulus
1103 4149 1183 4195 cum
1198 4132 1236 4195 P.
1423 4127 1436 4158 ²
1450 4129 1482 4193 ei
1493 4129 1576 4192 asti·

388 4408 397 4442 Ι
425 4409 495 4454 “Ι)οιι
507 4409 590 4452 Pedro
600 4409 630 4452 de
642 4409 764 4462 Gramen,
774 4409 785 4452 Ι
797 4408 882 4453 Condo
895 4411 925 4453 de
934 4409 1063 4462 Olivares,
1072 4409 1251 4454 Comendador
1262 4410 1292 4452 de
1303 4410 1397 4452 Piedra
1410 4409 1499 4452 Buena
1509 4419 1541 4450 en
1550 4409 1575 4450 la

345 4481 432 4526 Orden
444 4485 473 4525 tle
485 4481 637 4534 Calatrava,
649 4483 815 4537 Mayordomo
825 4483 855 4525 de
866 4482 955 4537 Felipe
968 4483 990 4525 ll
1001 4495 1056 4539 ysu
1065 4483 1303 4537 Contadormayor.
1315 4483 1368 4534 hilo
1379 4495 1396 4537 y
1406 4483 1531 4524 hermano
1544 4481 1575 4524 de

345 4554 385 4597 los
396 4553 499 4608 Duques
510 4555 540 4595 de
552 4553 652 4596 llledlna
664 4553 792 4607 Sidonia„
803 4553 931 4608 Sanazan,
942 4555 1065 4596 Historia
1077 4555 1110 4598 de
1120 4555 1147 4596 la
1160 4554 1226 4596 Casa
1237 4555 1271 4596 de
1282 4555 1364 4604 Lara,
1373 4555 1457 4605 libri,
1469 4563 1527 4605 cap.
1537 4562 1574 4595 iv.

387 4625 398 4656 Ι
426 4625 531 4670 Polsnci
545 4626 667 4668 librarius
677 4626 820 4678 scripserat
834 4626 876 4668 hic
886 4624 993 4680 Ioanne
1004 4627 1098 4677 Paulo,
1111 4627 1187 4681 quod,
1203 4627 1264 4681 quia
1278 4627 1398 4670 mendum
1409 4625 1521 4679 videtur,
1532 4635 1575 4669 su·

344 4697 495 4751 perscripsit
507 4697 625 4740 Saccblnl
636 4699 707 4750 sorte
717 4697 882 4752 Rodrr'guea.
