<?xml version="1.0" encoding="UTF-8"?>
<!DOCTYPE html PUBLIC "-//W3C//DTD XHTML 1.0 Transitional//EN"
    "http://www.w3.org/TR/xhtml1/DTD/xhtml1-transitional.dtd">
<html xmlns="http://www.w3.org/1999/xhtml" xml:lang="en" lang="en">
 <head>
  <title>
</title>
<meta http-equiv="Content-Type" content="text/html;charset=utf-8" />
  <meta name='ocr-system' content='tesseract 3.04.00' />
  <meta name='ocr-capabilities' content='ocr_page ocr_carea ocr_par ocr_line ocrx_word'/>
</head>
<body>
  <div class='ocr_page' id='page_1' title='image "./vitaignatiiloio01polagoog_0291.png"; bbox 0 0 3717 5400; ppageno 0'>
   <div class='ocr_carea' id='block_1_1' title="bbox 791 475 1485 536">
    <p class='ocr_par' dir='ltr' id='par_1_1' title="bbox 791 475 1485 536">
     <span class='ocr_line' id='line_1_1' title="bbox 791 475 1485 536; baseline 0.006 -4"><span class='ocrx_word' id='word_1_1' title='bbox 791 475 854 532; x_wconf 81' lang='lat' dir='ltr'>Au.</span> <span class='ocrx_word' id='word_1_2' title='bbox 878 476 947 534; x_wconf 70' lang='lat' dir='ltr'>toni</span> <span class='ocrx_word' id='word_1_3' title='bbox 1428 476 1485 536; x_wconf 73' lang='lat'>285</span> 
     </span>
    </p>
   </div>
   <div class='ocr_carea' id='block_1_2' title="bbox 247 617 1488 4125">
    <p class='ocr_par' dir='ltr' id='par_1_2' title="bbox 253 617 1487 1004">
     <span class='ocr_line' id='line_1_2' title="bbox 314 617 1483 707; baseline 0.005 -26"><span class='ocrx_word' id='word_1_4' title='bbox 314 619 384 682; x_wconf 91' lang='grc'><strong>777.</strong></span> <span class='ocrx_word' id='word_1_5' title='bbox 429 617 594 698; x_wconf 86' lang='lat' dir='ltr'><strong>Quotidie</strong></span> <span class='ocrx_word' id='word_1_6' title='bbox 609 620 748 684; x_wconf 90' lang='lat' dir='ltr'>consilii</span> <span class='ocrx_word' id='word_1_7' title='bbox 762 622 879 701; x_wconf 84' lang='lat' dir='ltr'>gratia</span> <span class='ocrx_word' id='word_1_8' title='bbox 896 621 1004 702; x_wconf 84' lang='lat' dir='ltr'>aliqui</span> <span class='ocrx_word' id='word_1_9' title='bbox 1018 621 1161 707; x_wconf 86' lang='lat' dir='ltr'>Patrem</span> <span class='ocrx_word' id='word_1_10' title='bbox 1172 620 1483 686; x_wconf 88' lang='lat' dir='ltr'>Leonardumadi·</span> 
     </span>
     <span class='ocr_line' id='line_1_3' title="bbox 253 725 1487 808; baseline 0.002 -18"><span class='ocrx_word' id='word_1_11' title='bbox 253 725 352 805; x_wconf 89' lang='lat' dir='ltr'>bant,</span> <span class='ocrx_word' id='word_1_12' title='bbox 370 735 431 790; x_wconf 91' lang='lat' dir='ltr'>aut</span> <span class='ocrx_word' id='word_1_13' title='bbox 445 726 705 792; x_wconf 87' lang='lat' dir='ltr'>consessionem</span> <span class='ocrx_word' id='word_1_14' title='bbox 720 729 815 807; x_wconf 91' lang='lat' dir='ltr'>apud</span> <span class='ocrx_word' id='word_1_15' title='bbox 829 746 909 791; x_wconf 89' lang='lat' dir='ltr'>eum</span> <span class='ocrx_word' id='word_1_16' title='bbox 924 728 1130 792; x_wconf 91' lang='lat' dir='ltr'>instituendi</span> <span class='ocrx_word' id='word_1_17' title='bbox 1154 728 1182 808; x_wconf 84' lang='lat'>¹,</span> <span class='ocrx_word' id='word_1_18' title='bbox 1207 738 1242 792; x_wconf 94' lang='lat' dir='ltr'>et</span> <span class='ocrx_word' id='word_1_19' title='bbox 1262 729 1350 793; x_wconf 91' lang='lat' dir='ltr'>odor</span> <span class='ocrx_word' id='word_1_20' title='bbox 1370 731 1487 793; x_wconf 91' lang='lat' dir='ltr'>bonus</span> 
     </span>
     <span class='ocr_line' id='line_1_4' title="bbox 253 831 1487 918; baseline 0.002 -20"><span class='ocrx_word' id='word_1_21' title='bbox 253 831 442 898; x_wconf 87' lang='lat' dir='ltr'>Societatis</span> <span class='ocrx_word' id='word_1_22' title='bbox 455 834 492 896; x_wconf 91' lang='lat' dir='ltr'>in</span> <span class='ocrx_word' id='word_1_23' title='bbox 508 835 583 896; x_wconf 89' lang='lat' dir='ltr'>dies</span> <span class='ocrx_word' id='word_1_24' title='bbox 598 835 714 913; x_wconf 83' lang='lat' dir='ltr'>magis</span> <span class='ocrx_word' id='word_1_25' title='bbox 728 837 977 915; x_wconf 70' lang='lat' dir='ltr'>spargebatur,</span> <span class='ocrx_word' id='word_1_26' title='bbox 993 849 1028 900; x_wconf 91' lang='lat' dir='ltr'>et</span> <span class='ocrx_word' id='word_1_27' title='bbox 1042 837 1200 899; x_wconf 80' lang='lat' dir='ltr'>fautores</span> <span class='ocrx_word' id='word_1_28' title='bbox 1213 837 1250 899; x_wconf 92' lang='lat' dir='ltr'>in</span> <span class='ocrx_word' id='word_1_29' title='bbox 1269 836 1345 900; x_wconf 89' lang='lat' dir='ltr'>dies</span> <span class='ocrx_word' id='word_1_30' title='bbox 1364 839 1487 918; x_wconf 89' lang='lat' dir='ltr'>plures</span> 
     </span>
     <span class='ocr_line' id='line_1_5' title="bbox 255 951 368 1004; baseline 0.009 -1"><span class='ocrx_word' id='word_1_31' title='bbox 255 951 368 1004; x_wconf 90' lang='lat' dir='ltr'>erant.</span> 
     </span>
    </p>

    <p class='ocr_par' dir='ltr' id='par_1_3' title="bbox 252 1047 1488 2415">
     <span class='ocr_line' id='line_1_6' title="bbox 314 1047 1483 1133; baseline 0.003 -23"><span class='ocrx_word' id='word_1_32' title='bbox 314 1047 386 1112; x_wconf 91' lang='grc'><strong>778.</strong></span> <span class='ocrx_word' id='word_1_33' title='bbox 429 1049 524 1113; x_wconf 87' lang='lat' dir='ltr'><strong>Inter</strong></span> <span class='ocrx_word' id='word_1_34' title='bbox 538 1051 639 1128; x_wconf 79' lang='lat' dir='ltr'>alioS,</span> <span class='ocrx_word' id='word_1_35' title='bbox 656 1051 716 1131; x_wconf 90' lang='lat' dir='ltr'>qui</span> <span class='ocrx_word' id='word_1_36' title='bbox 736 1069 845 1130; x_wconf 90' lang='lat' dir='ltr'>opera</span> <span class='ocrx_word' id='word_1_37' title='bbox 865 1061 1071 1115; x_wconf 90' lang='lat' dir='ltr'>nostrorum</span> <span class='ocrx_word' id='word_1_38' title='bbox 1091 1049 1200 1131; x_wconf 88' lang='lat' dir='ltr'>adjuti</span> <span class='ocrx_word' id='word_1_39' title='bbox 1221 1062 1314 1130; x_wconf 88' lang='lat' dir='ltr'>sunt,</span> <span class='ocrx_word' id='word_1_40' title='bbox 1337 1051 1483 1133; x_wconf 87' lang='lat' dir='ltr'>quidam</span> 
     </span>
     <span class='ocr_line' id='line_1_7' title="bbox 254 1154 1485 1240; baseline 0.003 -22"><span class='ocrx_word' id='word_1_41' title='bbox 254 1154 318 1220; x_wconf 88' lang='lat' dir='ltr'>fuit</span> <span class='ocrx_word' id='word_1_42' title='bbox 338 1157 606 1222; x_wconf 81' lang='lat' dir='ltr'>lutheranorum</span> <span class='ocrx_word' id='word_1_43' title='bbox 628 1159 859 1222; x_wconf 85' lang='lat' dir='ltr'>concionator</span> <span class='ocrx_word' id='word_1_44' title='bbox 881 1177 926 1222; x_wconf 91' lang='lat' dir='ltr'>ex</span> <span class='ocrx_word' id='word_1_45' title='bbox 949 1159 1124 1240; x_wconf 87' lang='lat' dir='ltr'>superiori</span> <span class='ocrx_word' id='word_1_46' title='bbox 1139 1159 1344 1236; x_wconf 86' lang='lat' dir='ltr'>Germania,</span> <span class='ocrx_word' id='word_1_47' title='bbox 1360 1169 1395 1222; x_wconf 87' lang='lat' dir='ltr'>et</span> <span class='ocrx_word' id='word_1_48' title='bbox 1410 1159 1485 1240; x_wconf 91' lang='lat' dir='ltr'>qui·</span> 
     </span>
     <span class='ocr_line' id='line_1_8' title="bbox 255 1264 1485 1346; baseline 0.003 -20"><span class='ocrx_word' id='word_1_49' title='bbox 255 1265 335 1327; x_wconf 88' lang='lat' dir='ltr'>dem</span> <span class='ocrx_word' id='word_1_50' title='bbox 350 1264 530 1344; x_wconf 86' lang='lat' dir='ltr'>sacerdos,</span> <span class='ocrx_word' id='word_1_51' title='bbox 551 1265 692 1345; x_wconf 90' lang='lat' dir='ltr'>prolixa</span> <span class='ocrx_word' id='word_1_52' title='bbox 714 1276 748 1329; x_wconf 89' lang='lat' dir='ltr'>et</span> <span class='ocrx_word' id='word_1_53' title='bbox 771 1266 1013 1330; x_wconf 90' lang='lat' dir='ltr'>incanescenti</span> <span class='ocrx_word' id='word_1_54' title='bbox 1031 1265 1105 1346; x_wconf 88' lang='lat' dir='ltr'>jam</span> <span class='ocrx_word' id='word_1_55' title='bbox 1126 1267 1254 1345; x_wconf 91' lang='lat' dir='ltr'>barba,</span> <span class='ocrx_word' id='word_1_56' title='bbox 1277 1267 1338 1346; x_wconf 93' lang='lat' dir='ltr'>qui</span> <span class='ocrx_word' id='word_1_57' title='bbox 1357 1265 1485 1346; x_wconf 82' lang='lat' dir='ltr'>viginti</span> 
     </span>
     <span class='ocr_line' id='line_1_9' title="bbox 256 1369 1487 1452; baseline 0.002 -19"><span class='ocrx_word' id='word_1_58' title='bbox 256 1369 358 1434; x_wconf 88' lang='lat' dir='ltr'>annis</span> <span class='ocrx_word' id='word_1_59' title='bbox 373 1370 521 1435; x_wconf 90' lang='lat' dir='ltr'>Lutheri</span> <span class='ocrx_word' id='word_1_60' title='bbox 537 1370 663 1436; x_wconf 81' lang='lat' dir='ltr'>falsam</span> <span class='ocrx_word' id='word_1_61' title='bbox 679 1371 878 1436; x_wconf 86' lang='lat' dir='ltr'>doctrinam</span> <span class='ocrx_word' id='word_1_62' title='bbox 892 1373 1176 1452; x_wconf 82' lang='lat' dir='ltr'>praedicaverat,</span> <span class='ocrx_word' id='word_1_63' title='bbox 1198 1384 1233 1437; x_wconf 90' lang='lat' dir='ltr'>et</span> <span class='ocrx_word' id='word_1_64' title='bbox 1253 1375 1345 1436; x_wconf 88' lang='lat' dir='ltr'>inter</span> <span class='ocrx_word' id='word_1_65' title='bbox 1364 1374 1487 1436; x_wconf 89' lang='lat' dir='ltr'>haere·</span> 
     </span>
     <span class='ocr_line' id='line_1_10' title="bbox 255 1477 1484 1559; baseline 0.002 -19"><span class='ocrx_word' id='word_1_66' title='bbox 255 1479 357 1554; x_wconf 91' lang='lat' dir='ltr'>ticos,</span> <span class='ocrx_word' id='word_1_67' title='bbox 374 1477 533 1557; x_wconf 90' lang='lat' dir='ltr'>ipsorum</span> <span class='ocrx_word' id='word_1_68' title='bbox 548 1495 646 1541; x_wconf 90' lang='lat' dir='ltr'>more</span> <span class='ocrx_word' id='word_1_69' title='bbox 661 1479 813 1543; x_wconf 87' lang='lat' dir='ltr'>vixerat.</span> <span class='ocrx_word' id='word_1_70' title='bbox 830 1479 919 1543; x_wconf 91' lang='lat' dir='ltr'>Cum</span> <span class='ocrx_word' id='word_1_71' title='bbox 933 1497 1021 1559; x_wconf 87' lang='lat' dir='ltr'>ergo</span> <span class='ocrx_word' id='word_1_72' title='bbox 1036 1479 1210 1544; x_wconf 90' lang='lat' dir='ltr'>Dominus</span> <span class='ocrx_word' id='word_1_73' title='bbox 1225 1481 1337 1543; x_wconf 89' lang='lat' dir='ltr'>oculis</span> <span class='ocrx_word' id='word_1_74' title='bbox 1351 1479 1484 1543; x_wconf 89' lang='lat' dir='ltr'>miseri·</span> 
     </span>
     <span class='ocr_line' id='line_1_11' title="bbox 256 1585 1486 1666; baseline 0.001 -18"><span class='ocrx_word' id='word_1_75' title='bbox 256 1585 400 1648; x_wconf 89' lang='lat' dir='ltr'>cordiae</span> <span class='ocrx_word' id='word_1_76' title='bbox 415 1602 495 1647; x_wconf 90' lang='lat' dir='ltr'>eum</span> <span class='ocrx_word' id='word_1_77' title='bbox 509 1588 736 1666; x_wconf 83' lang='lat' dir='ltr'>respexisset,</span> <span class='ocrx_word' id='word_1_78' title='bbox 760 1595 834 1649; x_wconf 92' lang='lat' dir='ltr'>toto</span> <span class='ocrx_word' id='word_1_79' title='bbox 855 1587 963 1649; x_wconf 90' lang='lat' dir='ltr'>corde</span> <span class='ocrx_word' id='word_1_80' title='bbox 982 1596 1228 1665; x_wconf 88' lang='lat' dir='ltr'>compunctus,</span> <span class='ocrx_word' id='word_1_81' title='bbox 1246 1588 1368 1650; x_wconf 88' lang='lat' dir='ltr'>dolens</span> <span class='ocrx_word' id='word_1_82' title='bbox 1386 1597 1421 1650; x_wconf 91' lang='lat' dir='ltr'>et</span> <span class='ocrx_word' id='word_1_83' title='bbox 1436 1589 1486 1649; x_wconf 92' lang='lat' dir='ltr'>la·</span> 
     </span>
     <span class='ocr_line' id='line_1_12' title="bbox 255 1691 1488 1774; baseline 0.001 -18"><span class='ocrx_word' id='word_1_84' title='bbox 255 1711 424 1774; x_wconf 86' lang='lat' dir='ltr'>erymans</span> <span class='ocrx_word' id='word_1_85' title='bbox 449 1694 494 1756; x_wconf 89' lang='lat' dir='ltr'>ad</span> <span class='ocrx_word' id='word_1_86' title='bbox 519 1691 701 1756; x_wconf 88' lang='lat' dir='ltr'>Ecclesiae</span> <span class='ocrx_word' id='word_1_87' title='bbox 722 1693 897 1771; x_wconf 85' lang='lat' dir='ltr'>gremium</span> <span class='ocrx_word' id='word_1_88' title='bbox 919 1693 1035 1756; x_wconf 90' lang='lat' dir='ltr'>redire</span> <span class='ocrx_word' id='word_1_89' title='bbox 1056 1693 1264 1773; x_wconf 77' lang='lat' dir='ltr'>exoptabat,</span> <span class='ocrx_word' id='word_1_90' title='bbox 1287 1702 1322 1755; x_wconf 90' lang='lat' dir='ltr'>et</span> <span class='ocrx_word' id='word_1_91' title='bbox 1342 1702 1488 1757; x_wconf 91' lang='lat' dir='ltr'>nostros</span> 
     </span>
     <span class='ocr_line' id='line_1_13' title="bbox 254 1797 1485 1881; baseline 0 -19"><span class='ocrx_word' id='word_1_92' title='bbox 254 1801 397 1881; x_wconf 82' lang='lat' dir='ltr'>rogavit</span> <span class='ocrx_word' id='word_1_93' title='bbox 418 1808 456 1864; x_wconf 93' lang='lat' dir='ltr'>ut</span> <span class='ocrx_word' id='word_1_94' title='bbox 471 1801 539 1878; x_wconf 90' lang='lat' dir='ltr'>ipsi</span> <span class='ocrx_word' id='word_1_95' title='bbox 562 1816 664 1879; x_wconf 91' lang='lat' dir='ltr'>opem</span> <span class='ocrx_word' id='word_1_96' title='bbox 683 1797 827 1878; x_wconf 87' lang='lat' dir='ltr'>ferrent,</span> <span class='ocrx_word' id='word_1_97' title='bbox 850 1799 944 1881; x_wconf 93' lang='lat' dir='ltr'>quod</span> <span class='ocrx_word' id='word_1_98' title='bbox 966 1811 1001 1863; x_wconf 93' lang='lat' dir='ltr'>et</span> <span class='ocrx_word' id='word_1_99' title='bbox 1023 1799 1193 1863; x_wconf 86' lang='lat' dir='ltr'>lecerunt.</span> <span class='ocrx_word' id='word_1_100' title='bbox 1216 1799 1341 1881; x_wconf 87' lang='lat' dir='ltr'>ltaque</span> <span class='ocrx_word' id='word_1_101' title='bbox 1361 1817 1485 1863; x_wconf 90' lang='lat' dir='ltr'>omnes</span> 
     </span>
     <span class='ocr_line' id='line_1_14' title="bbox 256 1905 1486 1987; baseline -0.001 -17"><span class='ocrx_word' id='word_1_102' title='bbox 256 1923 340 1970; x_wconf 92' lang='lat' dir='ltr'>suos</span> <span class='ocrx_word' id='word_1_103' title='bbox 355 1924 496 1971; x_wconf 89' lang='lat' dir='ltr'>errores</span> <span class='ocrx_word' id='word_1_104' title='bbox 520 1909 577 1971; x_wconf 92' lang='lat' dir='ltr'>ille</span> <span class='ocrx_word' id='word_1_105' title='bbox 593 1905 782 1987; x_wconf 88' lang='lat' dir='ltr'>abjuravit,</span> <span class='ocrx_word' id='word_1_106' title='bbox 808 1917 843 1970; x_wconf 87' lang='lat' dir='ltr'>et</span> <span class='ocrx_word' id='word_1_107' title='bbox 867 1924 947 1970; x_wconf 91' lang='lat' dir='ltr'>cum</span> <span class='ocrx_word' id='word_1_108' title='bbox 962 1923 1093 1986; x_wconf 84' lang='lat' dir='ltr'>magna</span> <span class='ocrx_word' id='word_1_109' title='bbox 1114 1907 1257 1986; x_wconf 90' lang='lat' dir='ltr'>spiritus</span> <span class='ocrx_word' id='word_1_110' title='bbox 1278 1907 1333 1970; x_wconf 93' lang='lat' dir='ltr'>sui</span> <span class='ocrx_word' id='word_1_111' title='bbox 1351 1908 1486 1970; x_wconf 88' lang='lat' dir='ltr'>exulta·</span> 
     </span>
     <span class='ocr_line' id='line_1_15' title="bbox 255 2013 1487 2093; baseline -0.001 -16"><span class='ocrx_word' id='word_1_112' title='bbox 255 2013 350 2077; x_wconf 89' lang='lat' dir='ltr'>tione</span> <span class='ocrx_word' id='word_1_113' title='bbox 364 2024 399 2077; x_wconf 92' lang='lat' dir='ltr'>et</span> <span class='ocrx_word' id='word_1_114' title='bbox 414 2013 671 2093; x_wconf 92' lang='lat' dir='ltr'>propemodum</span> <span class='ocrx_word' id='word_1_115' title='bbox 691 2013 931 2093; x_wconf 89' lang='lat' dir='ltr'>inexplicabili</span> <span class='ocrx_word' id='word_1_116' title='bbox 946 2013 1088 2093; x_wconf 82' lang='lat' dir='ltr'>gaudio,</span> <span class='ocrx_word' id='word_1_117' title='bbox 1105 2014 1286 2077; x_wconf 91' lang='lat' dir='ltr'>Ecclesiae</span> <span class='ocrx_word' id='word_1_118' title='bbox 1301 2013 1487 2077; x_wconf 89' lang='lat' dir='ltr'>restitutus</span> 
     </span>
     <span class='ocr_line' id='line_1_16' title="bbox 254 2119 1487 2202; baseline 0 -19"><span class='ocrx_word' id='word_1_119' title='bbox 254 2130 320 2199; x_wconf 90' lang='lat' dir='ltr'>est;</span> <span class='ocrx_word' id='word_1_120' title='bbox 334 2121 424 2184; x_wconf 92' lang='lat' dir='ltr'>adeo</span> <span class='ocrx_word' id='word_1_121' title='bbox 435 2132 473 2185; x_wconf 95' lang='lat' dir='ltr'>ut</span> <span class='ocrx_word' id='word_1_122' title='bbox 486 2121 648 2184; x_wconf 92' lang='lat' dir='ltr'>omnibus</span> <span class='ocrx_word' id='word_1_123' title='bbox 662 2121 888 2184; x_wconf 88' lang='lat' dir='ltr'>admirationi</span> <span class='ocrx_word' id='word_1_124' title='bbox 904 2131 1009 2200; x_wconf 90' lang='lat' dir='ltr'>esset;</span> <span class='ocrx_word' id='word_1_125' title='bbox 1022 2132 1057 2184; x_wconf 93' lang='lat' dir='ltr'>et</span> <span class='ocrx_word' id='word_1_126' title='bbox 1071 2119 1373 2202; x_wconf 87' lang='lat' dir='ltr'>Archicpiscopus</span> <span class='ocrx_word' id='word_1_127' title='bbox 1391 2121 1424 2184; x_wconf 92' lang='lat' dir='ltr'>ei</span> <span class='ocrx_word' id='word_1_128' title='bbox 1441 2119 1487 2184; x_wconf 91' lang='lat' dir='ltr'>de</span> 
     </span>
     <span class='ocr_line' id='line_1_17' title="bbox 256 2227 1487 2309; baseline 0 -19"><span class='ocrx_word' id='word_1_129' title='bbox 256 2228 375 2309; x_wconf 87' lang='lat' dir='ltr'>aliqua</span> <span class='ocrx_word' id='word_1_130' title='bbox 391 2229 591 2292; x_wconf 88' lang='lat' dir='ltr'>conditione</span> <span class='ocrx_word' id='word_1_131' title='bbox 605 2228 771 2307; x_wconf 89' lang='lat' dir='ltr'>providit,</span> <span class='ocrx_word' id='word_1_132' title='bbox 789 2237 825 2291; x_wconf 93' lang='lat' dir='ltr'>ut</span> <span class='ocrx_word' id='word_1_133' title='bbox 845 2227 1033 2292; x_wconf 91' lang='lat' dir='ltr'>catholicis</span> <span class='ocrx_word' id='word_1_134' title='bbox 1052 2228 1201 2292; x_wconf 86' lang='lat' dir='ltr'>verbum</span> <span class='ocrx_word' id='word_1_135' title='bbox 1219 2227 1287 2290; x_wconf 91' lang='lat' dir='ltr'>Dei</span> <span class='ocrx_word' id='word_1_136' title='bbox 1308 2227 1487 2291; x_wconf 92' lang='lat' dir='ltr'>catholico</span> 
     </span>
     <span class='ocr_line' id='line_1_18' title="bbox 252 2335 1039 2415; baseline 0.004 -19"><span class='ocrx_word' id='word_1_137' title='bbox 252 2351 353 2397; x_wconf 92' lang='lat' dir='ltr'>more</span> <span class='ocrx_word' id='word_1_138' title='bbox 368 2335 575 2415; x_wconf 88' lang='lat' dir='ltr'>praedicare</span> <span class='ocrx_word' id='word_1_139' title='bbox 595 2335 776 2415; x_wconf 87' lang='lat' dir='ltr'>inciperet.</span> <span class='ocrx_word' id='word_1_140' title='bbox 1036 2405 1039 2408; x_wconf 57' lang='grc'>,</span> 
     </span>
    </p>

    <p class='ocr_par' dir='ltr' id='par_1_4' title="bbox 251 2441 1487 3053">
     <span class='ocr_line' id='line_1_19' title="bbox 314 2441 1486 2519; baseline -0.001 -16"><span class='ocrx_word' id='word_1_141' title='bbox 314 2441 384 2504; x_wconf 90' lang='grc'><strong>779.</strong></span> <span class='ocrx_word' id='word_1_142' title='bbox 427 2441 578 2505; x_wconf 88' lang='lat' dir='ltr'>Factum</span> <span class='ocrx_word' id='word_1_143' title='bbox 593 2451 711 2506; x_wconf 90' lang='lat' dir='ltr'>autem</span> <span class='ocrx_word' id='word_1_144' title='bbox 726 2441 792 2505; x_wconf 86' lang='lat' dir='ltr'>fuit</span> <span class='ocrx_word' id='word_1_145' title='bbox 807 2443 973 2518; x_wconf 86' lang='lat' dir='ltr'>edictum,</span> <span class='ocrx_word' id='word_1_146' title='bbox 990 2452 1029 2506; x_wconf 93' lang='lat' dir='ltr'>ut</span> <span class='ocrx_word' id='word_1_147' title='bbox 1043 2442 1220 2505; x_wconf 91' lang='lat' dir='ltr'>lutherani</span> <span class='ocrx_word' id='word_1_148' title='bbox 1242 2458 1375 2519; x_wconf 79' lang='lat' dir='ltr'>omneS,</span> <span class='ocrx_word' id='word_1_149' title='bbox 1399 2457 1486 2504; x_wconf 89' lang='lat' dir='ltr'>ana·</span> 
     </span>
     <span class='ocr_line' id='line_1_20' title="bbox 254 2547 1487 2629; baseline 0 -19"><span class='ocrx_word' id='word_1_150' title='bbox 254 2547 431 2628; x_wconf 88' lang='lat' dir='ltr'>baptistae</span> <span class='ocrx_word' id='word_1_151' title='bbox 453 2558 487 2611; x_wconf 91' lang='lat' dir='ltr'>et</span> <span class='ocrx_word' id='word_1_152' title='bbox 503 2550 786 2615; x_wconf 89' lang='lat' dir='ltr'>sacramentarii.</span> <span class='ocrx_word' id='word_1_153' title='bbox 809 2550 873 2612; x_wconf 92' lang='lat' dir='ltr'>sub</span> <span class='ocrx_word' id='word_1_154' title='bbox 894 2566 1010 2629; x_wconf 90' lang='lat' dir='ltr'>poena</span> <span class='ocrx_word' id='word_1_155' title='bbox 1030 2548 1158 2629; x_wconf 89' lang='lat' dir='ltr'>capitis</span> <span class='ocrx_word' id='word_1_156' title='bbox 1173 2548 1321 2612; x_wconf 88' lang='lat' dir='ltr'>Colonia</span> <span class='ocrx_word' id='word_1_157' title='bbox 1338 2548 1487 2626; x_wconf 82' lang='lat' dir='ltr'>egrede-</span> 
     </span>
     <span class='ocr_line' id='line_1_21' title="bbox 252 2654 1484 2730; baseline 0 -12"><span class='ocrx_word' id='word_1_158' title='bbox 252 2664 376 2720; x_wconf 87' lang='lat' dir='ltr'>rentur</span> <span class='ocrx_word' id='word_1_159' title='bbox 391 2666 472 2719; x_wconf 87' lang='lat' dir='ltr'>ante</span> <span class='ocrx_word' id='word_1_160' title='bbox 489 2656 659 2730; x_wconf 90' lang='lat' dir='ltr'>triduum;</span> <span class='ocrx_word' id='word_1_161' title='bbox 686 2657 786 2721; x_wconf 93' lang='lat' dir='ltr'>multi</span> <span class='ocrx_word' id='word_1_162' title='bbox 807 2656 901 2721; x_wconf 91' lang='lat' dir='ltr'>enim</span> <span class='ocrx_word' id='word_1_163' title='bbox 923 2673 968 2721; x_wconf 88' lang='lat' dir='ltr'>ex</span> <span class='ocrx_word' id='word_1_164' title='bbox 993 2655 1156 2720; x_wconf 89' lang='lat' dir='ltr'>sectariis</span> <span class='ocrx_word' id='word_1_165' title='bbox 1181 2654 1365 2720; x_wconf 88' lang='lat' dir='ltr'>Coloniam</span> <span class='ocrx_word' id='word_1_166' title='bbox 1389 2656 1484 2719; x_wconf 91' lang='lat' dir='ltr'>clam</span> 
     </span>
     <span class='ocr_line' id='line_1_22' title="bbox 253 2744 1485 2844; baseline 0.002 -20"><span class='ocrx_word' id='word_1_167' title='bbox 253 2761 407 2843; x_wconf 85' lang='lat' dir='ltr'>ingressi</span> <span class='ocrx_word' id='word_1_168' title='bbox 426 2762 578 2841; x_wconf 84' lang='lat' dir='ltr'>fuerant,</span> <span class='ocrx_word' id='word_1_169' title='bbox 600 2774 634 2826; x_wconf 89' lang='lat' dir='ltr'>et</span> <span class='ocrx_word' id='word_1_170' title='bbox 658 2764 855 2843; x_wconf 89' lang='lat' dir='ltr'>simplicem</span> <span class='ocrx_word' id='word_1_171' title='bbox 880 2744 1050 2844; x_wconf 90' lang='lat' dir='ltr'>populum</span> <span class='ocrx_word' id='word_1_172' title='bbox 1075 2762 1308 2839; x_wconf 89' lang='lat' dir='ltr'>seducebant;</span> <span class='ocrx_word' id='word_1_173' title='bbox 1335 2772 1370 2825; x_wconf 93' lang='lat' dir='ltr'>et</span> <span class='ocrx_word' id='word_1_174' title='bbox 1391 2763 1485 2826; x_wconf 86' lang='lat' dir='ltr'>inter</span> 
     </span>
     <span class='ocr_line' id='line_1_23' title="bbox 252 2850 1485 2951; baseline 0.002 -21"><span class='ocrx_word' id='word_1_175' title='bbox 252 2869 342 2932; x_wconf 90' lang='lat' dir='ltr'>alios</span> <span class='ocrx_word' id='word_1_176' title='bbox 357 2872 524 2949; x_wconf 88' lang='lat' dir='ltr'>expulsus</span> <span class='ocrx_word' id='word_1_177' title='bbox 539 2870 604 2935; x_wconf 84' lang='lat' dir='ltr'>fuit</span> <span class='ocrx_word' id='word_1_178' title='bbox 624 2872 854 2935; x_wconf 86' lang='lat' dir='ltr'>concionator</span> <span class='ocrx_word' id='word_1_179' title='bbox 874 2870 1030 2951; x_wconf 88' lang='lat' dir='ltr'>quidam,</span> <span class='ocrx_word' id='word_1_180' title='bbox 1055 2870 1125 2950; x_wconf 91' lang='lat' dir='ltr'>qui,</span> <span class='ocrx_word' id='word_1_181' title='bbox 1150 2869 1313 2948; x_wconf 91' lang='lat' dir='ltr'>quamvis</span> <span class='ocrx_word' id='word_1_182' title='bbox 1331 2850 1485 2949; x_wconf 87' lang='lat' dir='ltr'>leprosis</span> 
     </span>
     <span class='ocr_line' id='line_1_24' title="bbox 251 2975 1355 3053; baseline 0 -16"><span class='ocrx_word' id='word_1_183' title='bbox 251 2976 536 3053; x_wconf 88' lang='lat' dir='ltr'>concionaretur,</span> <span class='ocrx_word' id='word_1_184' title='bbox 552 2978 652 3039; x_wconf 91' lang='lat' dir='ltr'>multi</span> <span class='ocrx_word' id='word_1_185' title='bbox 669 2986 787 3041; x_wconf 90' lang='lat' dir='ltr'>tamen</span> <span class='ocrx_word' id='word_1_186' title='bbox 802 2976 847 3040; x_wconf 89' lang='lat' dir='ltr'>ad</span> <span class='ocrx_word' id='word_1_187' title='bbox 863 2994 943 3039; x_wconf 91' lang='lat' dir='ltr'>eum</span> <span class='ocrx_word' id='word_1_188' title='bbox 958 2994 1003 3039; x_wconf 90' lang='lat' dir='ltr'>ex</span> <span class='ocrx_word' id='word_1_189' title='bbox 1018 2976 1105 3038; x_wconf 89' lang='lat' dir='ltr'>urbe</span> <span class='ocrx_word' id='word_1_190' title='bbox 1120 2975 1355 3039; x_wconf 88' lang='lat' dir='ltr'>confluebant.</span> 
     </span>
    </p>

    <p class='ocr_par' dir='ltr' id='par_1_5' title="bbox 248 3080 1483 3915">
     <span class='ocr_line' id='line_1_25' title="bbox 311 3080 1480 3164; baseline 0.003 -20"><span class='ocrx_word' id='word_1_191' title='bbox 311 3080 382 3145; x_wconf 88' lang='lat'><strong>780.</strong></span> <span class='ocrx_word' id='word_1_192' title='bbox 425 3082 520 3147; x_wconf 86' lang='lat' dir='ltr'>Inter</span> <span class='ocrx_word' id='word_1_193' title='bbox 535 3086 675 3160; x_wconf 89' lang='lat' dir='ltr'>multos,</span> <span class='ocrx_word' id='word_1_194' title='bbox 694 3083 821 3164; x_wconf 91' lang='lat' dir='ltr'>quibus</span> <span class='ocrx_word' id='word_1_195' title='bbox 835 3082 1106 3163; x_wconf 82' lang='lat' dir='ltr'>aegrotantibus</span> <span class='ocrx_word' id='word_1_196' title='bbox 1122 3083 1245 3146; x_wconf 90' lang='lat' dir='ltr'>aderat</span> <span class='ocrx_word' id='word_1_197' title='bbox 1266 3082 1304 3145; x_wconf 91' lang='lat' dir='ltr'>P.</span> <span class='ocrx_word' id='word_1_198' title='bbox 1325 3082 1480 3147; x_wconf 89' lang='lat' dir='ltr'>Leonar-</span> 
     </span>
     <span class='ocr_line' id='line_1_26' title="bbox 250 3187 1483 3270; baseline 0.002 -19"><span class='ocrx_word' id='word_1_199' title='bbox 250 3188 328 3263; x_wconf 91' lang='lat' dir='ltr'>dus,</span> <span class='ocrx_word' id='word_1_200' title='bbox 345 3188 453 3270; x_wconf 92' lang='lat' dir='ltr'>aliqui</span> <span class='ocrx_word' id='word_1_201' title='bbox 467 3191 658 3254; x_wconf 89' lang='lat' dir='ltr'>sanitatem</span> <span class='ocrx_word' id='word_1_202' title='bbox 671 3191 723 3253; x_wconf 89' lang='lat' dir='ltr'>sic</span> <span class='ocrx_word' id='word_1_203' title='bbox 744 3190 973 3270; x_wconf 87' lang='lat' dir='ltr'>recipiebant,</span> <span class='ocrx_word' id='word_1_204' title='bbox 996 3187 1127 3252; x_wconf 89' lang='lat' dir='ltr'>auditis</span> <span class='ocrx_word' id='word_1_205' title='bbox 1148 3206 1269 3251; x_wconf 92' lang='lat' dir='ltr'>eorum</span> <span class='ocrx_word' id='word_1_206' title='bbox 1289 3190 1483 3254; x_wconf 85' lang='lat' dir='ltr'>confessio·</span> 
     </span>
     <span class='ocr_line' id='line_1_27' title="bbox 250 3296 1479 3379; baseline 0.004 -22"><span class='ocrx_word' id='word_1_207' title='bbox 250 3296 364 3374; x_wconf 64' lang='lat' dir='ltr'>nibus</span> <span class='ocrx_word' id='word_1_208' title='bbox 382 3308 419 3359; x_wconf 93' lang='lat' dir='ltr'>ut</span> <span class='ocrx_word' id='word_1_209' title='bbox 435 3298 494 3377; x_wconf 93' lang='lat' dir='ltr'>qui</span> <span class='ocrx_word' id='word_1_210' title='bbox 510 3298 740 3377; x_wconf 87' lang='lat' dir='ltr'>assistebant,</span> <span class='ocrx_word' id='word_1_211' title='bbox 758 3315 838 3361; x_wconf 93' lang='lat' dir='ltr'>cum</span> <span class='ocrx_word' id='word_1_212' title='bbox 854 3316 985 3379; x_wconf 88' lang='lat' dir='ltr'>magna</span> <span class='ocrx_word' id='word_1_213' title='bbox 1001 3300 1236 3363; x_wconf 86' lang='lat' dir='ltr'>admiratione</span> <span class='ocrx_word' id='word_1_214' title='bbox 1251 3300 1286 3362; x_wconf 94' lang='lat' dir='ltr'>id</span> <span class='ocrx_word' id='word_1_215' title='bbox 1304 3297 1479 3363; x_wconf 84' lang='lat' dir='ltr'>uiderent.</span> 
     </span>
     <span class='ocr_line' id='line_1_28' title="bbox 249 3403 1480 3486; baseline 0.002 -19"><span class='ocrx_word' id='word_1_216' title='bbox 249 3403 289 3467; x_wconf 93' lang='lat' dir='ltr'>ln</span> <span class='ocrx_word' id='word_1_217' title='bbox 304 3406 360 3467; x_wconf 89' lang='lat' dir='ltr'>his</span> <span class='ocrx_word' id='word_1_218' title='bbox 374 3404 438 3467; x_wconf 88' lang='lat' dir='ltr'>suit</span> <span class='ocrx_word' id='word_1_219' title='bbox 453 3406 621 3468; x_wconf 87' lang='lat' dir='ltr'>sacerdos</span> <span class='ocrx_word' id='word_1_220' title='bbox 643 3406 786 3486; x_wconf 89' lang='lat' dir='ltr'>quidam</span> <span class='ocrx_word' id='word_1_221' title='bbox 805 3405 923 3469; x_wconf 93' lang='lat' dir='ltr'>animo</span> <span class='ocrx_word' id='word_1_222' title='bbox 946 3417 980 3470; x_wconf 91' lang='lat' dir='ltr'>et</span> <span class='ocrx_word' id='word_1_223' title='bbox 1002 3424 1152 3486; x_wconf 89' lang='lat' dir='ltr'>corpore</span> <span class='ocrx_word' id='word_1_224' title='bbox 1173 3408 1265 3470; x_wconf 91' lang='lat' dir='ltr'>male</span> <span class='ocrx_word' id='word_1_225' title='bbox 1287 3405 1480 3469; x_wconf 89' lang='lat' dir='ltr'>admodum</span> 
     </span>
     <span class='ocr_line' id='line_1_29' title="bbox 248 3508 1479 3593; baseline 0.002 -20"><span class='ocrx_word' id='word_1_226' title='bbox 248 3514 384 3589; x_wconf 72' lang='lat' dir='ltr'>valens</span> <span class='ocrx_word' id='word_1_227' title='bbox 400 3508 483 3591; x_wconf 91' lang='lat' dir='ltr'>[qui]</span> <span class='ocrx_word' id='word_1_228' title='bbox 495 3511 638 3574; x_wconf 88' lang='lat' dir='ltr'>Patrem</span> <span class='ocrx_word' id='word_1_229' title='bbox 645 3511 871 3575; x_wconf 91' lang='lat' dir='ltr'>Leonardum</span> <span class='ocrx_word' id='word_1_230' title='bbox 881 3516 1058 3589; x_wconf 87' lang='lat' dir='ltr'>evocavit,</span> <span class='ocrx_word' id='word_1_231' title='bbox 1069 3512 1233 3593; x_wconf 86' lang='lat' dir='ltr'>iactaque</span> <span class='ocrx_word' id='word_1_232' title='bbox 1244 3512 1479 3592; x_wconf 83' lang='lat' dir='ltr'>confessione,</span> 
     </span>
     <span class='ocr_line' id='line_1_30' title="bbox 249 3618 1482 3701; baseline 0.001 -19"><span class='ocrx_word' id='word_1_233' title='bbox 249 3638 270 3681; x_wconf 90' lang='lat' dir='ltr'>a</span> <span class='ocrx_word' id='word_1_234' title='bbox 286 3618 364 3682; x_wconf 91' lang='lat' dir='ltr'>Deo</span> <span class='ocrx_word' id='word_1_235' title='bbox 378 3619 482 3682; x_wconf 92' lang='lat' dir='ltr'>simul</span> <span class='ocrx_word' id='word_1_236' title='bbox 499 3618 592 3682; x_wconf 86' lang='lat' dir='ltr'>vires</span> <span class='ocrx_word' id='word_1_237' title='bbox 607 3619 746 3682; x_wconf 90' lang='lat' dir='ltr'>animae</span> <span class='ocrx_word' id='word_1_238' title='bbox 767 3629 801 3683; x_wconf 92' lang='lat' dir='ltr'>et</span> <span class='ocrx_word' id='word_1_239' title='bbox 814 3621 975 3701; x_wconf 90' lang='lat' dir='ltr'>corporis</span> <span class='ocrx_word' id='word_1_240' title='bbox 986 3621 1210 3701; x_wconf 89' lang='lat' dir='ltr'>recuperavit</span> <span class='ocrx_word' id='word_1_241' title='bbox 1225 3637 1334 3700; x_wconf 88' lang='lat' dir='ltr'>supra</span> <span class='ocrx_word' id='word_1_242' title='bbox 1349 3620 1482 3683; x_wconf 88' lang='lat' dir='ltr'>amico·</span> 
     </span>
     <span class='ocr_line' id='line_1_31' title="bbox 249 3726 1477 3807; baseline -0.001 -19"><span class='ocrx_word' id='word_1_243' title='bbox 249 3743 328 3788; x_wconf 90' lang='lat' dir='ltr'>rum</span> <span class='ocrx_word' id='word_1_244' title='bbox 350 3726 644 3807; x_wconf 82' lang='lat' dir='ltr'>expectationem,</span> <span class='ocrx_word' id='word_1_245' title='bbox 669 3726 728 3805; x_wconf 91' lang='lat' dir='ltr'>qui</span> <span class='ocrx_word' id='word_1_246' title='bbox 749 3744 830 3789; x_wconf 90' lang='lat' dir='ltr'>eum</span> <span class='ocrx_word' id='word_1_247' title='bbox 850 3726 895 3789; x_wconf 91' lang='lat' dir='ltr'>ad</span> <span class='ocrx_word' id='word_1_248' title='bbox 917 3728 1064 3790; x_wconf 89' lang='lat' dir='ltr'>meliora</span> <span class='ocrx_word' id='word_1_249' title='bbox 1085 3726 1207 3790; x_wconf 85' lang='lat' dir='ltr'>reduci</span> <span class='ocrx_word' id='word_1_250' title='bbox 1228 3726 1477 3807; x_wconf 88' lang='lat' dir='ltr'>desperabant.</span> 
     </span>
     <span class='ocr_line' id='line_1_32' title="bbox 248 3832 1356 3915; baseline 0.001 -19"><span class='ocrx_word' id='word_1_251' title='bbox 248 3833 321 3896; x_wconf 90' lang='lat' dir='ltr'>Alii</span> <span class='ocrx_word' id='word_1_252' title='bbox 336 3832 486 3896; x_wconf 81' lang='lat' dir='ltr'>feliciter</span> <span class='ocrx_word' id='word_1_253' title='bbox 503 3832 548 3895; x_wconf 92' lang='lat' dir='ltr'>ad</span> <span class='ocrx_word' id='word_1_254' title='bbox 563 3832 755 3896; x_wconf 91' lang='lat' dir='ltr'>Dominum</span> <span class='ocrx_word' id='word_1_255' title='bbox 770 3844 850 3915; x_wconf 90' lang='lat' dir='ltr'>post</span> <span class='ocrx_word' id='word_1_256' title='bbox 869 3843 1096 3897; x_wconf 88' lang='lat' dir='ltr'>sacramenta</span> <span class='ocrx_word' id='word_1_257' title='bbox 1114 3835 1315 3913; x_wconf 84' lang='lat' dir='ltr'>migrarunt</span> <span class='ocrx_word' id='word_1_258' title='bbox 1334 3833 1356 3897; x_wconf 79' lang='lat'>².</span> 
     </span>
    </p>

    <p class='ocr_par' dir='ltr' id='par_1_6' title="bbox 247 3939 1477 4125">
     <span class='ocr_line' id='line_1_33' title="bbox 308 3939 1474 4022; baseline 0 -19"><span class='ocrx_word' id='word_1_259' title='bbox 308 3939 379 4004; x_wconf 90' lang='lat'>781.</span> <span class='ocrx_word' id='word_1_260' title='bbox 424 3939 549 4003; x_wconf 89' lang='lat' dir='ltr'>Petrus</span> <span class='ocrx_word' id='word_1_261' title='bbox 564 3941 620 4003; x_wconf 89' lang='lat' dir='ltr'>ille</span> <span class='ocrx_word' id='word_1_262' title='bbox 637 3940 828 4019; x_wconf 85' lang='lat' dir='ltr'>Adrianus,</span> <span class='ocrx_word' id='word_1_263' title='bbox 846 3941 889 4004; x_wconf 90' lang='lat' dir='ltr'>de</span> <span class='ocrx_word' id='word_1_264' title='bbox 905 3959 973 4021; x_wconf 93' lang='lat' dir='ltr'>quo</span> <span class='ocrx_word' id='word_1_265' title='bbox 996 3942 1099 4004; x_wconf 91' lang='lat' dir='ltr'>annis</span> <span class='ocrx_word' id='word_1_266' title='bbox 1120 3941 1361 4022; x_wconf 89' lang='lat' dir='ltr'>superioribus</span> <span class='ocrx_word' id='word_1_267' title='bbox 1380 3939 1474 4003; x_wconf 84' lang='lat' dir='ltr'>sacta</span> 
     </span>
     <span class='ocr_line' id='line_1_34' title="bbox 247 4045 1477 4125; baseline 0.001 -16"><span class='ocrx_word' id='word_1_268' title='bbox 247 4058 302 4110; x_wconf 90' lang='lat' dir='ltr'>est</span> <span class='ocrx_word' id='word_1_269' title='bbox 318 4048 448 4111; x_wconf 90' lang='lat' dir='ltr'>mentio</span> <span class='ocrx_word' id='word_1_270' title='bbox 464 4045 487 4124; x_wconf 78' lang='lat'>³,</span> <span class='ocrx_word' id='word_1_271' title='bbox 504 4047 555 4109; x_wconf 92' lang='lat' dir='ltr'>sic</span> <span class='ocrx_word' id='word_1_272' title='bbox 571 4064 609 4110; x_wconf 89' lang='lat' dir='ltr'>se</span> <span class='ocrx_word' id='word_1_273' title='bbox 624 4047 772 4125; x_wconf 82' lang='lat' dir='ltr'>gerebat</span> <span class='ocrx_word' id='word_1_274' title='bbox 787 4046 967 4125; x_wconf 87' lang='lat' dir='ltr'>Coloniae,</span> <span class='ocrx_word' id='word_1_275' title='bbox 983 4058 1020 4111; x_wconf 94' lang='lat' dir='ltr'>ut</span> <span class='ocrx_word' id='word_1_276' title='bbox 1044 4048 1141 4111; x_wconf 93' lang='lat' dir='ltr'>illurn</span> <span class='ocrx_word' id='word_1_277' title='bbox 1160 4048 1205 4111; x_wconf 94' lang='lat' dir='ltr'>ab</span> <span class='ocrx_word' id='word_1_278' title='bbox 1226 4049 1375 4111; x_wconf 89' lang='lat' dir='ltr'>aliorum</span> <span class='ocrx_word' id='word_1_279' title='bbox 1393 4065 1477 4110; x_wconf 92' lang='lat' dir='ltr'>con·</span> 
     </span>
    </p>
   </div>
   <div class='ocr_carea' id='block_1_3' title="bbox 245 4216 1480 4775">
    <p class='ocr_par' dir='ltr' id='par_1_7' title="bbox 245 4216 1477 4414">
     <span class='ocr_line' id='line_1_35' title="bbox 247 4216 1477 4271; baseline 0.001 -12"><span class='ocrx_word' id='word_1_280' title='bbox 247 4220 345 4269; x_wconf 78' lang='lat' dir='ltr'>ageret.</span> <span class='ocrx_word' id='word_1_281' title='bbox 357 4216 430 4270; x_wconf 85' lang='lat' dir='ltr'>quasi</span> <span class='ocrx_word' id='word_1_282' title='bbox 438 4216 488 4259; x_wconf 88' lang='lat' dir='ltr'>hae</span> <span class='ocrx_word' id='word_1_283' title='bbox 496 4216 580 4271; x_wconf 89' lang='lat' dir='ltr'>pretio</span> <span class='ocrx_word' id='word_1_284' title='bbox 588 4217 681 4269; x_wconf 82' lang='lat' dir='ltr'>soluto,</span> <span class='ocrx_word' id='word_1_285' title='bbox 692 4221 720 4259; x_wconf 88' lang='lat' dir='ltr'>ut</span> <span class='ocrx_word' id='word_1_286' title='bbox 732 4227 839 4265; x_wconf 82' lang='lat' dir='ltr'>merces.</span> <span class='ocrx_word' id='word_1_287' title='bbox 850 4216 1016 4261; x_wconf 79' lang='lat' dir='ltr'>haberentur.</span> <span class='ocrx_word' id='word_1_288' title='bbox 1028 4216 1126 4261; x_wconf 85' lang='lat' dir='ltr'>Verum</span> <span class='ocrx_word' id='word_1_289' title='bbox 1136 4217 1250 4261; x_wconf 84' lang='lat' dir='ltr'>Hansen</span> <span class='ocrx_word' id='word_1_290' title='bbox 1259 4227 1309 4261; x_wconf 88' lang='lat' dir='ltr'>non</span> <span class='ocrx_word' id='word_1_291' title='bbox 1319 4217 1392 4260; x_wconf 83' lang='lat' dir='ltr'>altse</span> <span class='ocrx_word' id='word_1_292' title='bbox 1402 4216 1477 4270; x_wconf 81' lang='lat' dir='ltr'>ipsis-</span> 
     </span>
     <span class='ocr_line' id='line_1_36' title="bbox 245 4277 1476 4343; baseline 0 -12"><span class='ocrx_word' id='word_1_293' title='bbox 245 4288 312 4331; x_wconf 80' lang='lat' dir='ltr'>sima</span> <span class='ocrx_word' id='word_1_294' title='bbox 322 4287 393 4332; x_wconf 88' lang='lat' dir='ltr'>Petrl</span> <span class='ocrx_word' id='word_1_295' title='bbox 405 4289 436 4332; x_wconf 88' lang='lat' dir='ltr'>de</span> <span class='ocrx_word' id='word_1_296' title='bbox 447 4287 543 4332; x_wconf 86' lang='lat' dir='ltr'>Zarate</span> <span class='ocrx_word' id='word_1_297' title='bbox 554 4290 635 4331; x_wconf 78' lang='lat' dir='ltr'>verba</span> <span class='ocrx_word' id='word_1_298' title='bbox 646 4288 779 4341; x_wconf 84' lang='lat' dir='ltr'>adhibere;</span> <span class='ocrx_word' id='word_1_299' title='bbox 789 4298 869 4342; x_wconf 83' lang='lat' dir='ltr'>quare</span> <span class='ocrx_word' id='word_1_300' title='bbox 879 4277 1001 4343; x_wconf 82' lang='lat' dir='ltr'>putamus</span> <span class='ocrx_word' id='word_1_301' title='bbox 1011 4300 1069 4332; x_wconf 86' lang='lat' dir='ltr'>eum</span> <span class='ocrx_word' id='word_1_302' title='bbox 1078 4288 1127 4333; x_wconf 91' lang='lat' dir='ltr'>hoc</span> <span class='ocrx_word' id='word_1_303' title='bbox 1135 4293 1237 4332; x_wconf 87' lang='lat' dir='ltr'>tantum</span> <span class='ocrx_word' id='word_1_304' title='bbox 1247 4288 1272 4331; x_wconf 92' lang='lat' dir='ltr'>ln</span> <span class='ocrx_word' id='word_1_305' title='bbox 1279 4288 1365 4332; x_wconf 79' lang='lat' dir='ltr'>animo</span> <span class='ocrx_word' id='word_1_306' title='bbox 1372 4288 1476 4332; x_wconf 75' lang='lat' dir='ltr'>habuis·</span> 
     </span>
     <span class='ocr_line' id='line_1_37' title="bbox 246 4360 860 4414; baseline 0.002 -12"><span class='ocrx_word' id='word_1_307' title='bbox 246 4369 283 4413; x_wconf 78' lang='lat' dir='ltr'>ae,</span> <span class='ocrx_word' id='word_1_308' title='bbox 292 4369 343 4413; x_wconf 71' lang='lat' dir='ltr'>ae,</span> <span class='ocrx_word' id='word_1_309' title='bbox 354 4366 383 4403; x_wconf 87' lang='lat' dir='ltr'>ut</span> <span class='ocrx_word' id='word_1_310' title='bbox 393 4370 496 4403; x_wconf 83' lang='lat' dir='ltr'>sensum</span> <span class='ocrx_word' id='word_1_311' title='bbox 506 4360 596 4413; x_wconf 75' lang='lat' dir='ltr'>aliquo</span> <span class='ocrx_word' id='word_1_312' title='bbox 608 4360 684 4403; x_wconf 82' lang='lat' dir='ltr'>modo</span> <span class='ocrx_word' id='word_1_313' title='bbox 694 4360 860 4414; x_wconf 83' lang='lat' dir='ltr'>exprimeret.</span> 
     </span>
    </p>

    <p class='ocr_par' dir='ltr' id='par_1_8' title="bbox 287 4430 677 4476">
     <span class='ocr_line' id='line_1_38' title="bbox 287 4430 677 4476; baseline 0 -1"><span class='ocrx_word' id='word_1_314' title='bbox 287 4430 295 4462; x_wconf 80' lang='lat'><strong>¹</strong></span> <span class='ocrx_word' id='word_1_315' title='bbox 326 4430 529 4476; x_wconf 76' lang='lat' dir='ltr'>Instituendum</span> <span class='ocrx_word' id='word_1_316' title='bbox 540 4432 621 4475; x_wconf 81' lang='lat' dir='ltr'>habet</span> <span class='ocrx_word' id='word_1_317' title='bbox 631 4430 677 4476; x_wconf 83' lang='lat' dir='ltr'>Ms.</span> 
     </span>
    </p>

    <p class='ocr_par' dir='ltr' id='par_1_9' title="bbox 246 4502 1477 4629">
     <span class='ocr_line' id='line_1_39' title="bbox 285 4502 1477 4558; baseline 0 -11"><span class='ocrx_word' id='word_1_318' title='bbox 285 4502 297 4535; x_wconf 78' lang='lat'>⁸</span> <span class='ocrx_word' id='word_1_319' title='bbox 325 4504 460 4547; x_wconf 83' lang='lat' dir='ltr'>Postrema</span> <span class='ocrx_word' id='word_1_320' title='bbox 472 4502 536 4547; x_wconf 86' lang='lat' dir='ltr'>haec</span> <span class='ocrx_word' id='word_1_321' title='bbox 546 4504 685 4557; x_wconf 84' lang='lat' dir='ltr'>sententia,</span> <span class='ocrx_word' id='word_1_322' title='bbox 696 4514 712 4548; x_wconf 84' lang='lat' dir='ltr'>a</span> <span class='ocrx_word' id='word_1_323' title='bbox 722 4504 811 4547; x_wconf 73' lang='lat' dir='ltr'>verbi·</span> <span class='ocrx_word' id='word_1_324' title='bbox 821 4502 953 4548; x_wconf 78' lang='lat' dir='ltr'>Sacerdos</span> <span class='ocrx_word' id='word_1_325' title='bbox 962 4504 1082 4557; x_wconf 71' lang='lat' dir='ltr'>quidam,</span> <span class='ocrx_word' id='word_1_326' title='bbox 1092 4511 1133 4547; x_wconf 81' lang='lat' dir='ltr'>eet</span> <span class='ocrx_word' id='word_1_327' title='bbox 1143 4504 1169 4547; x_wconf 90' lang='lat' dir='ltr'>in</span> <span class='ocrx_word' id='word_1_328' title='bbox 1179 4502 1225 4547; x_wconf 78' lang='lat' dir='ltr'>hie.</span> <span class='ocrx_word' id='word_1_329' title='bbox 1238 4503 1314 4558; x_wconf 77' lang='lat' dir='ltr'>inira,</span> <span class='ocrx_word' id='word_1_330' title='bbox 1322 4508 1381 4558; x_wconf 80' lang='lat' dir='ltr'>post</span> <span class='ocrx_word' id='word_1_331' title='bbox 1391 4515 1415 4548; x_wconf 90' lang='grc' dir='ltr'>ιι.</span> <span class='ocrx_word' id='word_1_332' title='bbox 1426 4503 1477 4557; x_wconf 70' lang='grc' dir='ltr'>783ς</span> 
     </span>
     <span class='ocr_line' id='line_1_40' title="bbox 246 4574 950 4629; baseline 0 -11"><span class='ocrx_word' id='word_1_333' title='bbox 246 4574 321 4629; x_wconf 71' lang='lat' dir='ltr'>signo</span> <span class='ocrx_word' id='word_1_334' title='bbox 331 4582 419 4619; x_wconf 86' lang='lat' dir='ltr'>tamen</span> <span class='ocrx_word' id='word_1_335' title='bbox 429 4576 461 4619; x_wconf 79' lang='lat' dir='ltr'>ad</span> <span class='ocrx_word' id='word_1_336' title='bbox 472 4576 614 4629; x_wconf 78' lang='lat' dir='ltr'>marginem</span> <span class='ocrx_word' id='word_1_337' title='bbox 626 4574 709 4629; x_wconf 84' lang='lat' dir='ltr'>posito</span> <span class='ocrx_word' id='word_1_338' title='bbox 719 4581 748 4618; x_wconf 89' lang='lat' dir='ltr'>ut</span> <span class='ocrx_word' id='word_1_339' title='bbox 758 4575 800 4618; x_wconf 86' lang='lat' dir='ltr'>hle</span> <span class='ocrx_word' id='word_1_340' title='bbox 810 4575 950 4619; x_wconf 85' lang='lat' dir='ltr'>inseratur.</span> 
     </span>
    </p>

    <p class='ocr_par' dir='ltr' id='par_1_10' title="bbox 246 4645 1480 4775">
     <span class='ocr_line' id='line_1_41' title="bbox 289 4645 1480 4703; baseline 0 -12"><span class='ocrx_word' id='word_1_341' title='bbox 289 4646 301 4679; x_wconf 77' lang='lat'>³</span> <span class='ocrx_word' id='word_1_342' title='bbox 327 4646 394 4691; x_wconf 85' lang='lat' dir='ltr'>Vide</span> <span class='ocrx_word' id='word_1_343' title='bbox 404 4658 493 4703; x_wconf 75' lang='lat' dir='ltr'>supra,</span> <span class='ocrx_word' id='word_1_344' title='bbox 504 4654 523 4691; x_wconf 93' lang='lat' dir='ltr'>t.</span> <span class='ocrx_word' id='word_1_345' title='bbox 533 4658 559 4701; x_wconf 86' lang='lat' dir='ltr'>n,</span> <span class='ocrx_word' id='word_1_346' title='bbox 571 4657 598 4691; x_wconf 92' lang='grc' dir='ltr'>ιιι</span> <span class='ocrx_word' id='word_1_347' title='bbox 609 4652 635 4690; x_wconf 91' lang='lat' dir='ltr'>et</span> <span class='ocrx_word' id='word_1_348' title='bbox 643 4657 678 4700; x_wconf 78' lang='lat' dir='ltr'>rr,</span> <span class='ocrx_word' id='word_1_349' title='bbox 689 4645 843 4701; x_wconf 82' lang='lat' dir='ltr'>praesertim</span> <span class='ocrx_word' id='word_1_350' title='bbox 855 4651 873 4690; x_wconf 89' lang='lat' dir='ltr'>t.</span> <span class='ocrx_word' id='word_1_351' title='bbox 884 4656 919 4695; x_wconf 83' lang='lat' dir='ltr'>tv.</span> <span class='ocrx_word' id='word_1_352' title='bbox 931 4657 991 4701; x_wconf 72' lang='lat' dir='ltr'>pag.</span> <span class='ocrx_word' id='word_1_353' title='bbox 1002 4646 1051 4701; x_wconf 74' lang='lat'>2⁶⁹,</span> <span class='ocrx_word' id='word_1_354' title='bbox 1059 4657 1083 4689; x_wconf 91' lang='lat' dir='ltr'>n.</span> <span class='ocrx_word' id='word_1_355' title='bbox 1092 4645 1141 4700; x_wconf 67' lang='lat'>577,</span> <span class='ocrx_word' id='word_1_356' title='bbox 1149 4656 1176 4691; x_wconf 91' lang='lat' dir='ltr'>et</span> <span class='ocrx_word' id='word_1_357' title='bbox 1184 4646 1279 4690; x_wconf 82' lang='lat' dir='ltr'>Cartas</span> <span class='ocrx_word' id='word_1_358' title='bbox 1288 4648 1322 4690; x_wconf 82' lang='lat' dir='ltr'>de</span> <span class='ocrx_word' id='word_1_359' title='bbox 1332 4648 1387 4691; x_wconf 84' lang='lat' dir='ltr'>San</span> <span class='ocrx_word' id='word_1_360' title='bbox 1398 4646 1480 4702; x_wconf 73' lang='lat' dir='ltr'>rgna-</span> 
     </span>
     <span class='ocr_line' id='line_1_42' title="bbox 246 4720 477 4775; baseline 0.004 -12"><span class='ocrx_word' id='word_1_361' title='bbox 246 4720 295 4773; x_wconf 78' lang='lat' dir='ltr'>cio,</span> <span class='ocrx_word' id='word_1_362' title='bbox 305 4725 325 4764; x_wconf 91' lang='lat' dir='ltr'>t.</span> <span class='ocrx_word' id='word_1_363' title='bbox 336 4731 360 4775; x_wconf 86' lang='lat' dir='ltr'>v,</span> <span class='ocrx_word' id='word_1_364' title='bbox 372 4730 432 4775; x_wconf 74' lang='lat' dir='ltr'>pag.</span> <span class='ocrx_word' id='word_1_365' title='bbox 442 4720 477 4765; x_wconf 77' lang='lat' dir='ltr'>bl.</span> 
     </span>
    </p>
   </div>
   <div class='ocr_carea' id='block_1_4' title="bbox 0 0 1864 5400">
    <p class='ocr_par' dir='ltr' id='par_1_11' title="bbox 0 0 1864 5400">
     <span class='ocr_line' id='line_1_43' title="bbox 0 0 1864 5400; baseline 0 1"><span class='ocrx_word' id='word_1_366' title='bbox 0 0 1864 5400; x_wconf 95' lang='lat' dir='ltr'> </span> 
     </span>
    </p>
   </div>
  </div>
 </body>
</html>
