3717 5400
795 496 857 553 Au.
879 496 951 554 1555
1432 492 1489 553 nob

256 652 388 719 terunt,
405 651 439 705 et
465 642 511 705 ad
531 640 757 722 migrandum
776 641 959 721 spirituale
981 638 1153 702 auxilium
1175 656 1255 701 cum
1278 638 1346 703 Dei
1366 640 1485 718 gratia

253 750 508 830 praestiterunt
524 748 545 811 ¹.

316 856 404 919 1377.
446 856 527 919 Fuit
542 868 659 920 autem
676 854 750 936 eius
766 873 872 936 opera
887 872 960 917 non
975 856 1089 918 solum
1102 854 1274 919 morituro
1286 854 1415 919 Comiti
1426 872 1484 918 ne·

252 955 422 1041 cessaria,
439 964 622 1027 sedetiam
639 962 714 1044 eJ'us
728 962 947 1044 parentibuS,
964 963 1025 1043 qui
1044 962 1281 1043 primogenito
1296 972 1331 1025 et
1346 979 1484 1026 succes·

253 1088 335 1134 sore
361 1072 487 1150 orbati,
515 1072 551 1134 in
577 1087 745 1151 magnum
773 1070 907 1133 luctum
933 1070 1147 1149 inciderant;
1174 1070 1237 1132 sed
1262 1070 1484 1133 familiariter

254 1176 291 1240 P.
308 1178 465 1261 Joannes
480 1177 610 1241 Paulus
626 1178 758 1241 eisdem
778 1178 903 1241 crebro
924 1176 1047 1254 astitit,
1070 1186 1104 1239 et
1124 1194 1248 1239 eorum
1269 1176 1485 1240 moestitiam

251 1285 465 1347 sublevavit.
481 1285 526 1349 Et
541 1302 619 1349 cum
637 1286 673 1348 in
688 1284 859 1348 coenobio
870 1284 1022 1348 fratrum
1032 1282 1093 1347 S.l¹
1107 1283 1287 1347 Dominici
1299 1282 1485 1347 defunctus

251 1392 460 1472 sepeliretur
485 1391 496 1422 ¹
521 1400 555 1454 et
580 1392 752 1473 exequiae
778 1393 823 1455 ab
848 1391 1016 1455 universo
1045 1392 1177 1472 populo
1203 1390 1481 1465 celebrarentur,

249 1498 458 1563 concionem
472 1500 516 1562 de
531 1509 645 1563 morte
660 1498 698 1561 P.
721 1499 878 1582 Joannes
897 1498 1028 1561 Paulus
1048 1515 1129 1561 cum
1154 1498 1357 1561 auditorum
1377 1497 1482 1560 devo-

251 1606 347 1668 tione
362 1616 396 1669 et
411 1608 581 1687 lacrymis
595 1606 731 1685 habuit;
748 1615 783 1669 et
805 1622 887 1669 cum
909 1622 1078 1685 magnam
1102 1604 1140 1667 in
1164 1603 1306 1668 Christo
1322 1605 1482 1667 consola-

250 1712 383 1775 tionem
398 1713 449 1776 eis
464 1714 696 1794 promitteret,
715 1713 774 1795 qui
789 1712 933 1776 divinae
947 1714 1122 1775 voluntati
1144 1729 1246 1775 suam
1262 1712 1482 1775 conformem

249 1817 449 1897 redderent,
465 1828 500 1882 et
516 1837 580 1883 sua
604 1829 752 1901 peccata
777 1818 985 1883 confitentes
1011 1819 1056 1882 ad
1081 1819 1346 1882 sanctissimum
1371 1819 1482 1882 totius

250 1926 507 1990 consolationis
526 1927 660 1989 fontem
676 1926 711 1989 in
732 1926 959 1991 Eucharistia
975 1925 1220 2006 confugerent,
1242 1934 1324 2005 post
1344 1926 1482 1988 absolu·

250 2028 547 2096 tam'concionem
561 2033 669 2097 vidua
685 2032 874 2097 Comitissa
897 2050 1021 2097 coram
1035 2034 1165 2114 populo
1184 2031 1350 2095 confessa
1370 2041 1424 2095 est
1447 2041 1482 2095 et

250 2140 539 2220 communicavit,
556 2138 650 2221 quod
666 2157 825 2203 summae
842 2137 1081 2203 aedificationi
1095 2139 1161 2203 toti
1175 2141 1305 2220 populo
1320 2139 1397 2202 fuit.

293 2245 381 2309 1378.
425 2247 514 2311 Cum
533 2264 664 2327 magna
689 2248 826 2326 classis,
843 2257 882 2310 ut
902 2246 1065 2328 superius
1084 2246 1266 2326 tetigimus
1285 2244 1308 2326 ³,
1331 2264 1373 2309 eo
1387 2263 1482 2309 anno

251 2354 288 2416 in
303 2352 439 2417 Indiam
454 2355 653 2433 navigaret,
671 2364 706 2417 et
720 2355 757 2417 in
772 2364 876 2434 portu
892 2352 952 2419 8.ss
973 2354 1093 2418 Lucae
1108 2370 1317 2434 prosperum
1336 2363 1482 2416 ventum

252 2471 470 2541 expectaret,
492 2462 606 2525 nostri
624 2462 776 2542 privatis
800 2460 986 2541 colloquiis
1005 2470 1039 2524 et
1063 2460 1214 2541 publicis
1237 2462 1479 2540 concionibus,

250 2569 380 2649 partim
396 2569 431 2631 in
447 2570 610 2647 ecclesia,
627 2569 804 2649 partimin
819 2568 948 2646 littore,
971 2568 1103 2648 partim
1121 2569 1216 2631 intra
1238 2585 1349 2630 naves
1370 2569 1479 2648 ipsas,

249 2692 342 2757 quae
358 2677 404 2741 ad
419 2676 576 2757 ipsorum
591 2676 811 2757 spiritualem
825 2678 975 2740 salutem
990 2675 1224 2757 pertinebant,
1246 2692 1327 2739 cum
1348 2692 1480 2756 magna

249 2783 467 2847 audientium
479 2785 750 2863 compunctione
762 2801 804 2846 ac
816 2783 985 2864 lacrymis
997 2781 1262 2862 praedicabant,
1279 2792 1314 2845 et
1326 2783 1480 2846 fructum

250 2891 395 2954 uberem
402 2908 465 2972 per
474 2891 715 2955 confessiones
725 2909 770 2954 ex
781 2891 839 2954 illa
848 2892 999 2954 classica
1011 2889 1265 2954 vineaDomfni
1273 2899 1478 2970 coeperunt.

249 2997 293 3061 Et
309 2999 473 3078 quamvis
487 2999 655 3079 perutiles
670 3008 787 3062 essent
802 2998 992 3062 conciones
1007 2998 1043 3061 in
1064 3001 1196 3079 templo
1213 2997 1366 3074 habitae,
1389 2998 1480 3061 forte

249 3105 408 3168 utiliores
422 3105 564 3168 fuerunt
579 3122 668 3186 quae
684 3105 719 3168 in
734 3106 851 3168 littore
867 3105 1099 3168 habebantur:
1117 3105 1218 3167 multi
1230 3105 1334 3181 enirn,
1348 3105 1481 3167 ibidem

248 3213 425 3292 occupati,
442 3214 611 3293 templum
627 3211 724 3276 adire
738 3230 810 3276 non
825 3222 1025 3294 potuerant,
1042 3223 1077 3275 et
1092 3212 1221 3275 ibidem
1243 3213 1390 3275 verbum
1412 3210 1479 3274 Dei

247 3319 443 3399 audientes,
461 3320 622 3400 deposito
635 3331 864 3399 peccatorum
876 3337 995 3397 onere,
1009 3318 1085 3383 Deo
1101 3321 1136 3382 in
1149 3330 1330 3399 posterum
1342 3319 1479 3381 servire

247 3428 503 3507 proponebant,
520 3427 631 3508 ipsius
646 3427 912 3490 misericordiae
924 3435 1161 3506 agnoscentes
1172 3427 1266 3507 quod
1279 3426 1389 3488 verbo
1401 3442 1477 3503 suo,

248 3534 357 3597 etiam
371 3534 462 3598 inter
477 3534 555 3614 ipsa
570 3533 713 3612 negotia
729 3541 764 3596 et
778 3534 951 3608 sarcinas
975 3551 1036 3596 eos
1058 3544 1244 3615 quaereret
1263 3543 1298 3597 et
1322 3533 1368 3596 ad
1388 3536 1478 3595 salu·

248 3650 319 3704 tem
334 3643 512 3704 invitaret.
529 3642 573 3704 Et
588 3642 671 3721 quia
686 3641 731 3703 ad
758 3641 935 3704 rosarium
953 3639 993 3704 B.
1013 3640 1175 3720 Virginis
1200 3641 1388 3704 dicendum
1404 3657 1480 3702 sae·

289 3883 297 3915 ¹
326 3883 396 3926 “Don
406 3882 473 3934 Juan
484 3881 576 3926 Claros
587 3883 617 3926 de
629 3881 754 3935 Guznran,
765 3881 851 3925 Conde
862 3883 893 3925 de
910 3881 1012 3936 Niebla,
1023 3893 1072 3937 que
1082 3894 1114 3926 no
1130 3885 1154 3925 le
1163 3883 1243 3936 (patri
1258 3894 1313 3937 suo,
1328 3883 1421 3935 Joannf
1436 3883 1481 3927 Al-

249 3953 347 4008 phonso
362 3955 393 3997 de
408 3953 534 4006 Guzman)
547 3954 705 4004 sobrevivio,
722 3953 747 3998 ni
763 3953 805 3998 fue
817 3965 863 4008 por
878 3961 952 3998 tanto
967 3954 1059 4009 Doque
1074 3955 1105 3998 de
1116 3953 1217 3998 Medion
1231 3955 1345 4008 Sidonla,
1356 3960 1417 3999 cato
1432 3966 1480 3998 eon

247 4025 322 4070 Dona
332 4025 435 4070 Leonor
446 4027 476 4069 de
488 4025 651 4082 Sotomayor,
663 4027 717 4080 hija
728 4027 758 4068 de
771 4025 797 4071 D.
809 4025 951 4070 Francisco
966 4027 998 4070 de
1010 4029 1172 4084 Sotomayor,
1188 4027 1276 4081 quinto
1293 4025 1379 4071 Conde
1389 4028 1421 4070 de
1432 4026 1479 4070 Be·

246 4098 370 4146 lalcazar,
384 4099 443 4154 yde
460 4099 534 4142 Dofla
545 4098 642 4142 Teresn
654 4098 685 4142 de
700 4098 808 4152 Zdtllga,
827 4103 931 4143 tercera
945 4098 1068 4152 Daquesa
1077 4099 1110 4142 de
1123 4099 1210 4154 Bejar,
1226 4113 1244 4155 y
1259 4099 1341 4142 murlo
1353 4110 1385 4142 en
1400 4099 1480 4153 1555.„

246 4171 357 4222 Bonoos,
368 4173 385 4214 i.
396 4183 428 4224 c.,
440 4177 458 4214 t.
469 4182 505 4224 tv,
516 4182 574 4226 pag.
585 4171 746 4223 iou—Quare
757 4169 925 4225 corrigendus
937 4170 1095 4225 Goiutauns,
1107 4172 1148 4225 qui
1158 4173 1196 4214 ait
1204 4173 1222 4214 l.
1234 4183 1264 4222 c.,
1276 4172 1343 4214 hunc
1354 4170 1480 4215 Comitem

245 4243 277 4286 de
288 4241 380 4286 Niebla
388 4243 482 4286 obiisse
494 4253 560 4285 anno
568 4243 686 4296 sequenti
695 4242 756 4285 1556.
764 4241 824 4286 -Ct
833 4244 913 4286 etlam
925 4241 1048 4286 Litterae
1057 4241 1315 4294 Quadrimesrres,t.
1326 4253 1431 4296 imag.
1441 4241 1477 4286 97.

285 4315 297 4346 ¹
323 4315 377 4358 “En
388 4321 445 4358 esta
456 4314 552 4369 capilla
562 4326 654 4370 mayor
664 4315 762 4368 (templi
778 4313 867 4358 Sancti
884 4313 1022 4364 Dominici)
1033 4315 1125 4358 mando
1140 4316 1272 4358 construit
1286 4316 1310 4358 el
1321 4313 1412 4368 Daque
1422 4315 1479 4358 Don

245 4387 345 4431 Aloneo
355 4385 414 4440 Vll,
425 4386 479 4442 hlJo
487 4387 518 4429 de
529 4391 586 4430 esta
595 4385 694 4430 Sellora
704 4386 844 4438 (Eleonora
854 4385 886 4430 de
896 4385 1053 4442 Sotomayor
1063 4394 1089 4429 et
1099 4385 1217 4439 Zutllga),
1231 4389 1271 4431 ios
1285 4386 1332 4430 doe
1346 4389 1480 4440 sepulcro·

244 4459 277 4502 ‹le
287 4460 422 4502 alabastro
433 4469 480 4502 coo
491 4458 587 4512 figuras
598 4459 623 4502 al
634 4458 739 4503 natural
750 4459 781 4502 de
791 4471 835 4502 sus
846 4459 966 4515 padresy
976 4458 1115 4502 hermanos
1126 4469 1157 4501 en
1173 4461 1211 4502 los
1221 4459 1342 4504 costados
1352 4460 1384 4502 rie
1399 4460 1426 4503 la
1436 4471 1479 4504 ca-

245 4531 310 4586 pillo
320 4541 421 4587 mayor,
432 4543 449 4588 y
460 4534 533 4574 estan
545 4531 590 4574 alli
601 4531 755 4574 enterrados
765 4531 822 4574 Don
833 4529 898 4583 Juan
911 4530 1002 4574 Claros
1012 4530 1053 4579 (de
1064 4529 1188 4579 Guzman)
1199 4531 1234 4574 lx
1242 4530 1328 4575 Conde
1336 4533 1368 4576 de
1376 4531 1478 4585 Nleble,

246 4616 264 4660 y
275 4613 318 4646 ans
332 4603 408 4655 lilios,
421 4601 478 4646 Don
494 4603 592 4647 Alonso
602 4615 619 4659 y
631 4603 687 4646 Don
697 4602 814 4646 Esteban
831 4601 965 4658 Maurique
982 4602 1013 4645 de
1030 4601 1153 4657 Guzman,
1168 4615 1228 4660 yen
1239 4605 1262 4647 el
1278 4604 1309 4647 de
1324 4604 1443 4648 enfrente
1453 4605 1482 4647 la
1565 4612 1570 4620 ·

251 4673 393 4775 iurisdatlora
404 4686 420 4727 y
430 4685 461 4718 su
472 4673 533 4730 bila,
544 4673 620 4718 Dona
628 4675 689 4718 Ana
700 4674 731 4716 de
741 4675 767 4717 ia
777 4673 844 4717 Cruz
855 4673 994 4727 Garanum„
1004 4673 1164 4729 ommam,
1175 4676 1192 4717 i.
1203 4687 1234 4729 c.,
1245 4686 1306 4730 pag.
1316 4675 1351 4719 ΒΑ.

329 4745 393 4798 Pag.
403 4747 451 4798 503,
461 4757 484 4788 n.
496 4745 557 4789 1373.
