3717 5400
361 478 418 539 560
823 480 952 543 Canon.
972 480 1049 541 Soc.
1069 480 1140 553 Jas.

359 642 431 687 11011
455 625 560 705 pauci
580 626 647 689 hoc
669 644 762 689 anno
778 627 924 691 admissi
943 614 1150 704 1110111111,οῑ
1168 626 1389 706 probationis
1403 628 1522 707 gratia
1536 630 1596 692 vel

359 730 625 797 Conimbricam
640 736 698 796 vel
711 734 868 798 Eburum
880 734 990 799 missi.

424 839 511 904 1555.
548 838 586 903 P.
610 839 769 920 Ignatius
791 842 834 905 de
854 840 1037 920 Azevedo,
1059 840 1334 926 hujusCoilegii
1354 840 1498 921 Rector,
1524 842 1594 906 hac

359 946 486 1011 eadem
501 956 637 1011 aestate
653 948 699 1011 ad
713 947 751 1011 P.
768 948 1000 1013 Franciscum
1015 949 1184 1029 Borgiam
1204 967 1226 1011 a
1246 946 1285 1011 Ρ.
1301 948 1439 1013 Mirone
1463 948 1593 1012 missus

282 1096 285 1103 -
359 1063 426 1134 est,
449 1064 487 1117 ut
510 1055 648 1135 aliquos
670 1056 822 1119 lectores
844 1057 880 1120 in
900 1056 1095 1120 subsidium
1115 1057 1271 1120 mitteret
1293 1054 1595 1121 Conimbricensis

360 1161 522 1241 Collegii,
552 1161 612 1243 qui
637 1162 786 1243 aliquos,
813 1164 979 1245 quamvis
1004 1165 1193 1244 pauciores
1217 1180 1326 1243 quam
1347 1163 1531 1243 voluisset,
1556 1163 1593 1226 in

361 1268 616 1349 Portugalliam
630 1270 727 1333 misit
745 1271 765 1329 ¹.

425 1374 513 1438 1556.
556 1375 783 1439 Admonebat
798 1375 1244 1457 FranciscusRodriguez,
1272 1372 1463 1441 Consultor
1488 1376 1526 1439 in
1551 1394 1593 1439 ea

361 1481 564 1560 Provincia,
581 1484 769 1562 graviores
782 1484 925 1547 labores
940 1484 1073 1565 suscipi
1089 1501 1195 1565 quam
1210 1494 1249 1547 ut
1260 1484 1313 1548 eis
1327 1482 1482 1547 ferendis
1496 1483 1595 1547 vires

361 1600 566 1655 nostrorum
595 1590 812 1671 sufficerent,
841 1601 875 1655 et
901 1591 952 1655 ita
982 1592 1019 1655 in
1048 1592 1170 1655 varios
1202 1592 1347 1655 morbos
1375 1590 1592 1665 incidebant,

362 1699 459 1777 quod
483 1716 528 1761 ex
551 1698 730 1778 paucitate
746 1699 992 1778 operariorum
1021 1710 1055 1762 et
1081 1698 1207 1762 messis
1232 1698 1478 1778 magnitudine
1492 1698 1594 1778 profi·

362 1804 450 1868 cisci
461 1805 636 1869 sentiebat
651 1804 673 1867 ¹.
696 1804 785 1869 Illud
800 1806 907 1869 etiam
923 1806 1139 1869 observabat
1153 1814 1308 1884 nostros,
1324 1806 1418 1886 quod
1431 1805 1595 1885 pluribus

360 1912 602 1975 functionibus
618 1922 892 1992 occuparentur,
906 1912 1024 1977 minus
1037 1912 1246 1976 satisfacere
1260 1912 1335 1975 suis
1348 1912 1472 1976 officiis
1484 1930 1593 1994 quam

358 2020 392 2081 si
415 2019 494 2082 aliis
520 2038 590 2083 11011
610 2018 760 2083 fuissent
781 2020 958 2100 occupati.
981 2019 1199 2084 Observavit
1218 2021 1326 2083 etiam
1345 2019 1439 2100 quod
1462 2020 1594 2083 iratres

357 2126 577 2205 scholastici,
590 2126 684 2191 bona
696 2145 741 2191 ex
752 2136 865 2206 parte,
880 2128 992 2208 quiin
1007 2127 1133 2207 spiritu
1147 2125 1320 2207 proficere
1335 2137 1517 2205 curarunt,
1535 2129 1593 2189 vel

357 2234 491 2297 mortui
506 2244 626 2298 essent
640 2236 698 2297 vel
712 2234 747 2297 in
762 2251 895 2315 graves
914 2234 1057 2298 morbos
1072 2234 1289 2313 incidissent,
1306 2244 1344 2296 ut
1359 2234 1422 2297 vix
1435 2252 1590 2313 unquam

359 2341 455 2404 vires
470 2358 555 2405 suas
570 2342 815 2422 recuperaturi
830 2341 1050 2404 viderentur.
1066 2340 1219 2405 Causam
1237 2350 1357 2404 tamen
1370 2339 1476 2419 hujus
1490 2341 1542 2404 rei
1553 2358 1593 2405 se

360 2448 528 2527 ignorare
543 2448 733 2516 fatebatur.
751 2448 926 2513 Censebat
942 2446 1037 2511 idem
1050 2446 1205 2511 fructum
1224 2448 1261 2511 in
1285 2466 1327 2511 eo
1350 2465 1461 2529 regno
1476 2449 1592 2529 perire

358 2572 429 2621 non
454 2556 680 2634 mediocrem,
707 2557 802 2637 quod
831 2553 943 2619 nostri
967 2572 1093 2635 parum
1121 2553 1343 2618 familiariter
1368 2574 1406 2617 se
1431 2554 1592 2618 externis

359 2662 675 2743 communicarent,
694 2664 753 2744 qui
768 2681 810 2728 ea
825 2664 861 2727 in
878 2662 1066 2726 Provincia
1077 2660 1123 2725 ad
1134 2662 1318 2743 proprium
1329 2662 1529 2744 profectum
1541 2660 1592 2726 in·

359 2769 468 2833 vitari
482 2772 623 2850 volunt;
640 2781 674 2834 et
688 2772 768 2835 ideo
792 2771 829 2834 P.
849 2769 1019 2836 Sanctam
1040 2770 1203 2848 Crucem,
1219 2770 1334 2834 bonae
1356 2769 1551 2834 memoriae
1565 2768 1590 2844 ³,
1690 2784 1693 2790 ·

353 2893 576 2957 magnopere
591 2879 691 2941 multi
706 2877 1016 2955 commendabant,
1032 2894 1099 2941 nec
1113 2879 1222 2942 alium
1233 2876 1422 2941 Rectorem
1434 2877 1485 2941 illi
1496 2877 1590 2940 simi·

359 2985 428 3047 lem
444 2980 602 3066 [vidisse]
618 2985 783 3049 dicebant
798 2984 1059 3064 conimbricae,
1075 2983 1169 3065 quod
1192 2985 1237 3049 ad
1252 2983 1497 3049 conciliandos
1516 2985 1588 3049 ani·

358 3081 435 3154 mos
450 3090 632 3155 hominum
648 3110 794 3172 operam
810 3091 929 3156 dabat.

420 3196 506 3260 1557.
551 3197 620 3278 Qui
635 3209 800 3278 praeerat
815 3199 949 3262 scholis
970 3197 1032 3262 S.ti
1056 3195 1216 3276 Antonii,
1233 3197 1271 3261 P.
1289 3198 1492 3278 Cyprianus
1507 3196 1529 3278 ⁴,
1556 3211 1592 3261 et

359 3303 577 3368 rhetoricam
592 3305 754 3382 docebat,
771 3304 1036 3370 Conimbricam
1047 3305 1178 3368 missus
1192 3314 1257 3385 est,
1270 3314 1306 3368 et
1317 3305 1408 3368 alius
1423 3303 1498 3385 ejus
1512 3307 1592 3369 loco

310 3483 316 3494 ⁶
358 3410 833 3491 Ulyssiponaesubstitutus.
1023 3487 1033 3502 ι

422 3517 509 3582 1558.
555 3518 712 3599 Optabat
728 3517 764 3582 P.
783 3519 955 3600 IgnatiuS,
973 3518 1104 3582 Rector
1119 3519 1143 3598 ⁸,
1159 3520 1280 3599 plures
1293 3520 1448 3582 novitios
1462 3520 1498 3582 in
1513 3519 1588 3584 Col·

355 3626 448 3704 legio
463 3624 523 3690 S.²¹
544 3627 690 3690 Antonii
706 3638 779 3689 tum
796 3626 841 3689 ad
854 3626 1132 3689 ministeriorum
1147 3626 1423 3690 domesticorum
1435 3643 1589 3690 commo-

354 3731 513 3810 ditatem,
532 3742 605 3795 tum
620 3733 667 3795 ad
685 3744 936 3796 veteranorum
950 3732 1233 3796 aedificationem
1248 3731 1271 3796 ⁰.

397 4009 404 4040 ¹
437 4007 508 4052 Haec
519 4009 640 4062 periodus
652 4009 810 4052 interlineas
821 4015 847 4052 et
858 4009 891 4052 ad
902 4019 977 4052 oram
983 4008 1095 4063 paginae
1104 4019 1120 4054 a
1130 4008 1242 4052 Polanco
1250 4009 1340 4052 addita
1348 4009 1492 4055 est-Vide
1501 4023 1588 4068 snpra,

374 4089 389 4123 a
411 4081 476 4130 ,551
488 4092 512 4124 n.
526 4080 586 4123 1511.

352 4091 372 4133 p
391 4091 409 4183 ξ
437 4151 535 4196 Eodem
550 4153 625 4196 modo
641 4163 690 4196 non
706 4153 794 4196 multis
810 4152 955 4206 postannis
971 4153 1178 4206 conquerebatur
1192 4152 1221 4198 P.
1235 4151 1383 4200 Ludovicus
1397 4155 1429 4199 de
1445 4153 1540 4200 Mutina
1556 4154 1590 4197 ad

257 4263 260 4270 .
355 4225 568 4270 commissarium
575 4225 699 4275 scribens,
710 4224 865 4278 praesertim
876 4225 944 4278 quod
954 4231 1074 4278 suscepto
1085 4224 1157 4268 oneri
1167 4224 1275 4268 docendi
1285 4227 1312 4269 in
1322 4225 1438 4280 Coiieoeio
1449 4225 1531 4280 Reate
1542 4224 1589 4270 Co·

353 4296 519 4340 nimbricensi
530 4296 683 4341 satisfacere
694 4297 774 4339 nostri
787 4307 837 4340 non
847 4297 977 4341 valerent.

395 4367 405 4398 1
433 4367 524 4412 Sermo
534 4375 574 4411 est
585 4369 616 4410 de
627 4367 655 4410 P.
668 4367 780 4412 Martiuo
796 4369 826 4412 de
842 4366 925 4412 Senta
939 4366 1014 4420 Crnz,
1029 4368 1072 4424 qui
1082 4369 1210 4413 secundus
1220 4369 1316 4413 Rector
1326 4369 1436 4424 collegii
1448 4369 1591 4417 Conimbri-

352 4439 438 4484 censis
454 4440 547 4492 tuerat,
564 4447 590 4483 et
606 4439 703 4484 Romae
720 4440 822 4484 obierat
839 4439 889 4484 27.⁵
904 4439 1025 4484 Octobris
1035 4440 1096 4486 anni
1112 4441 1269 4486 tnta-vide
1284 4442 1393 4495 Tanau,
1410 4442 1539 4487 caranico
1553 4445 1591 4487 da

354 4511 518 4565 Campanam
529 4511 562 4555 de
572 4511 639 4566 Jesu
650 4523 692 4555 em
703 4511 842 4566 Fortunat,
852 4512 896 4556 lib.
908 4522 936 4565 11,
946 4523 1005 4566 cap.
1013 4511 1046 4558 17.

394 4593 406 4626 1
435 4583 461 4627 P.
474 4584 621 4640 Cyprianus
632 4582 737 4628 Suarez.

395 4655 407 4686 ⁸
434 4654 462 4698 P.
475 4655 592 4708 ignatius
602 4656 634 4699 de
644 4657 775 4700 Azevedo.

393 4723 405 4757 ⁸
431 4725 498 4770 Vide
510 4735 598 4780 supra,
610 4735 628 4769 t.
640 4738 675 4778 ru,
689 4727 807 4782 11111511,
819 4739 842 4772 n.
855 4728 915 4779 1135.
927 4733 954 4772 01
963 4735 1050 4773 annot.
1062 4727 1082 4771 2.
