3717 5400
753 492 817 551 Au.
839 492 909 551 1555
1398 488 1455 549 539

218 638 426 719 Aragoniae
451 654 584 701 novum
604 637 672 700 hoc
698 636 895 717 Collegium
921 636 1080 701 Murciae
1101 636 1224 699 tribuit
1244 638 1265 715 ¹3
1287 636 1452 717 quamvis

216 745 389 826 temporis
398 761 575 822 successu,
590 760 671 808 curn
684 742 859 808 Castellae
870 744 1060 808 Provincia
1072 761 1093 805 a
1104 742 1278 805 Toletana
1289 741 1450 823 sejuncta

218 861 326 930 esset,
340 850 536 931 Collegium
544 850 702 915 Murciae
712 852 904 915 Toletanae
913 852 1135 930 assignatum
1146 845 1230 913 est¹.
1245 848 1334 913 Cum
1343 848 1452 913 etiam

218 957 437 1041 experientia
454 958 596 1033 doceret
610 958 734 1038 paucis
748 956 852 1038 hujus
867 969 901 1021 et
915 960 1161 1039 praecedentis
1172 960 1256 1024 anni
1267 957 1449 1021 mensibus

220 1066 418 1146 Collegium
442 1064 644 1128 Placentiae
669 1064 763 1144 quod
788 1063 986 1145 seJunctum
1010 1067 1115 1146 longe
1140 1078 1242 1131 esset·
1253 1081 1449 1148 parumque

220 1175 368 1239 haberet
380 1172 672 1236 commerciicum
681 1172 1029 1253 collegiisprimariis
1039 1174 1216 1247 Baeticae,
1227 1173 1305 1253 ipsa
1314 1178 1451 1236 aestate

220 1280 326 1362 hujus
341 1281 425 1345 anni
440 1278 484 1343 ad
499 1278 726 1343 Provinciam
742 1278 916 1343 Castellae
932 1278 998 1343 suit
1012 1283 1234 1351 translatum
1251 1290 1285 1342 et
1305 1280 1356 1342 ita
1367 1295 1449 1342 cum

221 1388 565 1453 PaterBustamante
576 1386 812 1450 Prouincialis
824 1386 991 1450 Baeticae
1005 1396 1146 1451 creatus
1158 1398 1210 1451 est
1222 1393 1245 1465 ⁸,
1258 1385 1362 1467 hujus
1374 1384 1452 1450 Col·

218 1497 305 1577 legii
334 1512 457 1559 curam
486 1512 556 1557 non
589 1495 727 1573 habuit,
759 1512 849 1575 quae
884 1493 928 1557 ad
957 1494 1100 1558 Patrem
1128 1494 1248 1558 Araoz
1270 1493 1344 1575 jam
1374 1502 1451 1557 erat

217 1604 404 1667 translata.

263 1709 352 1773 1473.
395 1710 599 1789 Antequam
611 1708 750 1789 Hispali
762 1708 1074 1771 recessisset-idem
1086 1708 1124 1771 P.
1138 1707 1364 1784 FranciscuS,
1378 1714 1452 1769 tam

221 1827 407 1899 acceptum
427 1816 569 1895 reliquit
590 1816 683 1878 illius
705 1814 855 1895 Collegii
872 1815 1012 1878 initium
1027 1826 1064 1877 ut
1087 1815 1224 1878 civitati
1247 1825 1282 1877 et
1303 1813 1451 1878 Vicario

219 1922 503 2004 Archiepiscopi,
521 1930 558 1984 ut
573 1922 680 1985 vellet
695 1922 752 1985 ille
768 1922 803 1985 in
819 1922 1023 1985 Cathedrali
1038 1923 1189 1985 eeclesia
1204 1920 1353 2001 singulis
1368 1920 1451 1983 heb·

221 2031 386 2095 domadis
395 2029 498 2111 hujus
508 2027 813 2109 Quadragesimae
822 2028 975 2109 aliquem
986 2046 1031 2091 ex
1044 2029 1175 2092 nostris
1186 2027 1403 2107 concionari;
1416 2036 1451 2089 et

220 2139 317 2219 quod
331 2138 377 2200 ad
392 2137 586 2217 temporale
606 2136 799 2199 subsidium
820 2138 956 2215 attinet,
979 2154 1025 2199 ex
1045 2137 1266 2216 privatorum
1288 2151 1451 2216 quorum·

221 2247 306 2309 dam
332 2244 566 2324 eleemosynis
591 2252 770 2306 trecentos
790 2251 824 2305 et
846 2242 1103 2324 quinquaginta
1128 2244 1277 2307 ducatos
1301 2242 1451 2323 singulis

219 2352 325 2415 annis
340 2352 545 2432 promissos,
562 2360 703 2430 praeter
725 2350 1029 2413 extraordinarias
1048 2352 1239 2413 multorum
1259 2350 1450 2429 eleemosy-

222 2478 302 2534 nas
318 2460 470 2539 reliquit,
487 2466 520 2522 et
535 2475 666 2538 magna
687 2474 769 2536 spes
789 2470 865 2521 erat
887 2458 982 2538 quod
1002 2458 1071 2520 hoc
1092 2474 1181 2537 opus
1200 2467 1392 2536 augmenta
1414 2456 1451 2519 in

217 2569 297 2632 dies
313 2566 450 2647 maiora
471 2576 694 2646 sumpturum
716 2576 820 2645 esset,
843 2583 924 2629 cum
944 2575 979 2628 et
1000 2565 1251 2645 primariorum
1272 2574 1307 2627 et
1327 2564 1451 2644 populi

223 2674 506 2740 benevolentiam
530 2689 746 2754 magnopere
768 2672 1028 2737 conciliassent.
1049 2671 1143 2736 Inter
1169 2672 1258 2735 alios
1281 2670 1450 2736 sacerdos

219 2783 365 2864 quidam
382 2781 540 2846 eruditus
555 2798 598 2844 ac
613 2781 727 2844 bonus
741 2780 882 2844 Patrem
900 2779 1131 2844 Franciscum
1146 2781 1269 2859 adivit,
1283 2789 1316 2843 et
1327 2781 1450 2843 volun·

220 2899 331 2954 tatem
347 2906 447 2952 suam
462 2907 505 2951 ac
520 2888 809 2952 deliberationem
825 2889 944 2952 omnia
961 2890 1055 2952 bona
1075 2906 1139 2951 sua
1161 2887 1319 2968 Collegio
1341 2887 1449 2968 appli-

219 2997 327 3061 candi
342 2997 489 3076 aperuit,
507 3005 542 3058 et
554 2995 728 3076 quaedam
739 2995 909 3060 beneficia
921 2995 1095 3077 simplicia
1108 2995 1449 3076 quadringentorum

218 3104 432 3167 ducatorum
448 3102 556 3166 annui
571 3101 705 3165 reditus
720 3101 877 3182 Collegio
895 3102 1049 3166 unienda
1063 3102 1199 3166 obtulit.

284 3209 370 3272 1474.
414 3207 608 3273 Dubitabat
628 3219 746 3273 autem
767 3228 813 3273 an
832 3209 998 3273 Proiessa
1020 3210 1157 3274 Domus
1179 3220 1240 3274 aut
1262 3211 1451 3289 collegium

219 3335 300 3381 esse
315 3317 469 3394 deberet,
487 3327 520 3379 et
536 3334 579 3380 ea
595 3317 637 3380 de
652 3335 690 3380 re
705 3317 742 3380 P.
760 3317 939 3396 ignatium
954 3317 1150 3397 consuluit3
1167 3334 1250 3380 nam
1262 3315 1299 3380 P.
1313 3316 1451 3380 Natalis
1538 3389 1542 3396 ¹

217 3443 264 3488 eo
280 3424 472 3488 inclinabat
487 3434 525 3486 ut
539 3423 675 3488 Domus
691 3422 937 3486 Professorum
952 3434 1056 3502 esset,
1078 3434 1112 3486 et
1132 3425 1178 3488 ad
1193 3424 1354 3488 eamdem
1372 3440 1448 3487 sen·

219 3530 366 3596 tentiam
383 3529 421 3595 P.
437 3529 466 3594 F
469 3532 652 3594 ranciscus
667 3547 864 3612 propensus
878 3531 1078 3609 videbatur,
1092 3532 1256 3612 quamvis
1267 3532 1355 3595 nihil
1367 3547 1448 3594 con-

220 3639 365 3702 stituere
380 3639 492 3701 voluit
507 3639 620 3702 donec
635 3649 788 3702 mentem
803 3638 918 3704 Patris
932 3637 1061 3718 Ignatii
1079 3640 1294 3720 perciperet;
1316 3648 1350 3702 et
1369 3639 1449 3703 ideo

218 3763 291 3810 non
306 3755 482 3808 rectorem
498 3763 562 3808 nec
579 3747 820 3827 praepositum
842 3764 922 3811 eum
942 3747 1067 3809 vocari
1088 3747 1213 3827 voluit,
1236 3747 1296 3827 qui
1316 3746 1449 3810 nostris

220 3852 358 3933 Hispali
381 3862 558 3932 praeerat,
581 3851 644 3915 sed
663 3853 894 3933 superiorem;
918 3853 1083 3934 quamvis
1108 3861 1142 3916 et
1166 3853 1363 3932 Collegium
1383 3871 1448 3916 suo

219 3969 389 4038 tempore,
416 3969 559 4040 praeter
584 3958 738 4038 domum,
766 3961 932 4024 constitui
957 3977 1075 4041 posse,
1102 3961 1138 4023 in
1162 3979 1204 4023 ea
1225 3973 1298 4024 tam
1318 3959 1448 4023 celebri

218 4067 317 4145 urbe,
331 4064 525 4145 judicabat.
542 4065 669 4129 Visum
684 4075 804 4128 tamen
820 4075 873 4130 est
888 4068 1055 4147 expedire
1076 4075 1114 4130 ut
1133 4067 1232 4148 prius
1252 4066 1449 4147 Collegium

215 4173 349 4238 ibidem
369 4173 596 4254 stabiliretur,
617 4190 724 4254 quam
743 4171 879 4237 Domus
901 4174 1158 4255 Professorum,
1182 4193 1227 4240 ex
1248 4177 1449 4240 mendicato

218 4281 428 4359 viventium,
445 4281 642 4360 erigeretur
655 4276 677 4345 ⁰.

260 4520 269 4553 ¹
297 4520 365 4565 Vide
376 4521 471 4566 cartas
481 4522 514 4565 de
526 4521 580 4566 Sari
590 4519 709 4576 Ignario,
720 4529 738 4567 t.
750 4533 776 4577 v,
787 4533 847 4578 pag.
860 4522 905 4568 195.

259 4591 271 4623 ¹
299 4592 367 4636 Vide
378 4593 453 4644 ibid..
463 4594 512 4648 Ap.
523 4605 550 4648 11,
560 4605 587 4640 n.
598 4594 632 4648 31,
642 4605 704 4650 pag.
713 4595 762 4639 548.

257 4665 269 4695 ³
297 4664 364 4710 Vide
375 4677 461 4720 supra.
471 4676 531 4720 pag.
542 4666 590 4722 529,
600 4677 626 4710 n.
635 4667 697 4712 1445.

257 4741 270 4771 ⁴
297 4738 365 4782 Vide
378 4737 471 4782 Carras
482 4739 515 4783 de
526 4737 582 4782 San
592 4738 711 4792 lgnacro.
722 4747 740 4783 t.
752 4751 778 4794 v,
787 4751 847 4796 pag.
860 4739 906 4784 192.
