3717 5400
792 560 857 619 Ax.
879 560 950 619 1555
1431 560 1481 619 til

249 717 391 777 tructus
411 709 572 789 insignis,
595 724 677 771 cum
696 707 845 771 mutatio
863 705 961 768 vitae
980 714 1015 768 et
1034 721 1172 768 morum
1193 704 1411 787 perditorum
1432 724 1485 769 rc·

252 818 421 883 formatio
435 818 471 880 in
486 816 606 879 multis
617 815 879 878 observaretur.

318 924 406 990 1216.
450 924 570 1004 Aliqui
589 940 635 986 ex
652 923 708 985 his
727 921 861 985 reditus
885 921 1170 997 ecclesiasticos,
1192 938 1281 1001 quos
1307 929 1388 983 ante
1414 938 1484 984 non

256 1045 296 1099 ut
319 1051 385 1115 par
410 1041 488 1095 erat
512 1029 768 1111 expendebant,
796 1030 833 1092 in
857 1030 1102 1108 eleemosynas
1127 1036 1161 1091 et
1186 1030 1245 1109 pia
1271 1044 1380 1108 opera
1405 1044 1486 1091 cum

258 1158 390 1221 magna
411 1139 532 1220 populi
556 1136 801 1201 aedificatione
825 1136 1091 1199 convertebant.
1115 1134 1188 1199 Alii
1208 1136 1244 1198 in
1264 1136 1387 1199 varias
1409 1135 1486 1198 reli·

258 1250 383 1329 giones
402 1256 484 1309 sunt
505 1244 674 1323 ingressi;
698 1251 733 1306 et
752 1244 839 1305 satis
865 1242 990 1306 inillis
1016 1240 1215 1321 hujusmodi
1236 1242 1487 1306 exercitiorum

258 1355 396 1419 fructus
410 1362 617 1433 perspectus
629 1350 704 1431 jam
718 1359 807 1428 erat,
820 1366 901 1413 cum
916 1366 978 1429 per
990 1366 1044 1427 ea,
1059 1358 1240 1430 tamquam
1253 1350 1488 1413 instrumenta

251 1461 446 1543 -quaedam,
463 1469 537 1522 tam
551 1460 680 1521 multos
696 1456 816 1519 divina
831 1456 979 1520 Bonitas
993 1456 1040 1520 ad
1054 1457 1176 1520 mundi
1191 1466 1432 1538 contemptum
1454 1462 1489 1517 et

261 1567 484 1649 perfectioris
500 1574 614 1629 status
632 1564 728 1627 viam
744 1572 915 1642 moveret,
937 1574 972 1626 ct
987 1564 1022 1626 in
1038 1582 1080 1627 ea
1099 1565 1207 1627 semel
1229 1572 1394 1643 suscepta
1410 1580 1490 1627 cum

255 1674 509 1739 aedificatione
524 1680 728 1735 constantes
742 1682 1025 1751 perseverarent.

326 1781 414 1845 1217.
458 1780 600 1843 Eisdem
626 1788 777 1859 quatuor
801 1778 983 1841 mensibus
1007 1778 1141 1858 primis,
1169 1796 1233 1843 sex
1257 1778 1327 1843 viri
1351 1779 1492 1843 dotibus

258 1888 422 1969 >egregiis
437 1886 589 1968 praediti
603 1887 639 1948 in
654 1884 868 1949 Societatem
883 1884 1027 1948 admissi
1051 1893 1148 1949 sunt:
1169 1902 1252 1949 nam
1273 1884 1347 1949 sere
1365 1886 1426 1966 qui
1447 1886 1492 1949 ad

265 2006 426 2059 nostrum
454 1994 652 2057 institutum
681 1990 904 2071 aspirabant,
932 2008 978 2054 ex
1006 1992 1246 2057 selectissimis
1271 1993 1495 2057 scholasticis

267 2111 380 2177 erant,
398 2100 458 2180 qui
479 2098 633 2179 ingenio,
655 2099 853 2163 eruditione
872 2108 907 2162 et
926 2100 1058 2164 virtute
1078 2100 1170 2163 inter
1190 2112 1351 2163 caeteros
1366 2100 1494 2163 emine·

266 2211 364 2287 bant3
379 2208 469 2270 adeo
485 2215 534 2285 ut,
552 2206 653 2287 quasi
667 2206 896 2287 proverbium
915 2216 1009 2270 esset
1029 2207 1066 2269 in
1087 2206 1328 2287 Complutensi
1349 2206 1496 2271 Univer-

259 2318 384 2393 sitate,
400 2315 496 2395 quod
511 2313 634 2393 optimi
653 2314 783 2394 quique
804 2332 850 2377 ex
871 2314 1034 2377 cursibus
1052 2313 1298 2394 philosophiae
1321 2324 1439 2377 essent
1460 2322 1497 2379 ut

267 2423 428 2486 decimae
442 2422 520 2502 ipso
533 2418 612 2498 jure
627 2420 765 2484 debitae
779 2418 949 2484 Societati
965 2431 1127 2499 nostrae;
1144 2421 1238 2502 quod
1253 2438 1378 2485 eorum
1399 2438 1498 2502 prae·

262 2529 473 2609 ceptoribus
488 2528 576 2591 satis
590 2527 809 2605 displicebat,
833 2529 928 2606 quod
948 2528 991 2591 ab
1013 2528 1064 2591 eis
1083 2528 1255 2591 honorem
1278 2528 1498 2609 potissimum

268 2645 466 2717 sperarent,
483 2651 572 2716 quos
586 2634 756 2697 videbant
769 2642 851 2699 ante
866 2639 1124 2715 promotionem
1141 2634 1149 2666 ¹
1165 2635 1201 2701 ia
1216 2634 1430 2701 Societatem
1441 2652 1500 2700 no·

270 2756 381 2808 stram
398 2761 436 2806 se
451 2743 623 2806 conferre.

337 2849 425 2914 1218.
468 2849 549 2929 Ipso
565 2849 666 2912 initio
681 2847 785 2929 hujus
800 2851 883 2914 anni
898 2850 969 2913 duo
985 2852 1188 2932 collegiales
1203 2850 1388 2932 cujusdam
1402 2867 1502 2932 prae·

269 2959 369 3040 ›cipui
385 2957 545 3036 Collegii,
562 2957 622 3037 qui
637 2957 673 3020 in
688 2958 792 3021 tertio
808 2975 914 3022 cursu
933 2976 1019 3038 prae
1040 2960 1113 3022 suis
1135 2960 1385 3040 condiscipulis
1404 2959 1504 3023 llore-

276 3067 373 3143 bant,
391 3064 487 3128 iilum
505 3063 703 3126 studiorum
722 3065 981 3141 abscindentes,
1002 3076 1162 3130 nostram
1183 3065 1397 3130 Societatem
1423 3077 1504 3130 sunt

277 3171 441 3252 ingrcssi,
465 3188 531 3234 nec
550 3170 715 3250 obloquia
735 3172 971 3250 quorumdam
993 3181 1027 3234 et
1047 3183 1197 3236 conatus
1216 3173 1262 3236 ad
1281 3173 1504 3238 vocatiouem

277 3278 538 3360 impediendam
552 3293 687 3353 eorum,
700 3277 760 3357 qui
772 3276 817 3339 ad
828 3287 990 3341 nostrum
1002 3279 1200 3344 institutum
1215 3280 1431 3360 aspirabant,
1444 3295 1507 3343 eos

279 3385 519 3451 retardabant.
549 3383 712 3462 Tertius,
738 3394 773 3446 et
797 3383 1002 3448 divitiarum
1028 3395 1062 3448 et
1089 3387 1168 3450 aliis
1197 3387 1331 3450 saeculi
1356 3386 1509 3450 vinculis

273 3492 451 3572 -abruptiS,
468 3490 593 3554 relicto
609 3490 716 3553 etiam
731 3505 837 3553 cursu
853 3491 1117 3572 philosophico,
1135 3493 1266 3557 nostris
1282 3509 1320 3556 se
1336 3491 1507 3573 adjunxit.

275 3599 437 3680 ‘Quartus
453 3597 617 3661 canonici
628 3595 717 3676 J'uris
731 3614 857 3660 cursus
871 3598 1087 3677 absolverat,
1105 3609 1139 3662 et
1154 3603 1190 3663 in
1206 3600 1257 3664 eis
1273 3601 1416 3680 egregie
1432 3618 1510 3681 pro-

281 3706 438 3783 fecerat,
469 3714 507 3767 ut
534 3703 678 3784 quintus
705 3705 742 3767 in
770 3704 1039 3768 humanioribus
1068 3707 1205 3770 litteris
1236 3705 1366 3771 Sextus
1395 3715 1512 3771 autem

278 3811 452 3876 sacerdos
467 3822 559 3887 erat,
577 3809 636 3891 qui
650 3823 838 3891 postquam
860 3812 1032 3876 exercitia
1048 3814 1245 3893 spiritualia
1262 3813 1356 3894 apud
1371 3823 1515 3879 nostros

284 3918 459 3998 suscepit,
490 3925 653 3980 curatum
676 3917 894 3995 beneficium,
923 3937 1004 3982 cum
1029 3936 1161 3998 magna
1188 3921 1434 3985 aedificatione
1460 3923 1515 3986 sui

285 4025 408 4106 gregis
423 4035 457 4088 et
477 4024 652 4104 spirituali
671 4025 823 4088 utilitate
843 4033 1018 4106 tenuer·at;
1044 4028 1139 4109 quod
1164 4028 1251 4091 satis
1272 4029 1514 4108 ostenderunt,

282 4150 367 4196 cum
382 4133 595 4210 gravissime
610 4131 666 4194 sui
681 4133 835 4211 pastoris
851 4150 1031 4197 recessum
1048 4135 1191 4198 ferrent.

350 4237 437 4301 1219.
481 4235 675 4317 Cujusdam
698 4256 743 4301 ex
768 4239 960 4319 praedictis
980 4240 1269 4306 deliberationem
1285 4253 1405 4325 pater,
1430 4253 1520 4308 natu

283 4343 360 4423 jam
374 4342 533 4424 grandis,
551 4344 706 4423 rescivit,
724 4353 758 4408 et
773 4362 881 4426 aegre
892 4346 1009 4411 ferens
1025 4365 1117 4427 eum,
1135 4366 1239 4430 quem
1253 4351 1420 4414 baculum
1434 4367 1519 4414 suae

289 4451 482 4515 senectutis
497 4449 572 4514 lore
587 4452 765 4532 sperabat,
782 4452 865 4517 huic
879 4454 1041 4518 instituto
1057 4473 1094 4519 se
1110 4454 1308 4538 addixisse,
1323 4458 1462 4522 litteras
1476 4460 1523 4524 ad

333 4655 342 4686 ¹
372 4653 485 4706 Scilicet,
497 4660 636 4708 antequam
649 4657 683 4700 ad
694 4657 791 4711 gradus
805 4657 831 4700 in
841 4657 1023 4714 universitate,
1034 4659 1179 4704 studiorum
1194 4661 1323 4706 curriculo
1335 4665 1450 4720 expleto,
1466 4675 1525 4720 pro·

292 4733 467 4776 moverentur,
478 4727 544 4780 quod
556 4737 638 4780 grave
649 4727 725 4771 uirula
735 4738 761 4772 et
776 4727 924 4773 offensionis
939 4741 1018 4774 causa
1035 4737 1093 4774 erat
1108 4731 1312 4788 professoribus,
1329 4745 1378 4779 uon
1395 4735 1525 4792 Complutl

289 4804 404 4850 tantun,
415 4800 460 4841 sed
471 4798 592 4851 Lovauil,
604 4799 712 4844 Parisiis
722 4809 748 4844 et
759 4802 785 4845 iu
796 4802 855 4845 aliia
865 4802 1090 4848 universitatibus.
