3717 5400
379 453 433 512 244
835 455 962 514 ennox.
985 460 1059 514 Soc.
1081 457 1151 529 iss.

379 601 600 665 ximiliauum
615 612 828 682 conquestus
842 613 930 681 erat,
948 612 982 666 et
997 603 1136 667 dixerat
1154 621 1192 666 se
1212 605 1304 667 nolle
1322 604 1359 667 in
1379 605 1490 684 ipsius
1505 607 1608 670 curia

380 725 524 773 manere
539 711 568 773 si
583 707 733 788 jesuitae
748 711 783 773 in
799 727 841 772 ea
857 721 1081 773 remanerent
1099 712 1120 774 ¹.

439 815 510 878 694.
554 816 881 882 commonefecerat
893 817 1027 896 Regem
1039 817 1292 897 Romanorum,
1306 818 1439 898 ipsius*
1452 831 1600 900 patrem,

379 923 543 988 Canisius
558 922 580 1003 ’ς
597 924 711 1003 ipsum
731 903 987 1003 etiam'itegem
1008 925 1214 1003 Bohemiae,
1231 926 1275 988 de
1290 927 1384 988 mala
1404 925 1506 1006 hujus
1522 944 1605 991 con·

379 1031 573 1095 cionatoris
598 1032 760 1094 doctrina
786 1043 886 1110 pater
910 1031 1156 1095 Ferdinandus
1181 1033 1429 1111 admonuerat;
1455 1035 1518 1098 sed
1542 1036 1607 1099 ille-

379 1145 424 1201 ex
448 1139 581 1200 invidia
607 1149 641 1201 et
662 1139 844 1218 hypocrisi
867 1149 1072 1202 nostrorum
1090 1141 1179 1203 haec
1198 1141 1375 1220 proficisci
1394 1141 1545 1218 dicebat,
1566 1154 1607 1206 et.

380 1245 612 1308 succensebat
627 1263 697 1308 non
712 1246 826 1309 solum
841 1245 999 1323 Canisio,
1013 1246 1192 1310 sedetiam
1202 1247 1402 1311 Labacensi
1412 1248 1609 1330 Episcopo,

378 1370 467 1432 quos
481 1353 693 1433 praecipuos
708 1370 785 1415 esse
806 1354 901 1432 apud
914 1352 1057 1416 Patrem
1072 1365 1338 1434 oppugnatores
1351 1373 1470 1418 rerum
1484 1354 1600 1435 hujus·

375 1460 470 1524 modi
482 1477 656 1522 novarum
671 1460 898 1538 intelligebat3
917 1471 952 1523 et
965 1461 1104 1524 cuidam
1120 1462 1351 1541 exprobravit
1363 1463 1455 1542 quod
1467 1465 1606 1526 nostris

377 1569 514 1630 amicus
529 1577 632 1630 esset.
654 1567 755 1630 Alios
777 1568 883 1630 ctiam
903 1567 1082 1630 ministros
1101 1568 1265 1646 habebat,
1282 1579 1319 1631 ut
1338 1568 1594 1634 confessarium

375 1686 409 1737 et
425 1675 625 1738 ministrum
640 1674 765 1737 domus
780 1673 792 1704 ⁴
806 1691 933 1754 parum
948 1675 1157 1751 laudabiles
1174 1689 1212 1738 ut
1231 1677 1327 1740 fama
1346 1675 1542 1755 ferebatur;
1563 1688 1605 1740 et.

374 1784 422 1846 ita
436 1783 534 1846 multi
543 1781 712 1845 timebant
721 1799 764 1844 ne
776 1798 857 1843 cum
867 1779 976 1859 Regis
987 1781 1016 1843 F
1018 1781 1202 1845 erdinandi
1214 1783 1299 1860 vita,
1313 1781 1471 1846 defensio
1479 1784 1600 1847 catho-

371 1891 461 1953 iicae
476 1889 668 1969 religionis,
683 1889 777 1970 quod
789 1890 835 1951 ad
846 1889 1046 1968 Principem
1058 1889 1195 1967 attinet,
1209 1897 1390 1952 cessatura
1403 1899 1495 1953 esset
1507 1887 1535 1970 ⁸3
1551 1890 1608 1954 vi·-

414 2106 422 2138 t
451 2105 518 2149 Vide
528 2115 616 2158 supra,
625 2115 686 2158 pag.
697 2103 778 2148 24111.
792 2105 840 2147 691.

411 2179 422 2208 ¹
450 2177 529 2231 Regis
539 2176 686 2229 Bobemiae,
697 2175 875 2220 Maximiliaui.

410 2251 421 2281 ⁵
448 2249 502 2292 “Ma
514 2250 537 2292 io
547 2255 621 2292 tanto
633 2250 742 2292 mancho
753 2249 786 2291 mi
800 2259 861 2292 curo
876 2249 900 2291 di
916 2254 1006 2302 queste
1021 2248 1142 2302 passioni,
1157 2257 1254 2304 quanto
1269 2250 1313 2304 piu
1327 2263 1355 2294 se
1369 2251 1460 2294 uedino
1470 2252 1488 2294 ll
1497 2251 1607 2304 segutil-

371 2323 411 2364 del
422 2319 621 2364 Lutheranlsmo
631 2321 657 2362 in
665 2325 754 2374 queste
765 2320 830 2363 dittc
840 2331 956 2374 persone.
965 2319 1012 2363 Nol
1023 2320 1161 2364 liabblamo
1172 2321 1238 2364 tatto
1248 2321 1381 2366 intendere
1396 2323 1415 2366 il
1428 2322 1596 2366 serenissimo

371 2393 408 2435 Re
419 2393 443 2436 in
454 2393 582 2445 Augusta,
593 2393 640 2436 che
651 2393 763 2445 pericolo
773 2403 800 2434 se
811 2392 907 2435 habbia
918 2391 1079 2444 d‘espettare
1087 2392 1119 2435 de
1127 2393 1210 2445 questi
1218 2393 1360 2448 principii„
1368 2392 1599 2448 CanlsiusSJgna·

370 2466 415 2512 tio,
426 2465 453 2508 25
462 2464 548 2508 Martii
559 2465 612 2507 1555
621 2463 844 2514 (Brnussaanosn,
855 2464 873 2507 1.
886 2474 917 2516 c.,
929 2474 988 2516 pag.
998 2463 1056 2515 525).
1066 2462 1106 2506 Ex
1115 2464 1207 2516 quibus
1216 2472 1287 2508 certe
1297 2477 1347 2508 non
1357 2465 1457 2509 eruitur
1466 2464 1597 2508 canisium

368 2539 435 2580 banc
446 2537 668 2580 commonitionem
679 2535 744 2589 Regi
756 2536 846 2578 iecisse
856 2545 903 2588 per
914 2535 1017 2578 litteras
1028 2547 1044 2577 a
1054 2546 1081 2578 se
1096 2536 1216 2588 scriptas
1231 2537 1305 2590 idque
1320 2537 1419 2580 latetur
1433 2537 1597 2580 Buusssuu-

373 2619 431 2656 osu.
442 2609 499 2651 dum
511 2607 558 2650 ait:
569 2607 631 2650 “etsi
643 2607 739 2649 diserte
750 2606 775 2650 td
786 2608 821 2656 ise
837 2607 980 2658 scripsisse)
989 2606 1093 2660 ignatio
1104 2618 1153 2650 non
1168 2607 1230 2650 dicit
1240 2597 1398 2660 (Canisiusim
1412 2608 1452 2650 cui
1462 2609 1596 2651 collimant

370 2682 487 2735 apprime
500 2679 603 2723 Poianci
615 2680 695 2722 verba
706 2689 755 2722 non
765 2677 860 2723 aientis
871 2689 920 2733 quo
931 2679 1014 2730 modo,
1024 2679 1121 2733 scripto
1131 2691 1165 2723 an
1176 2681 1263 2729 verbo,
1275 2681 1339 2723 baec
1352 2680 1516 2723 commonitio
1524 2679 1596 2725 iacta

371 2755 413 2797 sit.
424 2753 487 2797 Erul
499 2760 585 2797 tamen
595 2762 670 2806 posse
681 2752 785 2795 videtur
799 2762 831 2793 ex
841 2751 957 2803 proxime
968 2752 1135 2805 sequentibus
1145 2750 1240 2795 Canlsii
1256 2752 1351 2795 uerbis:
1362 2750 1410 2795 “Et
1419 2752 1455 2795 lui
1468 2751 1542 2803 (Rex)
1555 2752 1589 2795 mi

367 2836 466 2879 rispose
477 2835 524 2867 con
534 2826 560 2867 ia
571 2835 647 2868 manu
656 2823 786 2878 propria„
796 2822 993 2866 commonitioni
1004 2824 1078 2869 enim.
1089 2834 1133 2865 ore
1147 2831 1221 2866 tenus
1234 2823 1256 2865 si
1271 2824 1342 2866 iacta
1352 2822 1451 2868 luisset.
1461 2823 1600 2877 responsio

368 2908 412 2939 ote
425 2905 498 2940 tenus
509 2902 534 2940 et
545 2907 594 2939 non
605 2896 703 2949 scripto
713 2896 784 2939 iacta
795 2895 1049 2948 magiscongrueret.
1059 2894 1133 2938 Unde
1144 2894 1274 2939 Cenisium
1285 2906 1331 2947 per
1342 2894 1444 2938 litteras
1453 2894 1551 2949 Regem
1560 2895 1591 2939 de

370 2970 419 3013 bae
431 2980 458 3011 re
469 2968 692 3013 commoneieelsse
704 2975 803 3011 certum
813 2974 853 3009 est
864 2966 944 3009 Perat
954 2966 1261 3009 Banusssanosuevide
1272 2974 1359 3010 tamen
1368 2977 1435 3021 quae
1446 2967 1478 3009 de
1488 2967 1529 3010 liis
1543 2966 1592 3011 Ca-

368 3041 425 3084 nlsii
435 3040 530 3083 litteris
538 3040 605 3083 idem
617 3040 820 3082 Baroussarosu
830 3039 935 3081 disserit
944 3040 959 3081 i.
969 3050 982 3080 c
994 3071 1000 3087 ,
1010 3049 1070 3091 pag.
1079 3038 1120 3080 529
1129 3045 1156 3081 et
1165 3038 1213 3081 bisi.

404 3116 416 3147 4
443 3112 557 3155 Vocibus
568 3114 608 3155 his
619 3113 775 3155 ministrum
787 3112 883 3153 dotnus
892 3111 1002 3163 intelligi
1012 3110 1117 3153 videtur
1126 3111 1169 3153 ille
1178 3122 1253 3165 quem
1263 3110 1383 3155 Canisius
1394 3110 1601 3164 maggiordomo-

367 3185 411 3227 del
423 3185 460 3227 Re
470 3184 595 3237 appellat.
604 3182 642 3226 De
653 3182 702 3225 boc
710 3184 746 3226 ita
758 3183 972 3227 Banusssunosu:
981 3181 1049 3225 “Hoc
1060 3194 1151 3225 munus
1158 3182 1451 3235 (⁸0bersthoimeister.)
1463 3192 1529 3225 anno
1540 3181 1593 3225 ittae

369 3256 576 3303 administravit.
592 3256 657 3297 “von
674 3254 799 3307 Eitzing,¹
820 3264 887 3297 anno
898 3254 951 3297 1562
960 3252 1113 3307 “christoph
1123 3252 1247 3297 Freiberr
1262 3266 1293 3297 zu
1307 3254 1411 3308 Eitzing
1424 3254 1474 3297 und
1484 3252 1589 3297 Schrat·

368 3330 484 3379 tenthal,
494 3328 540 3381 (M.
551 3326 632 3379 Koch,
644 3326 749 3377 Quellen
761 3337 805 3369 zur
816 3325 973 3369 Geschichte
988 3325 1034 3368 des
1042 3324 1149 3368 Kaisers
1158 3324 1318 3369 Maximiiian
1333 3325 1366 3370 11.
1382 3325 1505 3380 [Leipzig.
1521 3324 1591 3380 18571,

366 3412 382 3455 p
400 3401 422 3453 3,
433 3399 476 3451 7).,
486 3399 515 3453 L.
526 3408 557 3449 ο..
568 3410 628 3453 pag.
639 3399 686 3451 596,
697 3406 784 3443 annot.
799 3398 820 3440 2.

404 3473 416 3505 ⁵
444 3468 491 3515 ‘Et
502 3472 536 3515 lui
548 3472 581 3513 mi
593 3471 690 3523 rispose
701 3481 747 3512 con
757 3471 783 3513 la
793 3480 870 3513 mann
880 3469 994 3523 propris,
1009 3468 1055 3510 che
1066 3468 1175 3511 hauesse
1186 3469 1271 3521 grand
1285 3468 1427 3522 displacere
1441 3479 1521 3522 sopra
1534 3479 1594 3523 que·

367 3552 408 3589 sta
418 3545 513 3597 nouitlt,
524 3550 549 3585 et
561 3544 625 3585 cossi
637 3542 729 3585 mando
740 3542 807 3584 altre
818 3541 893 3584 litere
903 3541 1000 3593 scripte
1011 3541 1037 3582 al
1047 3538 1084 3582 Re
1094 3539 1199 3594 tigljolo;
1209 3540 1228 3583 ii
1238 3541 1299 3595 qual
1308 3540 1351 3593 poi
1360 3551 1409 3582 non
1419 3551 1447 3582 se
1457 3540 1492 3583 ha
1502 3546 1599 3584 curato-

365 3618 460 3669 niente,
471 3616 586 3669 dicendo,
597 3614 644 3657 che
655 3614 743 3668 voglia
754 3614 812 3665 ogni
824 3612 897 3655 morio
908 3612 957 3654 dar
966 3612 1043 3655 dorso
1051 3620 1076 3654 et
1084 3612 1231 3655 defensioue
1239 3613 1264 3654 al
1272 3624 1320 3654 suo
1326 3612 1499 3665 predicatore:
1508 3618 1534 3655 et
1544 3611 1592 3655 che

365 3691 419 3733 sola
430 3689 468 3732 sia
479 3690 504 3732 iu
516 3687 612 3731 inuidia
622 3696 746 3739 appresso
757 3685 787 3728 de
798 3686 839 3728 noi
850 3691 875 3726 et
888 3685 912 3725 la
922 3683 1069 3737 hipocrisis,
1078 3683 1301 3736 massitueperche
1309 3684 1508 3736 persequitiamo
1519 3684 1590 3726 ilsuo

363 3760 535 3815 predicatore.
548 3758 649 3811 Dappoi
659 3769 686 3800 se
697 3766 795 3800 mostra
804 3767 850 3799 con
861 3759 928 3799 altre
940 3758 1029 3810 parole
1040 3766 1133 3810 troppo
1144 3755 1286 3806 fastidiose,
1297 3755 1345 3798 che
1355 3756 1450 3798 habbia
1461 3767 1495 3798 vu
1510 3755 1592 3809 giudi·

363 3835 399 3875 tio
409 3834 489 3875 molto
499 3832 631 3885 singulare
641 3834 667 3872 et
678 3829 802 3872 inclinato
811 3840 827 3871 a
838 3828 975 3871 defendere
985 3827 1003 3870 li
1013 3826 1167 3877 Lutiieraui,
1177 3826 1377 3870 contradicendo
1386 3828 1410 3869 ui
1421 3829 1476 3869 zelo
1490 3827 1532 3870 del
1546 3836 1590 3880 pa·

365 3904 418 3955 dre,
430 3904 447 3947 11
458 3904 518 3958 qusl
529 3913 576 3956 pur
585 3901 635 3945 mni
647 3912 660 3943 e
672 3906 747 3953 tropo
757 3900 849 3951 zeloso,
861 3900 985 3942 taimente
993 3898 1041 3941 che
1052 3898 1144 3941 merito
1154 3898 1264 3941 hauemo
1274 3898 1305 3940 de
1319 3904 1416 3941 temere
1428 3899 1454 3940 1ι
1462 3898 1511 3941 che
1521 3897 1539 3941 11
1549 3896 1586 3941 Re

362 3976 472 4031 glouane
483 3986 532 4017 non
543 3974 565 4017 ci
577 3973 635 4016 lara
646 3973 662 4015 li
673 3972 773 4015 seruitii
784 3972 824 4014 del
836 3972 923 4025 padre,
934 3971 962 4013 2·
971 3970 1018 4013 che
1028 3972 1068 4013 sia
1078 3976 1171 4023 troppo
1181 3970 1316 4013 Tudescho
1332 3971 1442 4014 secondo
1457 3974 1482 4014 lo
1497 3970 1593 4024 spiritu

364 4048 493 4092 moderno.
505 4044 576 4089 Oude
585 4056 636 4087 non
647 4046 714 4087 lassb
725 4044 856 4097 publicare
868 4044 890 4085 ie
901 4041 1063 4091 Induirentie
1073 4044 1171 4095 ultime,
1187 4042 1281 4084 sicome
1292 4053 1306 4084 e
1316 4049 1386 4085 stato
1401 4042 1468 4085 iatto
1482 4042 1508 4085 iu
1523 4047 1590 4086 tutte

364 4121 387 4163 le
399 4121 464 4162 altre
475 4117 608 4167 Eccliesie,
619 4122 643 4157 et
655 4117 734 4158 molto
744 4116 763 4157 s'
774 4116 917 4158 intromitte
929 4115 995 4157 nelle
1006 4125 1065 4156 cose
1076 4114 1145 4156 della
1155 4114 1295 4167 Religione.
1306 4121 1333 4157 et
1344 4115 1412 4157 tiene
1427 4124 1551 4167 appresso
1561 4115 1587 4159 di

364 4202 391 4233 se
403 4189 546 4233 Lutherani
559 4200 607 4231 uon
619 4187 704 4239 piculi,
716 4189 839 4230 taimente
849 4187 897 4229 che
908 4186 1047 4239 mangiano
1064 4196 1142 4228 carne
1157 4186 1257 4235 adesso,
1274 4191 1300 4228 et
1315 4189 1423 4240 parianu
1437 4187 1504 4229 male
1520 4187 1588 4231 della

363 4262 412 4305 lide
423 4262 621 4317 publicamentr:
633 4258 666 4301 Et
678 4260 696 4302 il
707 4260 844 4303 medesimo
856 4259 891 4301 Re
902 4260 923 4301 si
936 4259 1070 4311 persuade,
1081 4258 1128 4300 che
1140 4258 1157 4299 11
1170 4257 1391 4301 Reuereudissimo
1405 4256 1587 4302 Labbaceeuse

363 4340 389 4377 et
400 4334 424 4377 io
434 4332 543 4375 siamoli
554 4330 692 4386 principali
703 4342 827 4384 appresso
838 4331 856 4373 il
868 4330 950 4372 Padre
961 4340 1007 4372 suo
1017 4341 1063 4383 per
1071 4329 1180 4382 impedit
1190 4329 1214 4371 lu
1229 4330 1319 4372 nonita
1335 4340 1381 4371 sua
1395 4336 1421 4371 et
1432 4329 1450 4372 ll
1462 4330 1586 4374 Lutberu-

363 4405 452 4450 nlsmo.
464 4403 529 4446 item
539 4403 630 4455 sappla
641 4401 673 4444 V.
685 4400 716 4444 R.
726 4401 754 4443 P.
766 4402 812 4445 cite
824 4408 914 4455 questo
925 4401 950 4442 io
960 4400 993 4443 lio
1004 4401 1086 4443 inteso
1096 4400 1120 4442 d'
1129 4410 1163 4442 uu
1171 4400 1254 4443 amico
1262 4398 1345 4453 fidele,
1355 4400 1373 4443 ii
1384 4402 1458 4453 quale
1468 4402 1532 4444 hore
1540 4400 1589 4443 due

362 4478 431 4520 uoite
453 4484 551 4519 erato
565 4474 695 4517 chiamato
713 4473 755 4515 dal
770 4473 841 4516 detto
859 4472 903 4527 Re,
920 4472 939 4515 il
955 4472 1016 4525 qual
1034 4472 1149 4514 anchora
1162 4472 1180 4514 li
1197 4472 1350 4526 esprobaua‚
1368 4472 1417 4515 che
1432 4472 1502 4515 insse
1514 4478 1589 4515 tauto

361 4546 444 4592 amico
455 4552 552 4599 nostro,
565 4546 671 4589 dicendo
681 4546 773 4587 altiora
783 4552 809 4587 et
818 4544 913 4597 altrouj
925 4546 1013 4598 parole
1024 4543 1082 4586 d'un
1092 4544 1185 4586 huomo
1196 4545 1275 4587 molto
1286 4550 1386 4587 tentato
1400 4551 1492 4587 contra
1502 4544 1527 4587 di
1537 4554 1585 4596 nse,

297 4602 298 4609 ἵ
359 4625 386 4662 et
397 4629 496 4673 scmpre
508 4628 554 4672 per
563 4617 672 4670 rispetto
682 4615 723 4658 del
733 4626 779 4658 suo
789 4615 962 4668 predicatore.
973 4614 1029 4657 Nou
1041 4615 1105 4667 diro,
1116 4615 1212 4657 sicutne
1227 4616 1342 4658 anchora
1352 4617 1369 4658 ll
1379 4616 1526 4659 confessore
1540 4626 1592 4659 suo

296 4718 299 4725 ι
362 4704 389 4735 se
400 4691 485 4744 reputi
497 4700 542 4744 per
553 4690 595 4731 vn'
603 4692 732 4741 apostata,
745 4694 770 4729 et
780 4696 852 4730 certo
863 4698 876 4729 e
891 4688 939 4730 elie
949 4689 988 4729 sia
998 4694 1069 4729 stato
1084 4698 1118 4729 vn
1136 4685 1203 4729 irate
1214 4687 1412 4740 Augustiniano,
1422 4695 1448 4730 et
1462 4687 1540 4741 gisia
1549 4698 1590 4731 ru
