3717 5400
845 299 850 332 1

831 487 892 544 Aa.
916 486 986 544 1555
1470 489 1526 548 319

292 633 460 696 tuendum
474 631 493 710 ¹,
508 633 682 712 quamvis,
695 633 777 695 dum
791 634 941 710 viveret,
955 632 1042 695 nihil
1054 649 1134 696 cum
1149 632 1254 696 Patre
1268 633 1409 712 Ignatio
1421 650 1465 697 ea
1479 635 1525 696 de

291 757 331 802 re
347 741 544 803 contulerat
556 742 577 802 ².

351 845 422 908 866.
467 845 522 909 Ex
547 845 702 910 secundo
727 847 834 909 etiam
856 845 1027 926 jubilaeo,
1055 846 1218 926 Augusto
1248 864 1369 910 mense
1399 849 1521 926 misso,

292 954 492 1032 exemplum
505 943 933 1032 6656611666616666611ὅ
946 953 1027 1016 utin
1040 955 1139 1016 curia
1149 952 1388 1034 Imperatoris,
1401 972 1526 1034 quem-

292 1059 482 1123 admodum
498 1070 532 1123 et
545 1061 655 1140 61166,
669 1059 822 1123 fructum
838 1059 990 1138 aliquem
1007 1058 1177 1123 adferret.

352 1165 424 1229 867.
467 1165 563 1230 Idem
579 1167 686 1229 etiam
701 1182 918 1244 magnopere
934 1166 1108 1245 probabat
1134 1177 1172 1228 ut
1196 1168 1324 1246 aliquis
1348 1167 1392 1231 de
1407 1167 1528 1231 Socie-

294 1283 366 1336 tate
381 1283 516 1352 nostra,
533 1273 592 1354 qui
612 1275 798 1352 plusquam
824 1272 993 1334 mediocri
1017 1274 1151 1335 talento
1176 1274 1222 1336 66
1248 1274 1527 1353 praedicandum

293 1391 443 1444 ornatus
458 1389 561 1458 esset,
580 1379 626 1443 ad
640 1396 720 1442 eam
736 1379 871 1440 curiam
887 1378 1095 1457 mitteretur,
1112 1397 1180 1442 non
1195 1379 1270 1461 jam
1285 1380 1527 1460 Imperatoris

292 1487 356 1549 sed
367 1485 650 1567 RegisPhilippi,
667 1485 724 1549 cui
739 1484 856 1548 omnia
877 1501 942 1546 sua
963 1502 1075 1564 regna
1098 1495 1132 1548 et
1147 1487 1304 1550 dominia
1329 1487 1526 1568 Imperator

294 1583 542 1672 resignaverat
557 1591 580 1652 ⁴.

352 1698 423 1762 868.
468 1699 512 1764 D.
530 1701 655 1764 Petrus
671 1701 714 1764 de
730 1702 857 1764 Zarate
873 1701 951 1781 ipsa
966 1701 1090 1780 vigilia
1106 1700 1275 1782 Corporis
1294 1701 1437 1765 Domini
1452 1703 1527 1766 An·

294 1808 468 1886 tuerpiam
483 1825 564 1870 cum
575 1808 751 1889 Episcopo
766 1809 970 1888 Trigestino
986 1817 1132 1872 venerat
1148 1805 1170 1886 ⁸,
1188 1818 1222 1872 et
1243 1827 1366 1874 coram
1386 1809 1526 1874 Nuncio

294 1916 491 1994 apostolico
516 1912 528 1944 ⁵
554 1913 701 1978 Doctori
727 1915 938 1979 Malvendae
960 1914 981 1992 ⁷,
1010 1916 1069 1995 qui
1093 1915 1219 1979 curiali
1245 1917 1400 1996 quodam
1422 1918 1526 1980 modo

295 2021 479 2084 mordebat
494 2022 664 2085 exercitia
680 2023 888 2102 spiritualia,
905 2041 944 2086 se
959 2023 1135 2102 opposuit;
1156 2022 1218 2085 sed
1239 2023 1380 2088 demum
1402 2023 1527 2088 doctor

293 2131 351 2192 ille
374 2129 595 2208 approbabat
613 2130 708 2210 quod
733 2127 842 2193 Sedes
868 2129 1066 2208 apostolica
1088 2127 1303 2193 Societatem
1326 2128 1526 2210 [confirma-

295 2229 398 2304 verit,
415 2225 461 2307 ct]
477 2229 599 2292 utilem
615 2247 692 2292 esse
707 2228 888 2292 Ecclesiae
904 2227 971 2290 Dei
985 2227 1232 2303 confitebatur,
1250 2239 1283 2291 et
1306 2229 1424 2292 retulit
1447 2247 1530 2310 pro·

296 2335 450 2414 phetiam
473 2335 734 2416 quodammodo
755 2335 929 2399 Ludovici
952 2333 1064 2396 Vives
1078 2331 1106 2412 ⁸,
1123 2351 1227 2414 quem
1253 2352 1333 2398 cum
1355 2336 1527 2399 inviseret

295 2443 377 2505 olinr
392 2442 431 2505 P.
449 2441 608 2522 ignatius
625 2445 660 2508 in
675 2443 810 2522 Belgio,
827 2444 885 2505 ubi
900 2443 1098 2519 habitabat,
1116 2442 1256 2505 dixerat
1272 2443 1363 2523 quod
1376 2442 1526 2522 alicujus

294 2550 476 2628 religionis
492 2562 617 2613 auctor
632 2560 666 2614 et
682 2560 787 2629 caput
801 2551 941 2614 iuturus
955 2559 1043 2627 erat,
1059 2558 1093 2612 et
1108 2559 1290 2629 tamquam
1307 2550 1424 2612 virum
1444 2567 1527 2614 san·

293 2664 390 2719 ctum
415 2673 494 2720 eum
519 2656 800 2721 commendabat.
827 2655 1009 2737 Exceptus
1033 2656 1110 2737 ipse
1136 2653 1180 2730 D.
1205 2656 1333 2721 Zarate
1359 2656 1423 2721 luit
1451 2675 1528 2738 per·

293 2763 494 2827 humaniter
506 2784 526 2829 6
538 2764 636 2844 Rege
648 2764 819 2845 Philippo,
834 2774 869 2828 et
880 2764 955 2845 eius
967 2765 1158 2843 negotium,
1173 2764 1219 2827 ad
1231 2773 1395 2827 sanctum
1411 2766 1528 2845 sepul-

293 2872 419 2934 chrum
434 2873 614 2951 pertinens
629 2870 651 2949 1,
668 2889 732 2934 suo
748 2872 941 2935 secretario
957 2870 1148 2933 videndum
1163 2871 1270 2948 dedit,
1287 2882 1324 2933 ut
1340 2871 1439 2935 adse
1458 2872 1516 2935 ref

295 2978 413 3041 ferret.

354 3086 396 3149 Et
412 3087 500 3147 haec
515 3083 558 3146 de
573 3084 858 3148 Tornacensibus
873 3102 916 3147 ac
931 3093 1005 3147 toto
1021 3085 1143 3163 Belgio
1159 3086 1255 3148 dicta
1272 3086 1352 3147 sint.

336 3442 343 3472 ⁸
372 3440 438 3485 Vide
448 3452 535 3495 supra.
545 3449 563 3485 t.
575 3452 611 3493 16,
623 3452 682 3496 pag.
693 3442 741 3493 189,
752 3448 840 3485 annot.
854 3442 874 3483 ¹2.

334 3514 345 3545 ¹
357 3544 361 3551 .
372 3513 452 3561 Haec.
463 3526 494 3557 66
505 3514 561 3567 quis
571 3514 700 3565 intelligat
711 3512 840 3565 ignatium
852 3513 945 3556 Alexio
956 3510 1075 3556 Fontana
1086 3513 1269 3567 supervixisse.
1280 3514 1345 3567 6666
1363 3514 1400 3557 116
1416 3524 1466 3556 666
1476 3516 1525 3561 est,

295 3585 342 3627 hoc
352 3586 426 3629 modo
437 3585 624 3639 compingenda
635 3584 763 3627 videntur:
775 3586 900 3636 qrramvie
914 3584 979 3626 dum
990 3586 1093 3626 viveret
1104 3584 1132 3626 P.
1142 3583 1275 3635 ignatius,
1290 3586 1359 3627 611111
1374 3596 1436 3626 cum
1447 3596 1478 3627 66
1493 3596 1525 3627 ea

295 3658 327 3699 de
340 3668 368 3699 re
380 3656 490 3699 Aietius
500 3656 659 3699 contulerat.

337 3728 348 3759 ³
377 3726 623 3771 AlexlusFontana.

334 3802 346 3833 ⁴
374 3798 439 3843 Vide
450 3800 480 3842 66
491 3798 539 3842 1166
551 3799 660 3853 6161616
672 3798 767 3842 Carras
776 3799 809 3840 66
821 3799 876 3841 San
893 3798 1009 3849 1666616,
1025 3804 1044 3841 t.
1054 3808 1090 3849 vt,
1106 3804 1132 3840 61
1143 3798 1246 3840 litteras
1257 3798 1345 3841 Patris
1360 3797 1429 3842 Petri
1440 3799 1470 3842 66
1482 3798 1529 3841 Ri-

294 3872 436 3916 vadeneirn
447 3871 478 3913 66
490 3869 619 3923 ignatium
630 3870 759 3913 Bruxellls
769 3870 845 3913 datas
857 3870 880 3913 ll
889 3869 1039 3912 Decembris
1051 3868 1104 3911 lb'ai
1114 3869 1139 3911 16
1150 3871 1271 3921 opusculo
1284 3869 1370 3913 Patris
1380 3869 1529 3915 Duratacu.

294 3943 538 3993 L¹etablissement,
548 3949 596 3985 etc.
608 3943 633 3985 in
645 3941 801 3995 Α66666166,
812 3942 910 3983 docum.
921 3952 956 3983 vr.

335 4012 346 4045 ⁸
372 4013 439 4057 Vide
450 4024 537 4067 snpra,
549 4024 609 4065 pag.
621 4012 668 4059 266.
679 4024 702 4054 n.
711 4012 760 4065 712,
772 4020 797 4055 61
809 4024 868 4066 pag.
879 4012 927 4059 281.
939 4024 965 4055 6.
975 4013 1023 4055 776.

334 4083 346 4116 ⁰
374 4084 536 4140 86666666.
547 4086 596 4137 318,
608 4096 632 4129 n.
642 4085 692 4128 861,

333 4156 344 4187 '¹
373 4156 417 4200 Dr.
430 4156 522 4199 Petrus
532 4158 562 4199 de
573 4155 718 4209 Malvenda,
729 4168 774 4200 seu
786 4155 930 4206 Maluenda,
941 4155 1089 4208 Burgensis,
1101 4154 1143 4208 qui
1155 4162 1184 4197 ut
1195 4154 1365 4207 Imperatoris
1380 4156 1529 4209 theologus,

293 4230 564 4273 116616666616116666
576 4240 624 4271 666
635 4228 764 4273 sacerdos.
776 4228 890 4271 Concilio
901 4226 1053 4270 Tridentino
1070 4226 1189 4270 interfuit
1200 4226 1277 4277 (Vide
1291 4238 1380 4281 supra,
1391 4236 1409 4269 t.
1421 4237 1449 4278 6,
1464 4238 1527 4280 pag.

293 4300 341 4351 25¹2,
352 4311 375 4343 n.
386 4300 441 4349 191),
454 4308 479 4343 61
490 4300 589 4343 curium
600 4302 765 4354 sequebatur.
782 4298 847 4343 Vide
866 4298 944 4342 86616
959 4309 992 4341 nn
1006 4298 1146 4344 86661166,
1164 4297 1270 4340 Netteia
1281 4298 1314 4341 66
1330 4300 1370 4341 los
1381 4299 1525 4352 esparloles

293 4370 664 4424 66666161161666106661116
680 4372 713 4415 66
734 4370 838 4423 Tranio,
852 4372 878 4414 in
893 4372 990 4413 volum.
1008 4381 1035 4413 rx
1051 4371 1137 4422 operis
1154 4368 1288 4411 Coieccidn
1303 4370 1336 4413 66
1351 4371 1527 4413 documentos

293 4449 362 4497 para
371 4445 461 4487 servir
471 4444 487 4485 6
496 4444 522 4485 la
534 4442 657 4487 Historia
669 4444 702 4487 66
714 4442 836 4497 Esparia,
848 4454 866 4485 1.
877 4454 911 4485 rx.

333 4516 345 4549 ⁸
373 4516 477 4559 Scilicet
489 4516 560 4568 illud,
570 4516 636 4569 quod
645 4516 783 4569 prophetin
793 4514 979 4568 quodammodo
988 4512 1070 4556 videri
1079 4517 1173 4566 potest,
1183 4511 1310 4557 Ludovicl
1318 4513 1350 4556 de
1360 4513 1527 4557 Vives.Vide

295 4598 381 4643 supra,
393 4594 411 4631 t.
423 4599 439 4639 1,
451 4598 511 4642 pag.
521 4588 557 4632 63.

333 4656 346 4691 ⁹
375 4660 441 4704 Vide
451 4670 537 4713 supra,
552 4667 571 4702 t.
581 4670 606 4707 6,
622 4670 649 4701 16
665 4665 689 4701 61
704 4668 732 4699 rv
747 4664 771 4700 et
786 4658 812 4701 in
828 4658 876 4700 hoc
892 4665 912 4699 t.
930 4669 955 4704 v.
972 4656 1128 4709 praesertim
1137 4666 1197 4709 pag.
1208 4655 1256 4709 2⁶6,
1269 4668 1293 4699 n.
1309 4656 1350 4699 712
1367 4666 1393 4699 61
1410 4667 1471 4711 pag.
1481 4654 1531 4709 668,

296 4742 321 4775 6,
332 4732 380 4775 tto.
