<?xml version="1.0" encoding="UTF-8"?>
<!DOCTYPE html PUBLIC "-//W3C//DTD XHTML 1.0 Transitional//EN"
    "http://www.w3.org/TR/xhtml1/DTD/xhtml1-transitional.dtd">
<html xmlns="http://www.w3.org/1999/xhtml" xml:lang="en" lang="en">
 <head>
  <title>
</title>
<meta http-equiv="Content-Type" content="text/html;charset=utf-8" />
  <meta name='ocr-system' content='tesseract 3.04.00' />
  <meta name='ocr-capabilities' content='ocr_page ocr_carea ocr_par ocr_line ocrx_word'/>
</head>
<body>
  <div class='ocr_page' id='page_1' title='image "./vitaignatiiloio01polagoog_0289.png"; bbox 0 0 3717 5400; ppageno 0'>
   <div class='ocr_carea' id='block_1_1' title="bbox 806 513 1505 575">
    <p class='ocr_par' dir='ltr' id='par_1_1' title="bbox 806 513 1505 575">
     <span class='ocr_line' id='line_1_1' title="bbox 806 513 1505 575; baseline -0.003 0"><span class='ocrx_word' id='word_1_1' title='bbox 806 513 870 575; x_wconf 76' lang='lat' dir='ltr'>Aa.</span> <span class='ocrx_word' id='word_1_2' title='bbox 894 513 965 572; x_wconf 73' lang='lat'>1555</span> <span class='ocrx_word' id='word_1_3' title='bbox 1445 513 1505 573; x_wconf 66' lang='lat'>283</span> 
     </span>
    </p>
   </div>
   <div class='ocr_carea' id='block_1_2' title="bbox 258 655 1511 2983">
    <p class='ocr_par' dir='ltr' id='par_1_2' title="bbox 258 655 1511 2021">
     <span class='ocr_line' id='line_1_2' title="bbox 329 655 1501 740; baseline 0.006 -23"><span class='ocrx_word' id='word_1_4' title='bbox 329 655 400 718; x_wconf 87' lang='grc'>774.</span> <span class='ocrx_word' id='word_1_5' title='bbox 444 656 613 722; x_wconf 83' lang='lat' dir='ltr'>Coloniae</span> <span class='ocrx_word' id='word_1_6' title='bbox 628 660 783 722; x_wconf 89' lang='lat' dir='ltr'>vacabat</span> <span class='ocrx_word' id='word_1_7' title='bbox 797 658 835 721; x_wconf 90' lang='lat' dir='ltr'>P.</span> <span class='ocrx_word' id='word_1_8' title='bbox 851 659 1061 725; x_wconf 89' lang='lat' dir='ltr'>Leonardus</span> <span class='ocrx_word' id='word_1_9' title='bbox 1079 677 1145 740; x_wconf 91' lang='lat' dir='ltr'>pro</span> <span class='ocrx_word' id='word_1_10' title='bbox 1165 677 1265 723; x_wconf 87' lang='lat' dir='ltr'>more</span> <span class='ocrx_word' id='word_1_11' title='bbox 1279 676 1344 722; x_wconf 94' lang='lat' dir='ltr'>suo</span> <span class='ocrx_word' id='word_1_12' title='bbox 1366 659 1501 724; x_wconf 85' lang='lat' dir='ltr'>confes·</span> 
     </span>
     <span class='ocr_line' id='line_1_3' title="bbox 268 762 1507 846; baseline 0.006 -21"><span class='ocrx_word' id='word_1_13' title='bbox 268 762 429 828; x_wconf 90' lang='lat' dir='ltr'>sionibus</span> <span class='ocrx_word' id='word_1_14' title='bbox 445 763 640 844; x_wconf 89' lang='lat' dir='ltr'>audiendis,</span> <span class='ocrx_word' id='word_1_15' title='bbox 657 766 848 846; x_wconf 91' lang='lat' dir='ltr'>aliquando</span> <span class='ocrx_word' id='word_1_16' title='bbox 868 767 974 830; x_wconf 87' lang='lat' dir='ltr'>etiam</span> <span class='ocrx_word' id='word_1_17' title='bbox 996 767 1292 844; x_wconf 82' lang='lat' dir='ltr'>concionabatur,</span> <span class='ocrx_word' id='word_1_18' title='bbox 1314 777 1507 845; x_wconf 84' lang='lat' dir='ltr'>aegrotan-</span> 
     </span>
     <span class='ocr_line' id='line_1_4' title="bbox 268 872 1501 956; baseline 0.003 -24"><span class='ocrx_word' id='word_1_19' title='bbox 268 880 321 933; x_wconf 90' lang='lat' dir='ltr'>tes</span> <span class='ocrx_word' id='word_1_20' title='bbox 335 880 454 934; x_wconf 87' lang='lat' dir='ltr'>autem</span> <span class='ocrx_word' id='word_1_21' title='bbox 469 872 594 935; x_wconf 91' lang='lat' dir='ltr'>crebro</span> <span class='ocrx_word' id='word_1_22' title='bbox 609 873 797 938; x_wconf 85' lang='lat' dir='ltr'><strong>invisebat.</strong></span> <span class='ocrx_word' id='word_1_23' title='bbox 815 873 1015 956; x_wconf 90' lang='lat' dir='ltr'>Jubilaeum</span> <span class='ocrx_word' id='word_1_24' title='bbox 1030 891 1052 936; x_wconf 94' lang='lat' dir='ltr'>a</span> <span class='ocrx_word' id='word_1_25' title='bbox 1067 872 1210 937; x_wconf 91' lang='lat' dir='ltr'>Summo</span> <span class='ocrx_word' id='word_1_26' title='bbox 1225 872 1395 937; x_wconf 85' lang='lat' dir='ltr'>Pontifice</span> <span class='ocrx_word' id='word_1_27' title='bbox 1406 873 1501 956; x_wconf 89' lang='lat' dir='ltr'>Julio</span> 
     </span>
     <span class='ocr_line' id='line_1_5' title="bbox 269 979 1508 1062; baseline 0.003 -23"><span class='ocrx_word' id='word_1_28' title='bbox 269 993 491 1056; x_wconf 74' lang='lat' dir='ltr'>concessum,</span> <span class='ocrx_word' id='word_1_29' title='bbox 508 979 788 1062; x_wconf 88' lang='lat' dir='ltr'>quibuscumque</span> <span class='ocrx_word' id='word_1_30' title='bbox 801 981 916 1062; x_wconf 91' lang='lat' dir='ltr'>potuit</span> <span class='ocrx_word' id='word_1_31' title='bbox 937 979 1225 1059; x_wconf 85' lang='lat' dir='ltr'>communicavit,</span> <span class='ocrx_word' id='word_1_32' title='bbox 1235 980 1324 1061; x_wconf 89' lang='lat' dir='ltr'>quia</span> <span class='ocrx_word' id='word_1_33' title='bbox 1339 998 1508 1060; x_wconf 78' lang='lat' dir='ltr'>nonper-</span> 
     </span>
     <span class='ocr_line' id='line_1_6' title="bbox 268 1083 1506 1169; baseline 0.004 -24"><span class='ocrx_word' id='word_1_34' title='bbox 268 1083 363 1147; x_wconf 91' lang='lat' dir='ltr'>misit</span> <span class='ocrx_word' id='word_1_35' title='bbox 375 1083 677 1167; x_wconf 88' lang='lat' dir='ltr'>Archiepiscopus</span> <span class='ocrx_word' id='word_1_36' title='bbox 691 1087 698 1118; x_wconf 84' lang='lat'><em>¹</em></span> <span class='ocrx_word' id='word_1_37' title='bbox 712 1099 750 1152; x_wconf 86' lang='lat' dir='ltr'>ut</span> <span class='ocrx_word' id='word_1_38' title='bbox 758 1087 927 1152; x_wconf 90' lang='lat' dir='ltr'>Coloniae</span> <span class='ocrx_word' id='word_1_39' title='bbox 936 1088 1189 1169; x_wconf 86' lang='lat' dir='ltr'>publicaretur;</span> <span class='ocrx_word' id='word_1_40' title='bbox 1201 1086 1400 1166; x_wconf 88' lang='lat' dir='ltr'>hujusmodi</span> <span class='ocrx_word' id='word_1_41' title='bbox 1408 1087 1506 1152; x_wconf 64' lang='lat' dir='ltr'>enim,</span> 
     </span>
     <span class='ocr_line' id='line_1_7' title="bbox 267 1191 1506 1274; baseline 0.003 -22"><span class='ocrx_word' id='word_1_42' title='bbox 267 1199 370 1254; x_wconf 88' lang='lat' dir='ltr'>erant</span> <span class='ocrx_word' id='word_1_43' title='bbox 396 1191 563 1256; x_wconf 84' lang='lat' dir='ltr'>catholici</span> <span class='ocrx_word' id='word_1_44' title='bbox 589 1191 664 1272; x_wconf 88' lang='lat' dir='ltr'>ejus</span> <span class='ocrx_word' id='word_1_45' title='bbox 688 1194 908 1274; x_wconf 85' lang='lat' dir='ltr'>provinciae,</span> <span class='ocrx_word' id='word_1_46' title='bbox 936 1203 974 1258; x_wconf 90' lang='lat' dir='ltr'>ut</span> <span class='ocrx_word' id='word_1_47' title='bbox 988 1195 1153 1258; x_wconf 87' lang='lat' dir='ltr'>timerent</span> <span class='ocrx_word' id='word_1_48' title='bbox 1175 1192 1379 1274; x_wconf 87' lang='lat' dir='ltr'>hujusmodi</span> <span class='ocrx_word' id='word_1_49' title='bbox 1401 1192 1506 1260; x_wconf 83' lang='lat' dir='ltr'>Sedis</span> 
     </span>
     <span class='ocr_line' id='line_1_8' title="bbox 267 1295 1511 1381; baseline 0.002 -21"><span class='ocrx_word' id='word_1_50' title='bbox 267 1295 501 1377; x_wconf 82' lang='lat' dir='ltr'>Apostolicae</span> <span class='ocrx_word' id='word_1_51' title='bbox 515 1299 765 1364; x_wconf 86' lang='lat' dir='ltr'>liberalitatem</span> <span class='ocrx_word' id='word_1_52' title='bbox 778 1300 898 1381; x_wconf 90' lang='lat' dir='ltr'>potius</span> <span class='ocrx_word' id='word_1_53' title='bbox 913 1301 1069 1365; x_wconf 89' lang='lat' dir='ltr'><strong>irrisioni</strong></span> <span class='ocrx_word' id='word_1_54' title='bbox 1083 1319 1191 1381; x_wconf 92' lang='lat' dir='ltr'>quam</span> <span class='ocrx_word' id='word_1_55' title='bbox 1203 1300 1439 1365; x_wconf 86' lang='lat' dir='ltr'>aedificationi</span> <span class='ocrx_word' id='word_1_56' title='bbox 1453 1299 1511 1363; x_wconf 82' lang='lat' dir='ltr'>fu—</span> 
     </span>
     <span class='ocr_line' id='line_1_9' title="bbox 268 1406 1504 1488; baseline 0 -22"><span class='ocrx_word' id='word_1_57' title='bbox 268 1415 396 1479; x_wconf 86' lang='lat' dir='ltr'>turam;</span> <span class='ocrx_word' id='word_1_58' title='bbox 415 1407 577 1484; x_wconf 88' lang='lat' dir='ltr'><strong>plurimis</strong></span> <span class='ocrx_word' id='word_1_59' title='bbox 592 1415 711 1472; x_wconf 89' lang='lat' dir='ltr'>tamen</span> <span class='ocrx_word' id='word_1_60' title='bbox 731 1408 883 1488; x_wconf 86' lang='lat' dir='ltr'>privatis</span> <span class='ocrx_word' id='word_1_61' title='bbox 900 1406 1093 1487; x_wconf 86' lang='lat' dir='ltr'>jubilaeum</span> <span class='ocrx_word' id='word_1_62' title='bbox 1114 1408 1414 1473; x_wconf 90' lang='lat' dir='ltr'>communicatum</span> <span class='ocrx_word' id='word_1_63' title='bbox 1436 1418 1504 1470; x_wconf 83' lang='lat' dir='ltr'>est.</span> 
     </span>
     <span class='ocr_line' id='line_1_10' title="bbox 267 1511 1504 1596; baseline 0.005 -22"><span class='ocrx_word' id='word_1_64' title='bbox 267 1511 426 1592; x_wconf 85' lang='lat' dir='ltr'>Populus</span> <span class='ocrx_word' id='word_1_65' title='bbox 435 1512 668 1592; x_wconf 88' lang='lat' dir='ltr'>Coloniensis,</span> <span class='ocrx_word' id='word_1_66' title='bbox 685 1515 744 1596; x_wconf 93' lang='lat' dir='ltr'>qui</span> <span class='ocrx_word' id='word_1_67' title='bbox 761 1515 932 1581; x_wconf 89' lang='lat' dir='ltr'>vacillare</span> <span class='ocrx_word' id='word_1_68' title='bbox 947 1515 1137 1578; x_wconf 87' lang='lat' dir='ltr'>videbatur</span> <span class='ocrx_word' id='word_1_69' title='bbox 1151 1514 1187 1577; x_wconf 91' lang='lat' dir='ltr'>in</span> <span class='ocrx_word' id='word_1_70' title='bbox 1202 1515 1307 1580; x_wconf 89' lang='lat' dir='ltr'>rebus</span> <span class='ocrx_word' id='word_1_71' title='bbox 1321 1513 1413 1592; x_wconf 87' lang='lat' dir='ltr'>fidei,</span> <span class='ocrx_word' id='word_1_72' title='bbox 1426 1511 1504 1592; x_wconf 86' lang='lat' dir='ltr'>jam</span> 
     </span>
     <span class='ocr_line' id='line_1_11' title="bbox 258 1619 1501 1701; baseline 0.001 -19"><span class='ocrx_word' id='word_1_73' title='bbox 258 1619 393 1684; x_wconf 88' lang='lat' dir='ltr'>melius</span> <span class='ocrx_word' id='word_1_74' title='bbox 407 1620 539 1690; x_wconf 83' lang='lat' dir='ltr'>sentire</span> <span class='ocrx_word' id='word_1_75' title='bbox 554 1621 672 1701; x_wconf 90' lang='lat' dir='ltr'>coepit</span> <span class='ocrx_word' id='word_1_76' title='bbox 685 1621 721 1685; x_wconf 94' lang='lat' dir='ltr'>in</span> <span class='ocrx_word' id='word_1_77' title='bbox 737 1619 840 1700; x_wconf 89' lang='lat' dir='ltr'>hujus</span> <span class='ocrx_word' id='word_1_78' title='bbox 856 1622 941 1688; x_wconf 85' lang='lat' dir='ltr'>anni</span> <span class='ocrx_word' id='word_1_79' title='bbox 956 1637 1160 1701; x_wconf 85' lang='lat' dir='ltr'>progressu,</span> <span class='ocrx_word' id='word_1_80' title='bbox 1176 1637 1257 1684; x_wconf 89' lang='lat' dir='ltr'>cum</span> <span class='ocrx_word' id='word_1_81' title='bbox 1272 1621 1501 1685; x_wconf 89' lang='lat' dir='ltr'>concionato-</span> 
     </span>
     <span class='ocr_line' id='line_1_12' title="bbox 267 1725 1505 1808; baseline -0.001 -18"><span class='ocrx_word' id='word_1_82' title='bbox 267 1742 347 1790; x_wconf 85' lang='lat' dir='ltr'>rum</span> <span class='ocrx_word' id='word_1_83' title='bbox 361 1726 636 1804; x_wconf 89' lang='lat' dir='ltr'>haereticorum,</span> <span class='ocrx_word' id='word_1_84' title='bbox 654 1728 714 1807; x_wconf 93' lang='lat' dir='ltr'>qui</span> <span class='ocrx_word' id='word_1_85' title='bbox 729 1725 831 1808; x_wconf 90' lang='lat' dir='ltr'>ejecti</span> <span class='ocrx_word' id='word_1_86' title='bbox 841 1727 994 1806; x_wconf 85' lang='lat' dir='ltr'>fuerant,</span> <span class='ocrx_word' id='word_1_87' title='bbox 1008 1728 1146 1808; x_wconf 90' lang='lat' dir='ltr'>impura</span> <span class='ocrx_word' id='word_1_88' title='bbox 1159 1728 1234 1792; x_wconf 89' lang='lat' dir='ltr'>vita</span> <span class='ocrx_word' id='word_1_89' title='bbox 1247 1727 1362 1806; x_wconf 83' lang='lat' dir='ltr'>magis</span> <span class='ocrx_word' id='word_1_90' title='bbox 1377 1727 1413 1791; x_wconf 94' lang='lat' dir='ltr'>in</span> <span class='ocrx_word' id='word_1_91' title='bbox 1423 1726 1505 1790; x_wconf 92' lang='lat' dir='ltr'>dies</span> 
     </span>
     <span class='ocr_line' id='line_1_13' title="bbox 268 1834 1504 1924; baseline 0 -28"><span class='ocrx_word' id='word_1_92' title='bbox 268 1834 517 1913; x_wconf 87' lang='lat' dir='ltr'>innotesceret;</span> <span class='ocrx_word' id='word_1_93' title='bbox 534 1843 569 1898; x_wconf 90' lang='lat' dir='ltr'>et</span> <span class='ocrx_word' id='word_1_94' title='bbox 584 1835 614 1898; x_wconf 90' lang='lat' dir='ltr'>si</span> <span class='ocrx_word' id='word_1_95' title='bbox 626 1835 735 1915; x_wconf 83' lang='lat' dir='ltr'>aliqui</span> <span class='ocrx_word' id='word_1_96' title='bbox 750 1851 873 1898; x_wconf 90' lang='lat' dir='ltr'>eorum</span> <span class='ocrx_word' id='word_1_97' title='bbox 888 1835 974 1915; x_wconf 85' lang='lat' dir='ltr'>suga</span> <span class='ocrx_word' id='word_1_98' title='bbox 988 1835 1056 1900; x_wconf 88' lang='lat' dir='ltr'>sibi</span> <span class='ocrx_word' id='word_1_99' title='bbox 1070 1853 1142 1898; x_wconf 92' lang='lat' dir='ltr'>non</span> <span class='ocrx_word' id='word_1_100' title='bbox 1153 1834 1425 1912; x_wconf 89' lang='lat' dir='ltr'>consuluissent,</span> <span class='ocrx_word' id='word_1_101' title='bbox 1438 1849 1504 1924; x_wconf 76' lang='lat' dir='ltr'>pu·¹</span> 
     </span>
     <span class='ocr_line' id='line_1_14' title="bbox 272 1938 1007 2021; baseline 0.005 -20"><span class='ocrx_word' id='word_1_102' title='bbox 272 1938 364 2004; x_wconf 90' lang='lat' dir='ltr'>bllce</span> <span class='ocrx_word' id='word_1_103' title='bbox 381 1939 459 2007; x_wconf 90' lang='lat' dir='ltr'>illos</span> <span class='ocrx_word' id='word_1_104' title='bbox 475 1939 583 2010; x_wconf 86' lang='lat' dir='ltr'>luisse</span> <span class='ocrx_word' id='word_1_105' title='bbox 598 1941 795 2021; x_wconf 88' lang='lat' dir='ltr'>puniendos</span> <span class='ocrx_word' id='word_1_106' title='bbox 809 1943 903 2006; x_wconf 86' lang='lat' dir='ltr'>lama</span> <span class='ocrx_word' id='word_1_107' title='bbox 919 1951 1007 2008; x_wconf 85' lang='lat' dir='ltr'>erat.</span> 
     </span>
    </p>

    <p class='ocr_par' dir='ltr' id='par_1_3' title="bbox 266 2045 1508 2983">
     <span class='ocr_line' id='line_1_15' title="bbox 329 2045 1505 2130; baseline 0.005 -23"><span class='ocrx_word' id='word_1_108' title='bbox 329 2045 400 2108; x_wconf 87' lang='lat'>775.</span> <span class='ocrx_word' id='word_1_109' title='bbox 443 2045 555 2110; x_wconf 88' lang='lat' dir='ltr'>Facta</span> <span class='ocrx_word' id='word_1_110' title='bbox 569 2046 634 2110; x_wconf 85' lang='lat' dir='ltr'>suit</span> <span class='ocrx_word' id='word_1_111' title='bbox 647 2059 766 2112; x_wconf 87' lang='lat' dir='ltr'>autem</span> <span class='ocrx_word' id='word_1_112' title='bbox 782 2051 951 2116; x_wconf 89' lang='lat' dir='ltr'>solemnis</span> <span class='ocrx_word' id='word_1_113' title='bbox 964 2048 1164 2130; x_wconf 87' lang='lat' dir='ltr'>deportatio</span> <span class='ocrx_word' id='word_1_114' title='bbox 1179 2045 1278 2117; x_wconf 52' lang='lat' dir='ltr'>Sami</span> <span class='ocrx_word' id='word_1_115' title='bbox 1292 2046 1505 2113; x_wconf 85' lang='lat' dir='ltr'>Sacramen-</span> 
     </span>
     <span class='ocr_line' id='line_1_16' title="bbox 268 2152 1503 2235; baseline 0.005 -20"><span class='ocrx_word' id='word_1_116' title='bbox 268 2152 311 2228; x_wconf 88' lang='lat' dir='ltr'>ti,</span> <span class='ocrx_word' id='word_1_117' title='bbox 327 2152 406 2232; x_wconf 90' lang='lat' dir='ltr'>ipso</span> <span class='ocrx_word' id='word_1_118' title='bbox 424 2153 704 2235; x_wconf 90' lang='lat' dir='ltr'>Archiepiscopo</span> <span class='ocrx_word' id='word_1_119' title='bbox 725 2153 815 2219; x_wconf 52' lang='grc' dir='ltr'>8811ι</span> <span class='ocrx_word' id='word_1_120' title='bbox 830 2153 1099 2220; x_wconf 85' lang='lat' dir='ltr'>Sacramentum</span> <span class='ocrx_word' id='word_1_121' title='bbox 1114 2155 1312 2233; x_wconf 80' lang='lat' dir='ltr'>deferente,</span> <span class='ocrx_word' id='word_1_122' title='bbox 1330 2172 1441 2235; x_wconf 89' lang='lat' dir='ltr'>usque</span> <span class='ocrx_word' id='word_1_123' title='bbox 1455 2153 1503 2221; x_wconf 87' lang='lat' dir='ltr'>ad</span> 
     </span>
     <span class='ocr_line' id='line_1_17' title="bbox 268 2259 1508 2343; baseline 0.003 -21"><span class='ocrx_word' id='word_1_124' title='bbox 268 2270 393 2340; x_wconf 90' lang='lat' dir='ltr'>portas</span> <span class='ocrx_word' id='word_1_125' title='bbox 409 2259 578 2340; x_wconf 68' lang='lat' dir='ltr'>civitatis</span> <span class='ocrx_word' id='word_1_126' title='bbox 597 2262 633 2325; x_wconf 92' lang='lat' dir='ltr'>in</span> <span class='ocrx_word' id='word_1_127' title='bbox 649 2279 718 2342; x_wconf 91' lang='lat' dir='ltr'>qua</span> <span class='ocrx_word' id='word_1_128' title='bbox 734 2262 804 2327; x_wconf 93' lang='lat' dir='ltr'>duo</span> <span class='ocrx_word' id='word_1_129' title='bbox 820 2263 887 2326; x_wconf 90' lang='lat' dir='ltr'>viri</span> <span class='ocrx_word' id='word_1_130' title='bbox 904 2279 942 2326; x_wconf 89' lang='lat' dir='ltr'>se</span> <span class='ocrx_word' id='word_1_131' title='bbox 957 2263 1157 2328; x_wconf 87' lang='lat' dir='ltr'>haereticos</span> <span class='ocrx_word' id='word_1_132' title='bbox 1177 2262 1422 2343; x_wconf 87' lang='lat' dir='ltr'>prodiderunt.</span> <span class='ocrx_word' id='word_1_133' title='bbox 1437 2261 1508 2329; x_wconf 78' lang='lat' dir='ltr'>,Al—</span> 
     </span>
     <span class='ocr_line' id='line_1_18' title="bbox 268 2367 1505 2449; baseline 0.002 -20"><span class='ocrx_word' id='word_1_134' title='bbox 268 2375 322 2429; x_wconf 90' lang='lat' dir='ltr'>ter</span> <span class='ocrx_word' id='word_1_135' title='bbox 337 2367 431 2431; x_wconf 90' lang='lat' dir='ltr'>enim</span> <span class='ocrx_word' id='word_1_136' title='bbox 446 2369 602 2431; x_wconf 90' lang='lat' dir='ltr'>clamare</span> <span class='ocrx_word' id='word_1_137' title='bbox 618 2370 733 2449; x_wconf 92' lang='lat' dir='ltr'>coepit</span> <span class='ocrx_word' id='word_1_138' title='bbox 754 2379 879 2435; x_wconf 90' lang='lat' dir='ltr'>contra</span> <span class='ocrx_word' id='word_1_139' title='bbox 895 2367 1029 2434; x_wconf 68' lang='grc' dir='ltr'>83.ῃιιιῃ</span> <span class='ocrx_word' id='word_1_140' title='bbox 1043 2369 1322 2447; x_wconf 85' lang='lat' dir='ltr'>Eucharistiam,</span> <span class='ocrx_word' id='word_1_141' title='bbox 1339 2371 1429 2433; x_wconf 87' lang='lat' dir='ltr'>alter</span> <span class='ocrx_word' id='word_1_142' title='bbox 1443 2386 1505 2432; x_wconf 83' lang='lat' dir='ltr'>ex—</span> 
     </span>
     <span class='ocr_line' id='line_1_19' title="bbox 267 2474 1499 2556; baseline 0.002 -20"><span class='ocrx_word' id='word_1_143' title='bbox 267 2474 378 2538; x_wconf 90' lang='lat' dir='ltr'>ternis</span> <span class='ocrx_word' id='word_1_144' title='bbox 394 2475 507 2554; x_wconf 83' lang='lat' dir='ltr'>signis</span> <span class='ocrx_word' id='word_1_145' title='bbox 521 2476 682 2540; x_wconf 86' lang='lat' dir='ltr'>eamdem</span> <span class='ocrx_word' id='word_1_146' title='bbox 697 2476 914 2556; x_wconf 82' lang='lat' dir='ltr'>impietatem</span> <span class='ocrx_word' id='word_1_147' title='bbox 935 2493 1021 2556; x_wconf 87' lang='lat' dir='ltr'>prae</span> <span class='ocrx_word' id='word_1_148' title='bbox 1041 2493 1080 2540; x_wconf 94' lang='lat' dir='ltr'>se</span> <span class='ocrx_word' id='word_1_149' title='bbox 1101 2475 1256 2539; x_wconf 85' lang='lat' dir='ltr'>ferebat:</span> <span class='ocrx_word' id='word_1_150' title='bbox 1277 2485 1425 2556; x_wconf 88' lang='lat' dir='ltr'>uterque</span> <span class='ocrx_word' id='word_1_151' title='bbox 1440 2491 1499 2538; x_wconf 92' lang='lat' dir='ltr'>au·</span> 
     </span>
     <span class='ocr_line' id='line_1_20' title="bbox 267 2580 1501 2663; baseline 0.002 -20"><span class='ocrx_word' id='word_1_152' title='bbox 267 2590 338 2646; x_wconf 91' lang='lat' dir='ltr'>tem</span> <span class='ocrx_word' id='word_1_153' title='bbox 353 2592 480 2660; x_wconf 90' lang='lat' dir='ltr'>captus</span> <span class='ocrx_word' id='word_1_154' title='bbox 495 2591 559 2662; x_wconf 90' lang='lat' dir='ltr'>est,</span> <span class='ocrx_word' id='word_1_155' title='bbox 578 2591 615 2646; x_wconf 90' lang='lat' dir='ltr'>ut</span> <span class='ocrx_word' id='word_1_156' title='bbox 629 2583 768 2649; x_wconf 89' lang='lat' dir='ltr'>luerent</span> <span class='ocrx_word' id='word_1_157' title='bbox 782 2583 836 2646; x_wconf 92' lang='lat' dir='ltr'>sui</span> <span class='ocrx_word' id='word_1_158' title='bbox 856 2583 1004 2648; x_wconf 91' lang='lat' dir='ltr'>sceleris</span> <span class='ocrx_word' id='word_1_159' title='bbox 1018 2600 1152 2663; x_wconf 88' lang='lat' dir='ltr'>poenas</span> <span class='ocrx_word' id='word_1_160' title='bbox 1166 2580 1189 2641; x_wconf 87' lang='lat'>¹.</span> <span class='ocrx_word' id='word_1_161' title='bbox 1205 2581 1329 2662; x_wconf 88' lang='lat' dir='ltr'>Itaque</span> <span class='ocrx_word' id='word_1_162' title='bbox 1346 2591 1501 2646; x_wconf 89' lang='lat' dir='ltr'>mentem</span> 
     </span>
     <span class='ocr_line' id='line_1_21' title="bbox 267 2688 1505 2770; baseline 0 -19"><span class='ocrx_word' id='word_1_163' title='bbox 267 2689 481 2753; x_wconf 90' lang='lat' dir='ltr'>catholicam</span> <span class='ocrx_word' id='word_1_164' title='bbox 498 2690 706 2754; x_wconf 87' lang='lat' dir='ltr'>ostendebat</span> <span class='ocrx_word' id='word_1_165' title='bbox 725 2700 870 2755; x_wconf 87' lang='lat' dir='ltr'>senatus</span> <span class='ocrx_word' id='word_1_166' title='bbox 890 2708 933 2754; x_wconf 90' lang='lat' dir='ltr'>ac</span> <span class='ocrx_word' id='word_1_167' title='bbox 947 2690 1190 2770; x_wconf 83' lang='lat' dir='ltr'>magistratus.</span> <span class='ocrx_word' id='word_1_168' title='bbox 1206 2689 1245 2754; x_wconf 93' lang='lat' dir='ltr'>In</span> <span class='ocrx_word' id='word_1_169' title='bbox 1260 2688 1505 2754; x_wconf 80' lang='lat' dir='ltr'>Universitato</span> 
     </span>
     <span class='ocr_line' id='line_1_22' title="bbox 266 2795 1505 2878; baseline 0 -19"><span class='ocrx_word' id='word_1_170' title='bbox 266 2807 386 2870; x_wconf 83' lang='lat' dir='ltr'>tamen</span> <span class='ocrx_word' id='word_1_171' title='bbox 402 2795 604 2861; x_wconf 89' lang='lat' dir='ltr'>Coloniensi</span> <span class='ocrx_word' id='word_1_172' title='bbox 619 2799 735 2864; x_wconf 91' lang='lat' dir='ltr'>nullus</span> <span class='ocrx_word' id='word_1_173' title='bbox 757 2809 834 2862; x_wconf 89' lang='lat' dir='ltr'>erat</span> <span class='ocrx_word' id='word_1_174' title='bbox 853 2798 1008 2876; x_wconf 89' lang='lat' dir='ltr'>Doctor‚</span> <span class='ocrx_word' id='word_1_175' title='bbox 1032 2798 1092 2878; x_wconf 92' lang='lat' dir='ltr'>qui</span> <span class='ocrx_word' id='word_1_176' title='bbox 1110 2800 1169 2861; x_wconf 85' lang='lat' dir='ltr'>vel</span> <span class='ocrx_word' id='word_1_177' title='bbox 1188 2814 1296 2861; x_wconf 90' lang='lat' dir='ltr'>unam</span> <span class='ocrx_word' id='word_1_178' title='bbox 1314 2797 1505 2861; x_wconf 88' lang='lat' dir='ltr'>lectionem</span> 
     </span>
     <span class='ocr_line' id='line_1_23' title="bbox 266 2902 1504 2983; baseline 0 -18"><span class='ocrx_word' id='word_1_179' title='bbox 266 2919 407 2965; x_wconf 88' lang='lat' dir='ltr'>sacram</span> <span class='ocrx_word' id='word_1_180' title='bbox 432 2905 654 2983; x_wconf 81' lang='lat' dir='ltr'>praelegeret</span> <span class='ocrx_word' id='word_1_181' title='bbox 679 2902 701 2967; x_wconf 78' lang='lat'>⁸.</span> <span class='ocrx_word' id='word_1_182' title='bbox 732 2904 833 2968; x_wconf 89' lang='lat' dir='ltr'>Unde</span> <span class='ocrx_word' id='word_1_183' title='bbox 859 2905 1025 2969; x_wconf 90' lang='lat' dir='ltr'>libentius</span> <span class='ocrx_word' id='word_1_184' title='bbox 1050 2904 1174 2983; x_wconf 86' lang='lat' dir='ltr'>nostri,</span> <span class='ocrx_word' id='word_1_185' title='bbox 1200 2904 1346 2981; x_wconf 86' lang='lat' dir='ltr'>scilicet,</span> <span class='ocrx_word' id='word_1_186' title='bbox 1375 2902 1504 2967; x_wconf 88' lang='lat' dir='ltr'>Patres</span> 
     </span>
    </p>
   </div>
   <div class='ocr_carea' id='block_1_3' title="bbox 253 3097 1507 4802">
    <p class='ocr_par' dir='ltr' id='par_1_4' title="bbox 265 3097 1507 3287">
     <span class='ocr_line' id='line_1_24' title="bbox 266 3097 1507 3155; baseline 0 -12"><span class='ocrx_word' id='word_1_187' title='bbox 266 3100 305 3143; x_wconf 84' lang='lat' dir='ltr'>ael</span> <span class='ocrx_word' id='word_1_188' title='bbox 314 3106 340 3143; x_wconf 90' lang='lat' dir='ltr'>et</span> <span class='ocrx_word' id='word_1_189' title='bbox 352 3097 512 3143; x_wconf 82' lang='lat' dir='ltr'>Societatem</span> <span class='ocrx_word' id='word_1_190' title='bbox 523 3100 684 3147; x_wconf 82' lang='lat' dir='ltr'>tumultibus.</span> <span class='ocrx_word' id='word_1_191' title='bbox 692 3100 805 3155; x_wconf 67' lang='lat' dir='ltr'>iisque</span> <span class='ocrx_word' id='word_1_192' title='bbox 814 3100 1022 3147; x_wconf 78' lang='lat' dir='ltr'>Baauasasaoaa</span> <span class='ocrx_word' id='word_1_193' title='bbox 1031 3101 1119 3149; x_wconf 84' lang='lat' dir='ltr'>habet,</span> <span class='ocrx_word' id='word_1_194' title='bbox 1131 3100 1276 3154; x_wconf 84' lang='lat' dir='ltr'>conjuncta,</span> <span class='ocrx_word' id='word_1_195' title='bbox 1283 3100 1413 3155; x_wconf 81' lang='lat' dir='ltr'>juvabunt</span> <span class='ocrx_word' id='word_1_196' title='bbox 1422 3100 1507 3144; x_wconf 84' lang='lat' dir='ltr'>maxi—</span> 
     </span>
     <span class='ocr_line' id='line_1_25' title="bbox 265 3170 1505 3225; baseline 0.002 -12"><span class='ocrx_word' id='word_1_197' title='bbox 265 3181 306 3213; x_wconf 89' lang='lat' dir='ltr'>me</span> <span class='ocrx_word' id='word_1_198' title='bbox 321 3170 354 3213; x_wconf 90' lang='lat' dir='ltr'>ad</span> <span class='ocrx_word' id='word_1_199' title='bbox 370 3171 536 3225; x_wconf 85' lang='lat' dir='ltr'>complendas</span> <span class='ocrx_word' id='word_1_200' title='bbox 551 3178 576 3213; x_wconf 88' lang='lat' dir='ltr'>et</span> <span class='ocrx_word' id='word_1_201' title='bbox 593 3171 617 3215; x_wconf 90' lang='lat' dir='ltr'>in</span> <span class='ocrx_word' id='word_1_202' title='bbox 633 3170 787 3225; x_wconf 82' lang='lat' dir='ltr'>quibusdam</span> <span class='ocrx_word' id='word_1_203' title='bbox 804 3172 978 3215; x_wconf 84' lang='lat' dir='ltr'>emendandas</span> <span class='ocrx_word' id='word_1_204' title='bbox 994 3170 1197 3218; x_wconf 80' lang='lat' dir='ltr'>Rarrrauaaaon</span> <span class='ocrx_word' id='word_1_205' title='bbox 1214 3179 1240 3213; x_wconf 89' lang='lat' dir='ltr'>et</span> <span class='ocrx_word' id='word_1_206' title='bbox 1257 3170 1505 3216; x_wconf 78' lang='lat' dir='ltr'>Oasaumurnarra-</span> 
     </span>
     <span class='ocr_line' id='line_1_26' title="bbox 266 3250 359 3287; baseline 0.043 -4"><span class='ocrx_word' id='word_1_207' title='bbox 266 3250 359 3287; x_wconf 80' lang='lat' dir='ltr'>tiones.</span> 
     </span>
    </p>

    <p class='ocr_par' dir='ltr' id='par_1_5' title="bbox 262 3310 1506 3723">
     <span class='ocr_line' id='line_1_27' title="bbox 306 3310 1506 3367; baseline -0.001 -10"><span class='ocrx_word' id='word_1_208' title='bbox 306 3312 392 3365; x_wconf 79' lang='lat' dir='ltr'>“Quae</span> <span class='ocrx_word' id='word_1_209' title='bbox 402 3312 432 3355; x_wconf 89' lang='lat' dir='ltr'>de</span> <span class='ocrx_word' id='word_1_210' title='bbox 444 3311 561 3361; x_wconf 80' lang='lat' dir='ltr'>Keaaelio</span> <span class='ocrx_word' id='word_1_211' title='bbox 571 3322 597 3355; x_wconf 86' lang='lat' dir='ltr'>a.</span> <span class='ocrx_word' id='word_1_212' title='bbox 608 3311 660 3355; x_wconf 73' lang='lat' dir='ltr'>test</span> <span class='ocrx_word' id='word_1_213' title='bbox 670 3310 860 3366; x_wconf 79' lang='lat' dir='ltr'>Noviomagum</span> <span class='ocrx_word' id='word_1_214' title='bbox 871 3312 989 3365; x_wconf 86' lang='lat' dir='ltr'>prolecto</span> <span class='ocrx_word' id='word_1_215' title='bbox 1005 3313 1113 3367; x_wconf 82' lang='lat' dir='ltr'>indeque</span> <span class='ocrx_word' id='word_1_216' title='bbox 1128 3321 1236 3359; x_wconf 78' lang='lat' dir='ltr'>senatus</span> <span class='ocrx_word' id='word_1_217' title='bbox 1250 3316 1367 3359; x_wconf 87' lang='lat' dir='ltr'>consulto</span> <span class='ocrx_word' id='word_1_218' title='bbox 1377 3316 1506 3361; x_wconf 78' lang='lat' dir='ltr'>excedere</span> 
     </span>
     <span class='ocr_line' id='line_1_28' title="bbox 264 3382 1502 3441; baseline 0.002 -14"><span class='ocrx_word' id='word_1_219' title='bbox 264 3384 333 3428; x_wconf 79' lang='lat' dir='ltr'>iusso</span> <span class='ocrx_word' id='word_1_220' title='bbox 343 3383 424 3427; x_wconf 78' lang='lat' dir='ltr'>refert</span> <span class='ocrx_word' id='word_1_221' title='bbox 437 3382 619 3436; x_wconf 72' lang='lat' dir='ltr'>Reiffenberg,</span> <span class='ocrx_word' id='word_1_222' title='bbox 630 3384 636 3425; x_wconf 98' lang='lat' dir='ltr'>l</span> <span class='ocrx_word' id='word_1_223' title='bbox 658 3394 689 3431; x_wconf 90' lang='lat' dir='ltr'>c.,</span> <span class='ocrx_word' id='word_1_224' title='bbox 698 3382 741 3427; x_wconf 88' lang='lat' dir='ltr'>llb.</span> <span class='ocrx_word' id='word_1_225' title='bbox 749 3383 769 3435; x_wconf 81' lang='lat'>2,</span> <span class='ocrx_word' id='word_1_226' title='bbox 779 3394 801 3425; x_wconf 90' lang='lat' dir='ltr'>c.</span> <span class='ocrx_word' id='word_1_227' title='bbox 811 3382 833 3436; x_wconf 83' lang='lat'>8,</span> <span class='ocrx_word' id='word_1_228' title='bbox 843 3394 860 3427; x_wconf 87' lang='lat' dir='ltr'>a</span> <span class='ocrx_word' id='word_1_229' title='bbox 872 3382 1117 3437; x_wconf 72' lang='lat' dir='ltr'>Goraetnagnatlus</span> <span class='ocrx_word' id='word_1_230' title='bbox 1124 3397 1174 3429; x_wconf 84' lang='lat' dir='ltr'>von</span> <span class='ocrx_word' id='word_1_231' title='bbox 1182 3384 1283 3441; x_wconf 85' lang='lat' dir='ltr'>Loyola</span> <span class='ocrx_word' id='word_1_232' title='bbox 1290 3386 1341 3428; x_wconf 91' lang='lat' dir='ltr'>und</span> <span class='ocrx_word' id='word_1_233' title='bbox 1349 3386 1390 3429; x_wconf 88' lang='lat' dir='ltr'>die</span> <span class='ocrx_word' id='word_1_234' title='bbox 1398 3385 1502 3439; x_wconf 65' lang='lat' dir='ltr'>Gegene</span> 
     </span>
     <span class='ocr_line' id='line_1_29' title="bbox 262 3454 1502 3511; baseline -0.001 -12"><span class='ocrx_word' id='word_1_235' title='bbox 262 3455 440 3499; x_wconf 78' lang='lat' dir='ltr'>reformation.</span> <span class='ocrx_word' id='word_1_236' title='bbox 450 3466 475 3509; x_wconf 90' lang='lat' dir='ltr'>p.</span> <span class='ocrx_word' id='word_1_237' title='bbox 485 3454 533 3497; x_wconf 71' lang='lat'>751.</span> <span class='ocrx_word' id='word_1_238' title='bbox 545 3454 594 3497; x_wconf 84' lang='lat' dir='ltr'>795l</span> <span class='ocrx_word' id='word_1_239' title='bbox 604 3465 695 3509; x_wconf 83' lang='lat' dir='ltr'>parum</span> <span class='ocrx_word' id='word_1_240' title='bbox 704 3454 842 3507; x_wconf 82' lang='lat' dir='ltr'>diligenter</span> <span class='ocrx_word' id='word_1_241' title='bbox 852 3456 921 3499; x_wconf 90' lang='lat' dir='ltr'>lecta</span> <span class='ocrx_word' id='word_1_242' title='bbox 932 3462 957 3498; x_wconf 83' lang='lat' dir='ltr'>et</span> <span class='ocrx_word' id='word_1_243' title='bbox 969 3455 1001 3498; x_wconf 88' lang='lat' dir='ltr'>ad</span> <span class='ocrx_word' id='word_1_244' title='bbox 1012 3455 1144 3501; x_wconf 76' lang='lat' dir='ltr'>Conlatum</span> <span class='ocrx_word' id='word_1_245' title='bbox 1154 3468 1292 3511; x_wconf 83' lang='lat' dir='ltr'>perperam</span> <span class='ocrx_word' id='word_1_246' title='bbox 1303 3459 1419 3501; x_wconf 83' lang='lat' dir='ltr'>tanslata</span> <span class='ocrx_word' id='word_1_247' title='bbox 1431 3460 1502 3501; x_wconf 79' lang='lat' dir='ltr'>aunt:</span> 
     </span>
     <span class='ocr_line' id='line_1_30' title="bbox 263 3525 1501 3582; baseline 0.001 -11"><span class='ocrx_word' id='word_1_248' title='bbox 263 3526 342 3571; x_wconf 85' lang='lat' dir='ltr'>Certe</span> <span class='ocrx_word' id='word_1_249' title='bbox 350 3527 469 3581; x_wconf 85' lang='lat' dir='ltr'>epistulis</span> <span class='ocrx_word' id='word_1_250' title='bbox 480 3538 495 3569; x_wconf 90' lang='lat' dir='ltr'>a</span> <span class='ocrx_word' id='word_1_251' title='bbox 505 3526 609 3569; x_wconf 73' lang='lat' dir='ltr'>canisio</span> <span class='ocrx_word' id='word_1_252' title='bbox 617 3536 641 3569; x_wconf 84' lang='lat' dir='ltr'>a.</span> <span class='ocrx_word' id='word_1_253' title='bbox 654 3525 773 3569; x_wconf 74' lang='lat' dir='ltr'>tota-1556</span> <span class='ocrx_word' id='word_1_254' title='bbox 782 3526 858 3575; x_wconf 82' lang='lat' dir='ltr'>datia,</span> <span class='ocrx_word' id='word_1_255' title='bbox 868 3537 933 3581; x_wconf 80' lang='lat' dir='ltr'>quas</span> <span class='ocrx_word' id='word_1_256' title='bbox 942 3538 1022 3581; x_wconf 81' lang='lat' dir='ltr'>supra</span> <span class='ocrx_word' id='word_1_257' title='bbox 1030 3529 1170 3582; x_wconf 86' lang='lat' dir='ltr'>posuimus,</span> <span class='ocrx_word' id='word_1_258' title='bbox 1181 3528 1310 3574; x_wconf 82' lang='lat' dir='ltr'>evincitur</span> <span class='ocrx_word' id='word_1_259' title='bbox 1320 3530 1387 3572; x_wconf 86' lang='lat' dir='ltr'>hunc</span> <span class='ocrx_word' id='word_1_260' title='bbox 1397 3540 1428 3572; x_wconf 89' lang='lat' dir='ltr'>eo</span> <span class='ocrx_word' id='word_1_261' title='bbox 1438 3536 1501 3572; x_wconf 88' lang='lat' dir='ltr'>tem·</span> 
     </span>
     <span class='ocr_line' id='line_1_31' title="bbox 262 3596 1501 3655; baseline 0 -12"><span class='ocrx_word' id='word_1_262' title='bbox 262 3608 325 3654; x_wconf 78' lang='lat' dir='ltr'>pote</span> <span class='ocrx_word' id='word_1_263' title='bbox 335 3598 362 3643; x_wconf 89' lang='lat' dir='ltr'>in</span> <span class='ocrx_word' id='word_1_264' title='bbox 374 3596 702 3655; x_wconf 78' lang='lat' dir='ltr'>Germaniaminieriorem</span> <span class='ocrx_word' id='word_1_265' title='bbox 712 3608 763 3641; x_wconf 88' lang='lat' dir='ltr'>nou</span> <span class='ocrx_word' id='word_1_266' title='bbox 774 3596 1117 3651; x_wconf 72' lang='lat' dir='ltr'>ventsse.,ssaauxsaueaa,</span> <span class='ocrx_word' id='word_1_267' title='bbox 1129 3599 1145 3642; x_wconf 92' lang='lat' dir='ltr'>l.</span> <span class='ocrx_word' id='word_1_268' title='bbox 1156 3610 1186 3653; x_wconf 92' lang='lat' dir='ltr'>c.,</span> <span class='ocrx_word' id='word_1_269' title='bbox 1197 3610 1257 3653; x_wconf 78' lang='lat' dir='ltr'>pag.</span> <span class='ocrx_word' id='word_1_270' title='bbox 1266 3600 1501 3644; x_wconf 82' lang='lat' dir='ltr'>761.-Videetiam</span> 
     </span>
     <span class='ocr_line' id='line_1_32' title="bbox 264 3668 437 3723; baseline -0.006 -7"><span class='ocrx_word' id='word_1_271' title='bbox 264 3668 341 3723; x_wconf 81' lang='lat' dir='ltr'>inira,</span> <span class='ocrx_word' id='word_1_272' title='bbox 351 3680 376 3713; x_wconf 85' lang='lat' dir='ltr'>a.</span> <span class='ocrx_word' id='word_1_273' title='bbox 386 3669 437 3715; x_wconf 68' lang='lat'><strong>787.</strong></span> 
     </span>
    </p>

    <p class='ocr_par' dir='ltr' id='par_1_6' title="bbox 304 3738 718 3799">
     <span class='ocr_line' id='line_1_33' title="bbox 304 3738 718 3799; baseline 0 -14"><span class='ocrx_word' id='word_1_274' title='bbox 304 3740 315 3775; x_wconf 80' lang='lat'>¹</span> <span class='ocrx_word' id='word_1_275' title='bbox 342 3740 477 3796; x_wconf 79' lang='lat' dir='ltr'>Adelphos</span> <span class='ocrx_word' id='word_1_276' title='bbox 486 3752 512 3783; x_wconf 87' lang='lat' dir='ltr'>v.</span> <span class='ocrx_word' id='word_1_277' title='bbox 523 3738 718 3799; x_wconf 74' lang='lat' dir='ltr'>Schauenburg.</span> 
     </span>
    </p>

    <p class='ocr_par' dir='ltr' id='par_1_7' title="bbox 253 3812 1503 4731">
     <span class='ocr_line' id='line_1_34' title="bbox 305 3812 1503 3869; baseline 0 -12"><span class='ocrx_word' id='word_1_278' title='bbox 305 3814 316 3845; x_wconf 76' lang='lat'>²</span> <span class='ocrx_word' id='word_1_279' title='bbox 344 3813 466 3857; x_wconf 80' lang='lat' dir='ltr'>Litterae</span> <span class='ocrx_word' id='word_1_280' title='bbox 481 3812 712 3866; x_wconf 79' lang='lat' dir='ltr'>Quadrimestres,</span> <span class='ocrx_word' id='word_1_281' title='bbox 728 3820 747 3857; x_wconf 91' lang='lat' dir='ltr'>t.</span> <span class='ocrx_word' id='word_1_282' title='bbox 758 3823 796 3864; x_wconf 84' lang='lat' dir='ltr'>ru,</span> <span class='ocrx_word' id='word_1_283' title='bbox 812 3824 872 3869; x_wconf 74' lang='lat' dir='ltr'>pag.</span> <span class='ocrx_word' id='word_1_284' title='bbox 888 3812 936 3862; x_wconf 83' lang='lat'>399,</span> <span class='ocrx_word' id='word_1_285' title='bbox 951 3820 977 3855; x_wconf 89' lang='lat' dir='ltr'>et</span> <span class='ocrx_word' id='word_1_286' title='bbox 987 3823 1047 3866; x_wconf 67' lang='lat' dir='ltr'>paz.</span> <span class='ocrx_word' id='word_1_287' title='bbox 1057 3813 1105 3860; x_wconf 76' lang='lat'><strong>752.</strong></span> <span class='ocrx_word' id='word_1_288' title='bbox 1122 3815 1165 3857; x_wconf 89' lang='lat' dir='ltr'>ubi</span> <span class='ocrx_word' id='word_1_289' title='bbox 1180 3815 1246 3858; x_wconf 83' lang='lat' dir='ltr'>haec</span> <span class='ocrx_word' id='word_1_290' title='bbox 1261 3815 1399 3861; x_wconf 78' lang='lat' dir='ltr'>Kasselius:</span> <span class='ocrx_word' id='word_1_291' title='bbox 1417 3816 1503 3859; x_wconf 81' lang='lat' dir='ltr'>“inter</span> 
     </span>
     <span class='ocr_line' id='line_1_35' title="bbox 265 3884 1500 3941; baseline -0.001 -11"><span class='ocrx_word' id='word_1_292' title='bbox 265 3897 328 3941; x_wconf 85' lang='lat' dir='ltr'>quos</span> <span class='ocrx_word' id='word_1_293' title='bbox 338 3886 455 3937; x_wconf 84' lang='lat' dir='ltr'>&lt;carcere</span> <span class='ocrx_word' id='word_1_294' title='bbox 465 3890 573 3939; x_wconf 87' lang='lat' dir='ltr'>propter</span> <span class='ocrx_word' id='word_1_295' title='bbox 583 3884 714 3933; x_wconf 74' lang='lat' dir='ltr'>haeresim</span> <span class='ocrx_word' id='word_1_296' title='bbox 723 3885 844 3934; x_wconf 86' lang='lat' dir='ltr'>inclusos)</span> <span class='ocrx_word' id='word_1_297' title='bbox 855 3890 894 3927; x_wconf 85' lang='lat' dir='ltr'>est</span> <span class='ocrx_word' id='word_1_298' title='bbox 909 3884 1014 3939; x_wconf 87' lang='lat' dir='ltr'>quidam</span> <span class='ocrx_word' id='word_1_299' title='bbox 1027 3884 1054 3928; x_wconf 87' lang='lat' dir='ltr'>ln</span> <span class='ocrx_word' id='word_1_300' title='bbox 1064 3887 1178 3930; x_wconf 85' lang='lat' dir='ltr'>naturali</span> <span class='ocrx_word' id='word_1_301' title='bbox 1188 3885 1299 3931; x_wconf 82' lang='lat' dir='ltr'>scientia</span> <span class='ocrx_word' id='word_1_302' title='bbox 1315 3889 1422 3931; x_wconf 87' lang='lat' dir='ltr'>multum</span> <span class='ocrx_word' id='word_1_303' title='bbox 1438 3898 1500 3929; x_wconf 86' lang='lat' dir='ltr'>ver·</span> 
     </span>
     <span class='ocr_line' id='line_1_36' title="bbox 263 3956 1503 4012; baseline 0 -9"><span class='ocrx_word' id='word_1_304' title='bbox 263 3966 346 4012; x_wconf 72' lang='lat' dir='ltr'>satus,</span> <span class='ocrx_word' id='word_1_305' title='bbox 356 3958 399 4012; x_wconf 82' lang='lat' dir='ltr'>qul</span> <span class='ocrx_word' id='word_1_306' title='bbox 412 3956 515 4001; x_wconf 85' lang='lat' dir='ltr'>Veltlus</span> <span class='ocrx_word' id='word_1_307' title='bbox 525 3956 628 4007; x_wconf 88' lang='lat' dir='ltr'>dicitur,</span> <span class='ocrx_word' id='word_1_308' title='bbox 638 3957 682 4009; x_wconf 90' lang='lat' dir='ltr'>qui</span> <span class='ocrx_word' id='word_1_309' title='bbox 691 3958 786 3999; x_wconf 85' lang='lat' dir='ltr'>multos</span> <span class='ocrx_word' id='word_1_310' title='bbox 800 3956 824 4001; x_wconf 89' lang='lat' dir='ltr'>in</span> <span class='ocrx_word' id='word_1_311' title='bbox 837 3966 911 4001; x_wconf 87' lang='lat' dir='ltr'>suam</span> <span class='ocrx_word' id='word_1_312' title='bbox 926 3956 1058 4010; x_wconf 84' lang='lat' dir='ltr'>pertraxit</span> <span class='ocrx_word' id='word_1_313' title='bbox 1067 3957 1245 4005; x_wconf 86' lang='lat' dir='ltr'>sententiam..</span> <span class='ocrx_word' id='word_1_314' title='bbox 1261 3957 1300 4002; x_wconf 91' lang='lat' dir='ltr'>Ibl</span> <span class='ocrx_word' id='word_1_315' title='bbox 1310 3963 1397 4001; x_wconf 85' lang='lat' dir='ltr'>autem</span> <span class='ocrx_word' id='word_1_316' title='bbox 1412 3957 1503 4004; x_wconf 79' lang='lat' dir='ltr'>Patris</span> 
     </span>
     <span class='ocr_line' id='line_1_37' title="bbox 264 4026 1497 4082; baseline 0 -8"><span class='ocrx_word' id='word_1_317' title='bbox 264 4030 374 4074; x_wconf 80' lang='lat' dir='ltr'>Keaselii</span> <span class='ocrx_word' id='word_1_318' title='bbox 386 4028 544 4074; x_wconf 81' lang='lat' dir='ltr'>auctoritate</span> <span class='ocrx_word' id='word_1_319' title='bbox 554 4028 612 4080; x_wconf 88' lang='lat' dir='ltr'>nisi,</span> <span class='ocrx_word' id='word_1_320' title='bbox 625 4027 668 4081; x_wconf 91' lang='lat' dir='ltr'>qul</span> <span class='ocrx_word' id='word_1_321' title='bbox 679 4038 741 4071; x_wconf 84' lang='lat' dir='ltr'>vere</span> <span class='ocrx_word' id='word_1_322' title='bbox 755 4027 779 4070; x_wconf 91' lang='lat' dir='ltr'>ln</span> <span class='ocrx_word' id='word_1_323' title='bbox 789 4027 954 4081; x_wconf 78' lang='lat' dir='ltr'>autographo</span> <span class='ocrx_word' id='word_1_324' title='bbox 966 4026 1067 4069; x_wconf 76' lang='lat' dir='ltr'>Vettius</span> <span class='ocrx_word' id='word_1_325' title='bbox 1076 4033 1103 4070; x_wconf 86' lang='lat' dir='ltr'>et</span> <span class='ocrx_word' id='word_1_326' title='bbox 1113 4039 1164 4070; x_wconf 88' lang='lat' dir='ltr'>non</span> <span class='ocrx_word' id='word_1_327' title='bbox 1180 4026 1284 4071; x_wconf 82' lang='lat' dir='ltr'>Velsius</span> <span class='ocrx_word' id='word_1_328' title='bbox 1292 4029 1407 4082; x_wconf 84' lang='lat' dir='ltr'>scripsit,</span> <span class='ocrx_word' id='word_1_329' title='bbox 1417 4028 1497 4074; x_wconf 87' lang='lat' dir='ltr'>lecto·</span> 
     </span>
     <span class='ocr_line' id='line_1_38' title="bbox 262 4098 1499 4157; baseline -0.001 -11"><span class='ocrx_word' id='word_1_330' title='bbox 262 4114 317 4146; x_wconf 85' lang='lat' dir='ltr'>rem</span> <span class='ocrx_word' id='word_1_331' title='bbox 334 4102 480 4145; x_wconf 76' lang='lat' dir='ltr'>remisimus</span> <span class='ocrx_word' id='word_1_332' title='bbox 498 4101 531 4144; x_wconf 86' lang='lat' dir='ltr'>ad</span> <span class='ocrx_word' id='word_1_333' title='bbox 548 4099 664 4153; x_wconf 68' lang='lat' dir='ltr'>Heraean,</span> <span class='ocrx_word' id='word_1_334' title='bbox 681 4098 847 4144; x_wconf 75' lang='lat' dir='ltr'>Rheiniscite</span> <span class='ocrx_word' id='word_1_335' title='bbox 866 4099 952 4145; x_wconf 73' lang='lat' dir='ltr'>Alelen</span> <span class='ocrx_word' id='word_1_336' title='bbox 968 4110 1019 4147; x_wconf 82' lang='lat' dir='ltr'>aur</span> <span class='ocrx_word' id='word_1_337' title='bbox 1035 4100 1189 4147; x_wconf 75' lang='lat' dir='ltr'>Geschichte</span> <span class='ocrx_word' id='word_1_338' title='bbox 1205 4103 1253 4147; x_wconf 80' lang='lat' dir='ltr'>des</span> <span class='ocrx_word' id='word_1_339' title='bbox 1266 4102 1499 4157; x_wconf 78' lang='lat' dir='ltr'>Jesuitenordens,</span> 
     </span>
     <span class='ocr_line' id='line_1_39' title="bbox 261 4170 1500 4229; baseline -0.001 -14"><span class='ocrx_word' id='word_1_340' title='bbox 261 4184 321 4229; x_wconf 78' lang='lat' dir='ltr'>pag.</span> <span class='ocrx_word' id='word_1_341' title='bbox 331 4172 380 4225; x_wconf 80' lang='grc'>805,</span> <span class='ocrx_word' id='word_1_342' title='bbox 393 4181 480 4217; x_wconf 87' lang='lat' dir='ltr'>annot.</span> <span class='ocrx_word' id='word_1_343' title='bbox 490 4172 512 4216; x_wconf 81' lang='lat'>2.</span> <span class='ocrx_word' id='word_1_344' title='bbox 523 4170 622 4217; x_wconf 85' lang='lat' dir='ltr'>Verum</span> <span class='ocrx_word' id='word_1_345' title='bbox 633 4172 691 4223; x_wconf 86' lang='lat' dir='ltr'>duo,</span> <span class='ocrx_word' id='word_1_346' title='bbox 701 4172 778 4227; x_wconf 77' lang='lat' dir='ltr'>Juxta</span> <span class='ocrx_word' id='word_1_347' title='bbox 790 4171 909 4223; x_wconf 77' lang='lat' dir='ltr'>Haassu,</span> <span class='ocrx_word' id='word_1_348' title='bbox 920 4171 992 4215; x_wconf 80' lang='lat' dir='ltr'>fuere</span> <span class='ocrx_word' id='word_1_349' title='bbox 1006 4183 1038 4214; x_wconf 88' lang='lat' dir='ltr'>eo</span> <span class='ocrx_word' id='word_1_350' title='bbox 1048 4179 1163 4227; x_wconf 88' lang='lat' dir='ltr'>tempore</span> <span class='ocrx_word' id='word_1_351' title='bbox 1179 4174 1300 4219; x_wconf 86' lang='lat' dir='ltr'>Coloniae</span> <span class='ocrx_word' id='word_1_352' title='bbox 1309 4174 1378 4218; x_wconf 88' lang='lat' dir='ltr'>inter</span> <span class='ocrx_word' id='word_1_353' title='bbox 1388 4185 1442 4226; x_wconf 80' lang='lat' dir='ltr'>aaa,</span> <span class='ocrx_word' id='word_1_354' title='bbox 1455 4172 1500 4227; x_wconf 85' lang='lat' dir='ltr'>qui</span> 
     </span>
     <span class='ocr_line' id='line_1_40' title="bbox 260 4242 1500 4299; baseline -0.002 -10"><span class='ocrx_word' id='word_1_355' title='bbox 260 4244 428 4294; x_wconf 72' lang='lat' dir='ltr'>inhaereatur</span> <span class='ocrx_word' id='word_1_356' title='bbox 438 4244 556 4299; x_wconf 77' lang='lat' dir='ltr'>prolapsi</span> <span class='ocrx_word' id='word_1_357' title='bbox 564 4250 632 4297; x_wconf 89' lang='lat' dir='ltr'>sunt,</span> <span class='ocrx_word' id='word_1_358' title='bbox 645 4243 734 4287; x_wconf 87' lang='lat' dir='ltr'>eodem</span> <span class='ocrx_word' id='word_1_359' title='bbox 746 4242 800 4287; x_wconf 85' lang='lat' dir='ltr'>iere</span> <span class='ocrx_word' id='word_1_360' title='bbox 812 4243 963 4297; x_wconf 81' lang='lat' dir='ltr'>colinomine</span> <span class='ocrx_word' id='word_1_361' title='bbox 971 4243 1069 4287; x_wconf 79' lang='lat' dir='ltr'>vocati.</span> <span class='ocrx_word' id='word_1_362' title='bbox 1076 4245 1153 4289; x_wconf 80' lang='lat' dir='ltr'>Alter</span> <span class='ocrx_word' id='word_1_363' title='bbox 1168 4244 1273 4290; x_wconf 78' lang='lat' dir='ltr'>Velssus</span> <span class='ocrx_word' id='word_1_364' title='bbox 1281 4245 1378 4298; x_wconf 82' lang='lat' dir='ltr'>Justus,</span> <span class='ocrx_word' id='word_1_365' title='bbox 1396 4244 1500 4289; x_wconf 80' lang='lat' dir='ltr'>Veltias</span> 
     </span>
     <span class='ocr_line' id='line_1_41' title="bbox 261 4314 1496 4375; baseline 0.002 -16"><span class='ocrx_word' id='word_1_366' title='bbox 261 4316 395 4369; x_wconf 72' lang='lat' dir='ltr'>Gerendus</span> <span class='ocrx_word' id='word_1_367' title='bbox 404 4316 482 4375; x_wconf 75' lang='lat' dir='ltr'>alter.</span> <span class='ocrx_word' id='word_1_368' title='bbox 494 4314 550 4368; x_wconf 86' lang='lat' dir='ltr'>Ille,</span> <span class='ocrx_word' id='word_1_369' title='bbox 561 4316 605 4371; x_wconf 86' lang='lat' dir='ltr'>qui</span> <span class='ocrx_word' id='word_1_370' title='bbox 616 4320 642 4359; x_wconf 89' lang='lat' dir='ltr'>et</span> <span class='ocrx_word' id='word_1_371' title='bbox 658 4314 757 4359; x_wconf 82' lang='lat' dir='ltr'>Ductor</span> <span class='ocrx_word' id='word_1_372' title='bbox 772 4314 861 4366; x_wconf 81' lang='lat' dir='ltr'>Juetus</span> <span class='ocrx_word' id='word_1_373' title='bbox 878 4314 984 4359; x_wconf 80' lang='lat' dir='ltr'>Velaius</span> <span class='ocrx_word' id='word_1_374' title='bbox 998 4314 1125 4369; x_wconf 72' lang='lat' dir='ltr'>Hagenus</span> <span class='ocrx_word' id='word_1_375' title='bbox 1140 4316 1243 4367; x_wconf 88' lang='lat' dir='ltr'>dicitur,</span> <span class='ocrx_word' id='word_1_376' title='bbox 1258 4317 1439 4371; x_wconf 76' lang='lat' dir='ltr'>“philosophus</span> <span class='ocrx_word' id='word_1_377' title='bbox 1452 4318 1496 4361; x_wconf 88' lang='lat' dir='ltr'>do·</span> 
     </span>
     <span class='ocr_line' id='line_1_42' title="bbox 269 4386 1498 4443; baseline 0.002 -11"><span class='ocrx_word' id='word_1_378' title='bbox 269 4388 407 4440; x_wconf 80' lang='lat' dir='ltr'>missimus,</span> <span class='ocrx_word' id='word_1_379' title='bbox 418 4388 460 4443; x_wconf 87' lang='lat' dir='ltr'>qui</span> <span class='ocrx_word' id='word_1_380' title='bbox 472 4388 497 4431; x_wconf 92' lang='lat' dir='ltr'>ln</span> <span class='ocrx_word' id='word_1_381' title='bbox 508 4386 671 4441; x_wconf 79' lang='lat' dir='ltr'>philosophia</span> <span class='ocrx_word' id='word_1_382' title='bbox 681 4396 778 4441; x_wconf 71' lang='lat' dir='ltr'>graeca</span> <span class='ocrx_word' id='word_1_383' title='bbox 789 4396 846 4431; x_wconf 90' lang='lat' dir='ltr'>cum</span> <span class='ocrx_word' id='word_1_384' title='bbox 862 4386 951 4431; x_wconf 84' lang='lat' dir='ltr'>latinis</span> <span class='ocrx_word' id='word_1_385' title='bbox 962 4387 1109 4440; x_wconf 75' lang='lat' dir='ltr'>coniungit,</span> <span class='ocrx_word' id='word_1_386' title='bbox 1117 4386 1237 4436; x_wconf 75' lang='lat' dir='ltr'>(Rhetiue</span> <span class='ocrx_word' id='word_1_387' title='bbox 1247 4387 1349 4442; x_wconf 70' lang='lat' dir='ltr'>ignatio</span> <span class='ocrx_word' id='word_1_388' title='bbox 1364 4390 1411 4434; x_wconf 83' lang='lat' dir='ltr'>aab</span> <span class='ocrx_word' id='word_1_389' title='bbox 1423 4388 1498 4435; x_wconf 81' lang='lat' dir='ltr'>daem</span> 
     </span>
     <span class='ocr_line' id='line_1_43' title="bbox 270 4456 1498 4515; baseline 0 -9"><span class='ocrx_word' id='word_1_390' title='bbox 270 4458 424 4515; x_wconf 79' lang='lat' dir='ltr'>Nouembris</span> <span class='ocrx_word' id='word_1_391' title='bbox 435 4470 479 4503; x_wconf 86' lang='lat' dir='ltr'>an.</span> <span class='ocrx_word' id='word_1_392' title='bbox 494 4459 553 4510; x_wconf 81' lang='lat'>1552,</span> <span class='ocrx_word' id='word_1_393' title='bbox 565 4458 679 4511; x_wconf 81' lang='lat' dir='ltr'>Hausau,</span> <span class='ocrx_word' id='word_1_394' title='bbox 692 4459 710 4501; x_wconf 94' lang='lat' dir='ltr'>i.</span> <span class='ocrx_word' id='word_1_395' title='bbox 721 4469 752 4505; x_wconf 84' lang='lat' dir='ltr'>c.,</span> <span class='ocrx_word' id='word_1_396' title='bbox 763 4468 814 4511; x_wconf 78' lang='lat' dir='ltr'>pag</span> <span class='ocrx_word' id='word_1_397' title='bbox 832 4456 889 4511; x_wconf 80' lang='lat'>209);</span> <span class='ocrx_word' id='word_1_398' title='bbox 900 4458 952 4511; x_wconf 90' lang='lat' dir='ltr'>hic,</span> <span class='ocrx_word' id='word_1_399' title='bbox 962 4458 1004 4511; x_wconf 88' lang='lat' dir='ltr'>qul</span> <span class='ocrx_word' id='word_1_400' title='bbox 1015 4459 1181 4502; x_wconf 83' lang='lat' dir='ltr'>concionator</span> <span class='ocrx_word' id='word_1_401' title='bbox 1192 4460 1254 4505; x_wconf 91' lang='lat' dir='ltr'>olim</span> <span class='ocrx_word' id='word_1_402' title='bbox 1264 4460 1349 4505; x_wconf 84' lang='lat' dir='ltr'>iuerat</span> <span class='ocrx_word' id='word_1_403' title='bbox 1365 4460 1498 4508; x_wconf 85' lang='lat' dir='ltr'>Colonien-</span> 
     </span>
     <span class='ocr_line' id='line_1_44' title="bbox 266 4529 1502 4587; baseline 0.003 -12"><span class='ocrx_word' id='word_1_404' title='bbox 266 4531 302 4576; x_wconf 79' lang='lat' dir='ltr'>sla</span> <span class='ocrx_word' id='word_1_405' title='bbox 308 4531 509 4587; x_wconf 64' lang='lat' dir='ltr'>archiepiscopi</span> <span class='ocrx_word' id='word_1_406' title='bbox 522 4532 637 4583; x_wconf 85' lang='lat' dir='ltr'>Antonii,</span> <span class='ocrx_word' id='word_1_407' title='bbox 649 4531 689 4574; x_wconf 88' lang='lat' dir='ltr'>die</span> <span class='ocrx_word' id='word_1_408' title='bbox 699 4530 726 4573; x_wconf 73' lang='lat' dir='ltr'>‘li</span> <span class='ocrx_word' id='word_1_409' title='bbox 734 4529 800 4583; x_wconf 88' lang='lat' dir='ltr'>Junli</span> <span class='ocrx_word' id='word_1_410' title='bbox 815 4530 865 4572; x_wconf 64' lang='lat' dir='ltr'>litis</span> <span class='ocrx_word' id='word_1_411' title='bbox 872 4530 1019 4576; x_wconf 86' lang='lat' dir='ltr'>nominatus</span> <span class='ocrx_word' id='word_1_412' title='bbox 1028 4530 1076 4574; x_wconf 81' lang='lat' dir='ltr'>luit</span> <span class='ocrx_word' id='word_1_413' title='bbox 1087 4530 1186 4574; x_wconf 81' lang='lat' dir='ltr'>aulicus</span> <span class='ocrx_word' id='word_1_414' title='bbox 1196 4533 1361 4583; x_wconf 84' lang='lat' dir='ltr'>concionator</span> <span class='ocrx_word' id='word_1_415' title='bbox 1369 4543 1384 4576; x_wconf 86' lang='lat' dir='ltr'>a</span> <span class='ocrx_word' id='word_1_416' title='bbox 1392 4530 1502 4579; x_wconf 86' lang='lat' dir='ltr'>Gulllel-</span> 
     </span>
     <span class='ocr_line' id='line_1_45' title="bbox 253 4601 1498 4661; baseline 0.002 -15"><span class='ocrx_word' id='word_1_417' title='bbox 253 4614 303 4657; x_wconf 18' lang='lat' dir='ltr'>,mo</span> <span class='ocrx_word' id='word_1_418' title='bbox 315 4602 349 4661; x_wconf 77' lang='lat' dir='ltr'>V,</span> <span class='ocrx_word' id='word_1_419' title='bbox 357 4602 502 4657; x_wconf 75' lang='lat' dir='ltr'>¹Jullacensi</span> <span class='ocrx_word' id='word_1_420' title='bbox 513 4602 622 4655; x_wconf 79' lang='lat' dir='ltr'>comite,</span> <span class='ocrx_word' id='word_1_421' title='bbox 633 4609 658 4645; x_wconf 88' lang='lat' dir='ltr'>et</span> <span class='ocrx_word' id='word_1_422' title='bbox 670 4612 737 4645; x_wconf 91' lang='lat' dir='ltr'>anno</span> <span class='ocrx_word' id='word_1_423' title='bbox 747 4601 863 4661; x_wconf 83' lang='lat' dir='ltr'>sequenti</span> <span class='ocrx_word' id='word_1_424' title='bbox 875 4602 976 4655; x_wconf 86' lang='lat' dir='ltr'>publice</span> <span class='ocrx_word' id='word_1_425' title='bbox 986 4602 1109 4648; x_wconf 70' lang='lat' dir='ltr'>adversus</span> <span class='ocrx_word' id='word_1_426' title='bbox 1121 4602 1227 4647; x_wconf 75' lang='lat' dir='ltr'>Missam</span> <span class='ocrx_word' id='word_1_427' title='bbox 1242 4606 1387 4649; x_wconf 83' lang='lat' dir='ltr'>concionari</span> <span class='ocrx_word' id='word_1_428' title='bbox 1403 4606 1498 4659; x_wconf 87' lang='lat' dir='ltr'>coepit.</span> 
     </span>
     <span class='ocr_line' id='line_1_46' title="bbox 262 4673 706 4731; baseline -0.009 -12"><span class='ocrx_word' id='word_1_429' title='bbox 262 4675 379 4729; x_wconf 62' lang='lat' dir='ltr'>liaustu,</span> <span class='ocrx_word' id='word_1_430' title='bbox 391 4677 407 4719; x_wconf 90' lang='lat' dir='ltr'>l.</span> <span class='ocrx_word' id='word_1_431' title='bbox 419 4688 450 4727; x_wconf 87' lang='lat' dir='ltr'>c.,</span> <span class='ocrx_word' id='word_1_432' title='bbox 461 4687 520 4731; x_wconf 74' lang='lat' dir='ltr'>pag.</span> <span class='ocrx_word' id='word_1_433' title='bbox 531 4674 578 4721; x_wconf 76' lang='lat'>305.</span> <span class='ocrx_word' id='word_1_434' title='bbox 588 4682 675 4718; x_wconf 87' lang='lat' dir='ltr'>annot.</span> <span class='ocrx_word' id='word_1_435' title='bbox 686 4673 706 4715; x_wconf 73' lang='lat'>2.</span> 
     </span>
    </p>

    <p class='ocr_par' dir='ltr' id='par_1_8' title="bbox 303 4744 1501 4802">
     <span class='ocr_line' id='line_1_47' title="bbox 303 4744 1501 4802; baseline -0.001 -11"><span class='ocrx_word' id='word_1_436' title='bbox 303 4745 315 4778; x_wconf 79' lang='lat'>³</span> <span class='ocrx_word' id='word_1_437' title='bbox 343 4745 441 4799; x_wconf 72' lang='lat' dir='ltr'>Ennea,</span> <span class='ocrx_word' id='word_1_438' title='bbox 455 4746 609 4791; x_wconf 76' lang='lat' dir='ltr'>Gesclricletc</span> <span class='ocrx_word' id='word_1_439' title='bbox 620 4746 666 4789; x_wconf 75' lang='lat' dir='ltr'>‹lcr</span> <span class='ocrx_word' id='word_1_440' title='bbox 678 4744 862 4793; x_wconf 58' lang='lat' dir='ltr'>Sindimana.</span> <span class='ocrx_word' id='word_1_441' title='bbox 876 4756 911 4799; x_wconf 80' lang='lat' dir='ltr'>tv,</span> <span class='ocrx_word' id='word_1_442' title='bbox 921 4746 990 4791; x_wconf 74' lang='lat' dir='ltr'>tlh.-</span> <span class='ocrx_word' id='word_1_443' title='bbox 1000 4745 1123 4797; x_wconf 84' lang='lat' dir='ltr'>Quamvis</span> <span class='ocrx_word' id='word_1_444' title='bbox 1133 4748 1279 4802; x_wconf 74' lang='lat' dir='ltr'>theologica</span> <span class='ocrx_word' id='word_1_445' title='bbox 1289 4748 1376 4794; x_wconf 78' lang='lat' dir='ltr'>studia</span> <span class='ocrx_word' id='word_1_446' title='bbox 1387 4747 1412 4790; x_wconf 91' lang='lat' dir='ltr'>ln</span> <span class='ocrx_word' id='word_1_447' title='bbox 1422 4746 1501 4792; x_wconf 88' lang='lat' dir='ltr'>Colo-</span> 
     </span>
    </p>
   </div>
   <div class='ocr_carea' id='block_1_4' title="bbox 0 0 1864 5400">
    <p class='ocr_par' dir='ltr' id='par_1_9' title="bbox 0 0 1864 5400">
     <span class='ocr_line' id='line_1_48' title="bbox 0 0 1864 5400; baseline 0 2"><span class='ocrx_word' id='word_1_448' title='bbox 0 0 1864 5400; x_wconf 95' lang='lat' dir='ltr'> </span> 
     </span>
    </p>
   </div>
  </div>
 </body>
</html>
