3717 5400
390 463 445 523 636
849 465 978 526 Caaon.
1000 464 1076 525 Soc.
1098 466 1169 538 Jas.

394 627 479 673 suas
498 612 715 682 concubinas
734 612 802 676 sibi
823 613 1046 692 copulatura
1067 613 1198 675 multae
1216 609 1366 691 injuriae
1385 612 1623 690 condonatae,

394 719 504 781 multa
520 718 601 781 odia
617 727 652 782 et
666 719 747 782 lites
757 719 914 782 extincta
925 717 1078 796 fuerunt3
1090 735 1157 782 nec
1169 717 1396 781 concordiam
1409 719 1515 782 ullam
1527 719 1622 782 inter

393 824 605 890 dissidentes
620 834 812 904 tentarunt,
834 826 891 889 cui
910 825 1085 889 Dominus
1103 826 1233 888 bonum
1253 843 1457 888 successum
1477 842 1549 889 nou
1563 825 1624 888 de-

393 929 495 994 derit.
512 930 705 996 Habitabat
716 932 754 995 P.
768 933 979 996 Ambrosius
993 931 1030 996 in
1041 932 1195 1013 quadam
1206 932 1312 995 domo
1328 932 1518 1012 conjuncta
1535 942 1623 995 tem-

394 1038 463 1118 plu,
481 1038 576 1118 quod
591 1040 629 1103 B.
645 1038 785 1118 Virgini
801 1038 977 1118 Adjutrici
991 1037 998 1070 ¹
1011 1039 1168 1103 dicatum
1180 1049 1269 1116 erat,
1282 1037 1376 1117 quod
1391 1039 1577 1118 egregium
1587 1051 1625 1101 et

395 1161 525 1223 magna
541 1145 729 1210 devotione
744 1156 955 1210 veneratum
970 1165 992 1210 a
1007 1146 1211 1210 christianis
1226 1156 1315 1209 erat.
1331 1145 1387 1209 Ex
1408 1145 1546 1209 duobus
1561 1159 1625 1208 aut

393 1252 507 1316 tribus
521 1254 609 1316 locis
623 1253 898 1317 christianorum
914 1251 991 1333 ejus
1005 1252 1167 1317 Ducatus
1178 1253 1302 1316 diebus
1313 1251 1453 1315 sabbati
1464 1270 1507 1315 eo
1520 1253 1625 1316 multi

393 1358 629 1438 confluebant;
646 1377 729 1423 nam
744 1360 869 1424 domus
884 1361 975 1424 haec
988 1342 1059 1423 aon
1079 1360 1204 1441 procul
1222 1359 1268 1421 ab
1287 1359 1340 1421 eis
1360 1357 1498 1438 oppidis
1517 1358 1627 1421 dista-

394 1465 465 1544 bat,
483 1464 545 1528 sed
565 1483 630 1529 nec
650 1483 671 1529 a
692 1467 975 1546 Brasiliensibus,
998 1483 1148 1546 quorum
1169 1465 1254 1546 pagi
1272 1466 1360 1528 satis
1384 1475 1487 1529 erant
1501 1465 1625 1542 vicini3

393 1571 456 1634 sed
472 1589 553 1636 cum
573 1589 680 1652 aegre
700 1573 890 1638 admodum
909 1584 1055 1654 possent
1078 1591 1100 1636 a
1122 1573 1195 1636 suis
1217 1573 1318 1636 bellis
1343 1582 1377 1636 et
1397 1573 1441 1636 ab
1463 1573 1630 1636 hostibus

394 1679 499 1743 victis
514 1680 740 1744 comedendis
752 1681 926 1758 revocari,
948 1681 1114 1762 quamvis
1132 1680 1346 1760 baptismum
1367 1679 1626 1756 desiderarent,

395 1802 477 1849 cum
496 1788 785 1867 magnodelectu
806 1807 826 1851 a
851 1788 982 1852 nostris
1007 1788 1052 1850 ad
1077 1804 1157 1850 eum
1179 1787 1466 1866 admittebantur;
1493 1785 1626 1849 merito

395 1893 491 1956 enirn
502 1895 672 1958 timebant
686 1912 730 1957 ne
747 1895 791 1958 ad
807 1895 972 1975 antiquos
985 1910 1104 1958 mores
1119 1894 1288 1957 redirent.

457 1998 544 2064 1737.
587 2000 676 2066 Cum
690 2011 808 2065 autem
823 2002 919 2064 solus
934 2010 1027 2064 esset
1037 2001 1206 2064 sacerdos
1220 1999 1258 2062 P.
1280 2000 1505 2075 Ambrosius,
1526 2000 1621 2063 inte-

395 2122 462 2184 gro
485 2125 579 2172 anno
597 2110 842 2188 perseveravit
863 2109 899 2171 in
915 2107 1024 2172 Missa
1038 2107 1175 2171 duobus
1193 2108 1230 2170 in
1249 2107 1387 2187 populis
1406 2106 1567 2183 dicenda,
1589 2115 1628 2169 et

397 2214 433 2276 in
449 2216 678 2294 consequenti
693 2215 957 2297 praedicatione
968 2214 1117 2294 singulis
1131 2213 1317 2278 dominicis
1328 2224 1363 2276 et
1373 2214 1473 2277 festis
1485 2212 1629 2291 diebus,

396 2319 521 2386 deinde
546 2320 708 2386 debilitas
733 2321 904 2403 corporis,
932 2340 978 2386 ex
1001 2323 1122 2385 labore
1147 2329 1347 2399 contracta,
1374 2320 1559 2400 impedivit
1579 2337 1629 2382 ne

398 2429 583 2510 utrobique
598 2430 634 2492 id
648 2429 767 2494 facere
781 2438 912 2510 posset.

458 2534 545 2600 1738.
589 2537 676 2600 Erat
700 2536 887 2616 pulchrum
912 2537 1025 2600 altare
1049 2536 1086 2598 iu
1111 2537 1179 2599 hoc
1205 2536 1348 2614 templo,
1370 2534 1429 2597 ubi
1448 2533 1624 2599 Salutatio

394 2643 434 2707 B.
454 2642 615 2724 Virginis
634 2661 697 2725 per
717 2645 883 2726 angelum
901 2643 1040 2725 depicta
1060 2654 1149 2708 erat.
1172 2643 1259 2707 Erat
1280 2653 1314 2707 et
1334 2641 1414 2705 fons
1429 2642 1629 2723 pulcherri-

396 2766 486 2828 mus,
503 2768 608 2832 quem
623 2770 665 2815 eo
680 2752 716 2815 in
730 2754 810 2815 loco
825 2751 929 2814 valde
944 2760 1131 2831 optaverat
1147 2749 1184 2812 P.
1201 2749 1378 2829 Nobrega,
1401 2767 1482 2813 curn
1497 2749 1626 2813 domus

394 2856 653 2932 aedificaretur,
670 2859 729 2938 qui
744 2858 915 2922 miraculo
936 2866 1081 2937 apertus
1093 2874 1172 2920 esse
1186 2857 1338 2935 videtur;
1354 2874 1436 2919 cum
1450 2856 1544 2921 enirn
1563 2857 1622 2919 vir

395 2962 537 3042 quidam
563 2965 598 3027 in
622 2965 748 3028 arbore
774 2964 928 3045 quadam
952 2974 1067 3043 esset,
1088 2962 1163 3043 ejus
1183 2981 1302 3028 ramos
1322 2962 1621 3044 praescindendo.

395 3080 490 3133 terra
506 3072 610 3135 simul
624 3088 705 3134 cum
721 3072 848 3135 arbore
863 3082 961 3134 mota
976 3071 1042 3135 luit
1056 3082 1090 3134 et
1106 3070 1322 3151 aliquamdiu
1337 3086 1542 3151 progressa,
1558 3087 1625 3133 nec

395 3178 585 3257 quicquam
610 3178 823 3242 incommodi
849 3178 905 3241 vir
929 3178 987 3240 ille
1012 3178 1161 3257 accepit;
1182 3190 1217 3241 et
1242 3176 1335 3241 unde
1361 3178 1469 3241 arbor
1499 3179 1623 3240 evulsa

395 3284 533 3363 luerat,
562 3285 643 3349 inde
670 3286 749 3348 lons
781 3286 955 3348 scaturire
982 3286 1120 3364 coepit,
1148 3300 1194 3347 ex
1218 3283 1320 3365 cujus
1345 3301 1438 3365 aqua
1463 3283 1623 3348 bibentes

395 3393 508 3471 multi,
536 3394 595 3472 qui
615 3393 862 3471 aegrotabant,
886 3392 1031 3455 sanitati
1050 3392 1202 3456 restituti
1226 3401 1320 3471 sunt;
1347 3402 1382 3455 et
1407 3391 1443 3453 in
1468 3389 1543 3454 dies
1564 3391 1625 3454 alii

397 3508 503 3579 atque
517 3500 578 3563 alii
591 3500 878 3563 restituebantur.

458 3605 546 3669 1739.
590 3606 684 3671 Situs
704 3606 810 3670 etiam
831 3616 865 3668 et
885 3616 1095 3687 prospectus
1113 3615 1230 3670 terrae
1255 3622 1299 3668 ac
1320 3605 1430 3668 maris
1456 3622 1631 3669 amoenus

395 3723 474 3777 erat
489 3723 522 3777 et
538 3722 599 3777 aer
614 3714 778 3789 salubris;
799 3712 861 3775 sed
881 3714 949 3776 hoc
969 3723 1047 3776 erat
1067 3712 1294 3790 incommodi,
1315 3711 1409 3792 quod
1432 3712 1477 3775 ab
1497 3712 1632 3793 oppido

395 3819 523 3883 Portus
537 3819 661 3884 Securi
681 3821 818 3884 mediae
832 3822 955 3883 leucae
970 3820 1085 3901 spatio
1102 3820 1228 3885 domus
1250 3830 1285 3883 et
1300 3822 1469 3899 templum
1491 3819 1559 3884 hoc
1574 3816 1641 3883 se?

396 3937 559 4007 paratum
580 3937 673 4007 erat;
690 3937 724 3992 et
750 3938 896 4009 propter
916 3928 1008 3992 bella
1027 3927 1211 3991 accidebat
1231 3926 1421 4007 aliquando
1445 3938 1484 3991 ut
1505 3930 1633 3991 intem-

397 4046 496 4113 pesta
518 4046 621 4097 nocte
643 4036 748 4099 amici
769 4054 810 4099 eo
831 4036 994 4098 venirent
1013 4044 1047 4097 et
1068 4046 1210 4097 nostros
1229 4034 1461 4097 sollicitarent
1477 4046 1532 4114 ut,
1553 4051 1629 4097 sar-

397 4142 523 4205 cinulis
549 4142 623 4204 suis
650 4143 816 4222 acceptis,
845 4142 889 4204 ad
905 4141 1072 4221 oppidum
1093 4151 1326 4221 properarent
1347 4150 1493 4221 propter
1507 4149 1629 4205 motus

398 4248 543 4312 bellicos
558 4250 738 4325 indorum;
756 4248 919 4328 quamvis
935 4248 1056 4311 divina
1072 4248 1218 4311 Bonitas
1234 4265 1295 4311 eos
1311 4249 1466 4311 retinuit.

436 4490 444 4521 ¹
475 4492 502 4533 “e
513 4493 556 4544 qul
571 4502 622 4535 una
633 4502 695 4535 casa
706 4492 774 4536 della
782 4491 938 4545 compagnla
947 4491 1016 4533 della
1027 4490 1194 4535 Inuocattone
1204 4492 1274 4536 della
1284 4497 1374 4535 nostra
1384 4491 1468 4535 donna
1479 4490 1538 4535 dell’
1547 4490 1630 4544 alato,

397 4564 476 4607 molto
492 4564 585 4617 baone,
600 4571 627 4607 et
639 4564 664 4607 dl
679 4564 778 4618 grande
793 4564 951 4614 deuotione„
966 4564 1119 4606 Ambrosius
1134 4563 1214 4607 Perez
1230 4563 1305 4608 Patri
1318 4562 1422 4617 ignatio
1436 4564 1467 4606 de
1482 4562 1592 4619 Loyola,
1602 4562 1637 4607 1⁵

396 4632 466 4686 Junll
477 4634 536 4686 1555,
547 4636 573 4679 ln
583 4634 695 4679 Diversi
712 4636 785 4679 avisi
794 4636 955 4689 particulari
964 4634 1029 4678 dall·
1040 4634 1119 4679 Ina'te
1128 4636 1159 4678 dt
1168 4635 1328 4690 Portogallo,
1345 4634 1465 4679 ‘riceuutt'
1479 4635 1545 4679 dall'
1554 4646 1629 4678 anno

396 4706 462 4751 1551
471 4708 531 4750 sino
541 4708 569 4751 αἱ
578 4706 654 4759 1558,
664 4707 706 4751 iol.
718 4708 768 4751 246.
