3717 5400
791 483 854 542 Au.
876 483 948 543 1555
1428 484 1486 544 369

253 625 392 708 idonea,
409 638 444 692 et
455 629 709 693 monasterium
720 627 870 708 ingredi,
884 629 944 692 ubi
955 646 994 692 se
1008 637 1122 692 totam
1136 629 1289 694 hostiam
1301 630 1482 694 viventem

255 734 331 798 Deo
346 734 499 800 offerret.
515 736 559 799 Et
574 735 658 817 quia
672 735 889 800 differendus
898 734 965 799 suit
976 734 1054 814 ejus
1067 736 1251 816 ingressus
1263 736 1480 816 aliquandiu,

253 858 376 906 morae
387 843 588 924 impatiens,
602 843 801 908 castitatem
813 844 955 906 interim
966 852 1175 924 perpetuam
1186 843 1263 908 Deo
1274 843 1410 908 obtulit.
1423 842 1483 908 Sic

249 949 337 1014 etin
353 951 422 1013 alia
435 951 600 1014 contritio
611 949 821 1015 admiranda
832 960 1024 1030 conspecta
1036 958 1101 1028 est,
1116 968 1207 1032 quae
1218 967 1299 1015 cum
1310 951 1483 1030 plurimos

255 1074 368 1121 annos
390 1057 575 1122 inhoneste
593 1057 759 1137 vixisset,
781 1058 925 1122 adeam
943 1059 1042 1120 venit
1064 1058 1193 1121 mentis
1214 1058 1421 1139 puritatem,
1445 1068 1483 1122 ut

250 1165 362 1226 etiarn
376 1174 524 1244 peccata
541 1165 693 1228 venialia
713 1163 934 1229 amarissime
955 1163 1101 1228 defleret
1118 1181 1185 1228 nec
1205 1165 1484 1230 consolationem

249 1271 444 1352 acciperet,
460 1271 574 1334 donec
588 1289 631 1334 ea
647 1271 884 1335 confiteretur.

313 1377 384 1442 992.
427 1377 545 1442 Aliam
566 1378 612 1442 ad
637 1377 919 1458 desperationem
942 1377 1197 1458 propemodum
1217 1377 1408 1442 induxerat
1422 1379 1482 1442 im-

254 1486 389 1567 peritus
404 1485 548 1566 quidam
563 1485 812 1561 confessarius,
830 1485 875 1548 ad
889 1501 995 1564 quern
1010 1501 1091 1547 curn
1105 1485 1223 1548 vicina
1244 1485 1363 1565 partui
1383 1501 1482 1550 acce·

250 1593 366 1671 deret,
381 1610 461 1657 cum
476 1593 648 1656 intellexit
661 1591 670 1624 ¹
681 1592 777 1673 quod
787 1593 831 1655 ab
843 1591 914 1654 alio
926 1592 1148 1672 concepisset
1160 1610 1267 1674 quam
1279 1609 1300 1654 a
1313 1593 1393 1656 viro
1405 1610 1482 1673 sun,

255 1716 325 1762 non
340 1701 453 1762 solum
470 1717 548 1762 earn
564 1707 751 1777 terruerat,
769 1698 831 1762 sed
846 1699 921 1762 sine
937 1699 1159 1763 absolutione
1175 1698 1374 1774 dimiserat;
1393 1717 1484 1780 quae

251 1808 491 1887 'propinquam
507 1817 657 1870 mortem
670 1807 707 1869 in
722 1816 824 1887 partu
837 1807 976 1884 timenS,
990 1805 1178 1886 quemdam
1189 1823 1235 1869 ex
1244 1808 1377 1870 nostris
1388 1808 1484 1870 adse

256 1914 380 1977 vocari
389 1913 504 1993 jussit,
514 1914 572 1978 cui
584 1913 759 1992 confessa,
772 1914 915 1976 omnino
928 1923 1126 1977 amatorem
1135 1913 1304 1992 deseruit,
1318 1922 1353 1977 et
1365 1914 1482 1994 singu·

257 2021 299 2084 lis
313 2020 592 2085 hebdomadibus
607 2020 766 2084 confiteri
781 2019 952 2100 perrexit;
973 2029 1008 2084 et
1023 2020 1131 2084 aliam
1145 2035 1246 2084 suam
1261 2037 1423 2084 sororem
1437 2021 1483 2085 ad

252 2123 324 2192 'hoc
339 2131 455 2209 ipsum
470 2128 627 2191 adduxit.

316 2236 387 2300 993.
432 2236 552 2300 Alium
576 2235 833 2299 intolerabilem
858 2252 1018 2299 errorem
1038 2236 1183 2316 quidam
1204 2254 1250 2299 ex
1274 2236 1405 2300 nostris
1426 2235 1483 2300 de·

258 2342 444 2424 prehendit
460 2345 496 2406 in
510 2343 589 2406 viro
605 2343 770 2424 quodam,
786 2343 847 2424 qui
864 2344 1048 2425 propriam
1069 2342 1178 2406 filiam
1199 2345 1241 2408 in
1255 2361 1404 2408 uxorem
1422 2343 1483 2408 du·

255 2459 371 2530 xerat,
388 2467 496 2532 quarn
510 2451 701 2530 ignorabat
716 2449 856 2529 quidem
877 2467 956 2514 esse
974 2448 1083 2513 filiam
1102 2450 1198 2528 (nam
1218 2468 1265 2514 ex
1285 2451 1483 2516 concubina

250 2558 411 2639 quadam
427 2559 476 2621 illi
491 2567 574 2621 nata
590 2557 728 2636 iuerat).
745 2555 815 2622 Sed
830 2566 964 2637 postea,
983 2575 1021 2621 re
1036 2558 1199 2638 cognita,
1221 2559 1411 2639 quemdam
1428 2576 1483 2623 sa·

252 2655 437 2731 cerdotem
450 2667 572 2745 adivit,
586 2667 647 2747 qui
655 2665 775 2731 nescio
787 2663 886 2745 euJus
898 2665 1015 2729 bullae
1025 2673 1214 2747 praetextu
1224 2682 1305 2731 eum
1316 2666 1481 2746 absolvit,

258 2782 293 2837 et
308 2774 357 2838 ita
373 2774 409 2837 in
424 2774 561 2837 nefario
577 2774 725 2837 crimine
743 2773 923 2837 sexdecim
946 2791 1059 2838 annos
1080 2782 1142 2837 aut
1163 2791 1206 2836 eo
1227 2773 1378 2854 amplius
1402 2793 1482 2841 cum

255 2880 330 2946 filia
344 2882 446 2958 vixit,
464 2881 576 2944 donec
590 2881 627 2945 in
642 2881 830 2961 quemdam
844 2899 889 2943 ex
909 2882 1041 2943 nostris
1061 2880 1233 2959 incidens,
1255 2890 1291 2944 et
1311 2883 1396 2946 mali
1414 2891 1483 2947 sta·

261 2998 316 3051 tus
331 2989 386 3052 sui
401 2988 615 3067 admonitus,
631 3005 711 3051 eam
726 2988 868 3053 dimisit.

316 3096 387 3160 994.
431 3095 468 3159 Ρ.
486 3096 647 3176 Baptista
662 3095 705 3160 de
721 3094 861 3175 Barma,
877 3097 1042 3175 quamvis
1061 3094 1165 3175 hujus
1185 3094 1335 3175 Collegii
1353 3094 1484 3161 Rector

178 3243 183 3253 -
252 3212 364 3285 esset,
385 3204 468 3284 quia
490 3204 704 3268 collateralis
723 3203 827 3267 datus
848 3203 964 3267 suerat
985 3201 1085 3266 Patri
1106 3202 1299 3267 Francisco
1319 3202 1482 3276 Stradae.

257 3310 475 3376 Provinciali
491 3312 512 3390 ¹,
531 3311 609 3373 aliis
623 3312 661 3373 in
675 3311 763 3374 locis
781 3320 883 3373 extra
902 3310 1107 3373 Valentiam
1128 3318 1189 3373 aut
1207 3310 1484 3390 praedicationis

254 3428 320 3483 aut
333 3418 601 3499 gubernationis
615 3418 732 3497 gratia
747 3416 824 3495 fuit,
837 3433 920 3479 nam
933 3418 978 3479 ab
989 3434 1032 3479 eo
1044 3417 1199 3497 pendere
1209 3417 1321 3480 voluit
1331 3416 1370 3481 P.
1384 3418 1484 3497 lgna·

258 3528 329 3591 tius
354 3526 429 3606 ejus
459 3525 667 3588 Provinciae
689 3524 1043 3601 administrationem,
1069 3542 1151 3587 cum
1172 3523 1269 3587 Patri
1290 3524 1484 3590 Francisco

253 3627 422 3714 Borgiae,
439 3632 704 3709 Commissario,
722 3630 874 3711 idipsum
885 3630 1087 3711 placuisset.
1100 3629 1280 3694 Reversus
1295 3640 1350 3695 est
1368 3641 1486 3696 autern

255 3758 379 3806 mense
403 3738 498 3819 Majo
523 3738 738 3815 Valentiam,
765 3755 846 3801 curn
866 3738 1233 3818 quadragesimalibus
1255 3739 1485 3802 concionibus

253 3848 570 3927 Caesaraugustae
584 3844 792 3925 perfunctus
806 3854 910 3924 esset,
928 3854 963 3907 et
984 3860 1116 3923 magna
1142 3861 1223 3908 cum
1243 3846 1486 3909 consolatione

252 3964 333 4018 ‘tum
348 3965 552 4018 nostrorum
567 3961 641 4015 turn
656 3962 883 4015 externorum
898 3950 964 4014 suit
978 3960 1162 4031 exceptus.

317 4062 388 4125 995.
432 4060 562 4125 Curam
578 4076 598 4120 a
614 4057 652 4121 P.
669 4057 807 4137 ignatio
822 4068 1029 4138 susceperat
1044 4059 1246 4123 testimonia
1265 4060 1325 4122 illa
1344 4060 1487 4140 publica

252 4168 417 4246 curandi,
435 4184 525 4247 quae
541 4166 678 4230 ratione
692 4165 826 4229 decreti
840 4166 1049 4247 parisiensis
1063 4165 1308 4247 undecumque
1328 4166 1486 4231 curanda

252 4286 359 4339 erant
373 4276 410 4338 in
430 4274 484 4337 his
505 4272 647 4355 quidem
668 4273 768 4351 lociS,
790 4272 849 4337 ubi
871 4271 1035 4336 Societas
1060 4272 1238 4337 residebat
1259 4271 1281 4337 ⁸.
1307 4272 1489 4355 Optabant

253 4381 399 4464 quidem
424 4380 596 4444 valentini
619 4379 658 4443 P.
683 4379 867 4443 Francisci
892 4378 1042 4444 Stradae
1068 4380 1275 4460 conciones;
1304 4381 1485 4447 sedidem

300 4590 307 4623 ¹
335 4590 517 4633 confessarius.

298 4661 310 4693 ¹
337 4660 404 4706 Vide
415 4672 504 4715 supra,
515 4666 534 4704 t.
545 4671 581 4715 tv,
593 4670 652 4715 pag.
663 4658 711 4713 tua,
723 4671 747 4703 n.
761 4660 820 4705 1019.

297 4732 312 4766 ὓ
338 4732 405 4777 Vide
416 4744 504 4789 supra,
513 4744 574 4788 pag.
585 4733 618 4784 11,
630 4744 654 4775 n.
666 4732 699 4776 12.

404 4822 441 4877 T.
458 4841 485 4878 v.
