3717 5400
384 466 443 526 ino
852 474 981 533 Cuaor.
1001 472 1079 533 Soc.
1099 474 1171 546 jas.

389 614 530 691 bantur,
550 615 737 693 compositi
753 631 796 677 ac
809 615 960 679 modesti
974 626 1010 679 et
1023 616 1223 695 diligentes,
1239 626 1277 679 ut
1291 634 1336 679 ne
1350 618 1461 679 verbo
1474 615 1615 697 quidem

390 720 506 783 Deum
520 730 582 783 aut
596 720 777 800 proximos
791 720 1021 785 offenderent.
1037 722 1191 802 Quidam
1203 741 1251 786 ex
1266 724 1318 786 eis
1331 723 1366 787 in
1385 724 1548 787 morbum
1566 723 1614 785 in·

388 827 513 889 cidens
538 828 573 890 in
589 826 885 907 Quadragesima,
905 846 951 891 ne
970 846 1016 892 ex
1033 830 1160 892 medici
1179 830 1321 909 quidem
1345 840 1535 909 praecepto
1556 830 1614 892 ad·

392 934 472 997 duci
488 945 626 1013 poterat
641 945 679 996 ut
694 935 879 1013 prohibitis
893 936 983 999 cibis
996 948 1165 1013 uteretur,
1180 936 1250 1000 nisi
1264 955 1286 1000 a
1299 954 1366 999 suo
1384 944 1614 1017 praeceptore

393 1042 597 1104 facultatem
612 1039 657 1103 ad
672 1042 707 1103 id
722 1042 933 1121 accepisset.
948 1042 1102 1122 Quidam
1114 1045 1222 1106 etiam
1237 1043 1325 1107 flens
1336 1044 1488 1106 accessit
1498 1044 1613 1123 priva·

392 1149 454 1210 tim
469 1148 515 1210 ad
530 1164 633 1209 suum
648 1158 928 1229 praeceptorem,
944 1167 984 1212 se
998 1168 1174 1213 accusans
1186 1148 1280 1229 quod
1294 1149 1537 1230 superioribus
1546 1150 1615 1213 die·

391 1253 457 1317 bus
472 1255 661 1317 veritatem
674 1255 709 1316 in
725 1272 764 1317 re
780 1254 936 1335 quadam
949 1258 1111 1335 celasset,
1127 1274 1235 1335 quam
1249 1267 1333 1320 tunc
1346 1276 1386 1320 se
1404 1258 1510 1320 fateri
1525 1258 1616 1319 velle

390 1360 544 1439 dicebat;
560 1373 594 1423 et
610 1362 680 1423 alia
695 1380 739 1425 ex
755 1363 821 1439 his,
839 1382 929 1443 quae
949 1364 993 1427 de
1012 1364 1348 1443 Ulyssiponensibus
1362 1364 1517 1427 diximus
1532 1364 1553 1441 ¹,
1572 1362 1617 1425 de

391 1467 447 1531 bis
461 1468 568 1531 etiam
583 1468 676 1531 dicta
693 1470 948 1547 intelligantur.

454 1573 543 1637 1588.
587 1574 625 1637 Ρ.
648 1576 855 1639 Emmanuel
881 1576 1100 1655 Fernandez,
1123 1589 1314 1658 postquam
1335 1578 1435 1641 Elvis
1456 1577 1618 1641 rediisset

390 1698 511 1745 mense
526 1681 724 1761 Septembri
737 1684 919 1763 praeteriti
931 1685 1027 1761 anni,
1039 1694 1075 1746 et
1086 1685 1303 1764 aliquamdiu
1315 1684 1544 1748 christianam
1555 1682 1616 1745 do-

390 1791 544 1853 ctrinam
559 1790 697 1853 Eborac
714 1802 950 1870 prosequutus
963 1802 1068 1868 esset,
1084 1792 1121 1855 in
1135 1808 1286 1871 gravem
1300 1790 1423 1855 incidit
1443 1791 1616 1869 morbum,

391 1908 427 1959 et
440 1906 576 1961 aestate
591 1897 695 1977 hujus
709 1898 806 1975 anni,
823 1910 1011 1979 postquam
1026 1901 1270 1973 convaluerat,
1286 1900 1459 1975 recidens,
1479 1898 1525 1961 ad
1545 1896 1616 1960 Do·

392 2004 528 2067 minum
541 2006 710 2083 migravit
724 2003 747 2067 ¹.
763 2005 919 2084 Egregie
934 2006 992 2068 ille
1010 2004 1153 2068 functus
1174 2007 1291 2069 fuerat
1309 2004 1500 2069 Societatis
1517 2006 1617 2069 mini·

393 2112 513 2175 steriis
527 2110 562 2174 in
577 2113 636 2174 illa
654 2112 798 2174 civitate
814 2111 970 2189 Elvensi,
986 2129 1068 2175 eum
1082 2131 1125 2175 eo
1144 2113 1300 2177 secundo
1322 2114 1451 2176 missus
1471 2123 1537 2191 est,
1556 2112 1616 2192 qui

394 2230 431 2279 ut
446 2218 652 2281 avidissime
666 2219 934 2297 expectabatur,
951 2220 1000 2282 ita
1015 2219 1170 2283 fructum
1184 2220 1366 2299 copiosum
1386 2237 1431 2281 ex
1451 2220 1510 2282 illo
1529 2235 1618 2297 agro

395 2325 525 2388 retulit.
542 2324 733 2388 Civitatem
749 2326 884 2389 invenit
898 2312 1044 2406 capace
1058 2326 1233 2389 fruentem
1246 2328 1283 2389 in
1298 2344 1367 2407 qua
1382 2344 1461 2389 eant
1472 2327 1617 2405 relique·

389 2442 459 2495 rat.
475 2430 510 2495 A
525 2432 787 2496 confessionum
802 2443 921 2497 tamen
937 2433 1135 2514 frequentia
1148 2432 1353 2497 defecerant
1366 2434 1535 2511 nonnulli,
1554 2433 1618 2497 sed

392 2539 491 2602 multi
502 2538 793 2619 perseverabant,
805 2550 840 2603 et
852 2543 888 2603 in
899 2540 998 2605 vitiis
1008 2558 1080 2604 aon
1090 2541 1281 2605 mediocris
1291 2540 1491 2603 emendatio
1502 2539 1617 2603 adhuc

391 2646 619 2710 retinebatur.
637 2645 726 2711 Cum
743 2657 860 2712 autem
881 2648 938 2712 ille
953 2650 1158 2713 concionari
1179 2650 1214 2712 in
1230 2665 1367 2712 summo
1388 2648 1519 2728 templo
1539 2664 1617 2740 coe

393 2755 465 2833 pit,
495 2773 516 2816 a
544 2753 829 2833 frequentissimo
860 2757 990 2836 populo
1019 2757 1161 2819 auditus
1188 2767 1264 2832 est,
1293 2757 1354 2837 qui
1381 2773 1462 2818 cum
1487 2772 1617 2834 magno

392 2863 566 2940 applausu
585 2858 662 2923 lieo
681 2863 819 2941 gratias
838 2873 918 2942 post
937 2865 1145 2926 concionem
1165 2864 1313 2942 agebat,
1330 2862 1424 2945 quod
1439 2879 1478 2926 se
1491 2862 1619 2925 iterum

390 2980 466 3030 tam
479 2979 605 3031 saneta
619 2968 782 3033 doctrina
797 2971 969 3034 voluisset
983 2971 1173 3034 consolari.

455 3073 544 3138 1589.
587 3075 743 3138 Vacavit
758 3078 865 3140 etiam
881 3079 1001 3141 multis
1012 3079 1296 3142 confessionibus
1306 3079 1502 3156 audiendis,
1515 3080 1618 3142 simul

430 3281 439 3313 ¹
469 3277 537 3323 Vide
547 3291 634 3335 supra,
646 3292 705 3334 pag.
715 3281 764 3334 563,
774 3293 799 3325 n.
812 3283 871 3334 l5i7,
881 3289 908 3326 et
918 3294 979 3337 pag.
988 3282 1037 3335 ddi,
1048 3294 1090 3326 nu.
1102 3282 1155 3326 taut
1164 3288 1190 3326 et
1202 3283 1261 3327 1551.

429 3352 442 3384 ¹
470 3351 551 3396 Estne
563 3363 653 3395 verum
664 3353 721 3400 hoc.
733 3355 798 3407 quod
810 3355 841 3395 de
852 3361 937 3396 morte
946 3354 1036 3397 Patris
1045 3355 1121 3408 huius
1134 3354 1308 3398 Emmanuelis
1314 3353 1466 3398 Fernandez
1475 3359 1567 3398 narrat
1576 3353 1620 3397 hle

391 3425 532 3470 Polaticus?
542 3423 595 3468 Noa
606 3425 710 3480 quidem
719 3437 812 3469 verum
821 3426 847 3469 id
858 3432 989 3480 putamus,
1003 3428 1061 3470 sola
1078 3434 1166 3470 tamen
1181 3427 1240 3470 fulti
1255 3427 1416 3471 auctoritate
1430 3426 1544 3470 Polancl.
1553 3425 1620 3470 Nam

394 3496 435 3550 l.⁰,
445 3503 474 3540 ut
485 3498 602 3550 pluribus
612 3498 637 3539 in
648 3498 724 3551 hujus
736 3495 858 3540 chronici
867 3498 932 3540 locis
942 3498 1026 3540 visum
1036 3500 1138 3541 abunde
1148 3507 1196 3543 est.
1207 3509 1275 3552 qaae
1292 3500 1317 3541 fn
1329 3498 1455 3542 &tonica
1464 3503 1579 3548 enarnt,
1587 3508 1620 3540 ea

391 3580 424 3611 ex
433 3569 605 3612 monumentis
615 3568 741 3612 exscribit
752 3575 798 3612 aut
810 3569 960 3612 exscribere
969 3571 1041 3623 iubet
1056 3570 1224 3616 authenticis.
1237 3571 1335 3613 litteris
1348 3571 1513 3624 praesertim,
1523 3581 1554 3613 eo
1563 3569 1620 3624 ipso

392 3647 516 3694 tempore,
527 3651 577 3692 quo
587 3647 728 3684 enarratae
739 3651 782 3684 res
793 3641 958 3690 eveniebant.
972 3648 1018 3686 aut
1031 3642 1149 3695 proxime
1163 3644 1283 3695 sequenti
1298 3644 1417 3686 exaratis
1439 3643 1452 3685 2
1464 3642 1476 3666 ⁰
1489 3641 1557 3686 Dum
1570 3642 1619 3684 hoe

392 3711 538 3754 chronicon
548 3712 730 3765 compingebat
741 3711 878 3766 Polaticus,
893 3715 1050 3767 superstites
1064 3714 1149 3756 adhuc
1166 3721 1241 3756 erant
1257 3714 1363 3767 plurimi
1377 3715 1469 3756 barum
1483 3724 1570 3756 rerum
1584 3721 1623 3756 te·

391 3791 454 3836 stes,
459 3790 486 3826 et
496 3784 600 3838 quidam
608 3785 837 3838 auctores,quibus
844 3795 963 3828 errorem
971 3785 1131 3837 detegere,si
1142 3785 1200 3839 quis
1211 3785 1298 3836 fuerit,
1306 3795 1363 3828 erat
1372 3785 1532 3837 facillimum
1542 3785 1619 3828 immo

391 3855 460 3900 omui
470 3857 622 3908 exceptione
633 3856 716 3910 maior
727 3856 802 3900 testis
812 3863 852 3900 est
862 3857 917 3910 ipse
929 3857 1063 3908 Polaneus,
1073 3863 1165 3910 utpote
1174 3869 1218 3911 qut
1228 3868 1292 3911 prae
1306 3857 1420 3901 caeteris
1429 3858 1547 3900 omnibus
1555 3866 1619 3910 prae

392 3926 509 3971 manibus
519 3927 619 3977 habuit.
629 3929 748 3970 versavit
760 3930 981 3982 consenuitque
991 3930 1039 3973 iila
1048 3937 1222 3971 monumenta.

433 3997 492 4048 Sed.
502 3999 523 4042 si
534 3999 600 4042 haec
611 3999 649 4042 t'ta
660 4000 720 4047 siut.
732 4005 786 4042 tres
796 4007 856 4043 sunt
867 3999 893 4042 in
903 4000 952 4042 hoc
963 4000 1020 4043 loco
1029 4000 1197 4051 quaestiones
1207 4010 1224 4040 a
1234 3999 1328 4043 futuris
1339 3999 1432 4043 harum
1441 4009 1528 4043 rerum
1538 3999 1620 4043 histo·

392 4071 454 4114 ricla
462 4079 586 4115 accurate
598 4072 754 4116 tractandae
765 4071 969 4125 solvendaeque.
986 4071 1085 4114 Prima:
1094 4079 1157 4123 quot
1168 4071 1240 4114 fuere
1250 4073 1366 4125 eiusdem
1380 4071 1491 4116 nominis
1505 4070 1622 4122 (Emma-

392 4142 461 4196 nuel)
469 4149 496 4186 et
507 4144 666 4197 cognominis
675 4143 846 4197 (Fernandez)
856 4141 958 4190 Patres.
968 4143 1009 4196 qui
1020 4153 1034 4184 e
1045 4142 1163 4196 Collegio
1173 4143 1308 4195 Eborensi,
1320 4145 1361 4187 cui
1372 4144 1498 4198 adscripti
1508 4143 1621 4188 fuerant.

393 4215 418 4256 ia
428 4215 518 4258 urbem
528 4214 611 4258 Eluas
620 4215 823 4269 praedicationis
832 4214 929 4268 gratia,
941 4219 994 4257 turn
1006 4224 1073 4256 anno
1091 4213 1152 4264 1550,
1168 4220 1223 4256 turn
1242 4214 1302 4264 1551,
1317 4214 1388 4258 missi
1402 4215 1477 4257 sunt?
1492 4213 1620 4257 Secunda:

393 4293 465 4330 estne
476 4297 541 4330 unus
551 4287 669 4340 idemque
682 4287 708 4329 Ρ.
719 4285 873 4330 Emmanuel
882 4284 1034 4329 Fernandea
1043 4285 1096 4334 ille.
1106 4285 1148 4340 qul
1159 4295 1228 4328 anno
1244 4287 1295 4328 lidi
1310 4286 1385 4329 iila-is
1399 4286 1567 4329 concionatus
1580 4292 1622 4329 est

392 4365 418 4402 et
429 4359 481 4410 ille,
492 4359 535 4413 qul
546 4357 670 4410 Joannem
681 4359 777 4412 Nudez,
788 4358 946 4411 Aethiopiae
957 4356 1149 4408 Patriarcham,
1158 4358 1184 4399 in
1194 4357 1293 4400 Indiam
1300 4357 1508 4401 proficiscentem
1518 4355 1624 4400 eomita-

392 4439 435 4474 tus
444 4430 496 4473 esti
507 4429 597 4473 Tertia
607 4430 730 4484 denique:
742 4441 823 4484 genus
832 4431 895 4472 illud
907 4429 1006 4482 mortis,
1017 4429 1085 4482 quod
1095 4435 1221 4471 enarrant
1231 4427 1332 4471 Franco
1346 4435 1372 4472 et
1382 4429 1469 4471 'fellea
1478 4429 1594 4482 quodque
1604 4439 1623 4471 a

393 4501 495 4546 Franco
505 4501 625 4556 martyrii
635 4503 735 4545 nomine
747 4503 893 4546 decoratur.
906 4502 948 4544 cul
962 4500 1069 4543 taudem
1079 4500 1182 4552 obtigit,
1198 4501 1277 4552 illine,
1292 4500 1335 4554 qui
1352 4511 1419 4543 anno
1433 4499 1494 4553 lodii,
1510 4511 1543 4543 an
1556 4509 1623 4543 veto

392 4575 439 4626 llll,
449 4574 491 4629 qui
501 4583 568 4616 anno
582 4573 632 4615 lobi
641 4573 716 4617 Elvis
727 4579 848 4617 versatus
858 4572 914 4615 est?

432 4645 484 4690 Nos
494 4645 546 4697 hle,
557 4655 588 4686 ne
599 4645 795 4688 annotationem
805 4645 881 4696 hane,
891 4642 952 4686 dum
962 4643 1089 4698 opinionis
1098 4649 1205 4687 nostrae
1215 4643 1383 4688 fundamenta
1398 4642 1557 4697 exponimus,
1566 4642 1623 4687 lou-

387 4718 451 4771 ·zlus
461 4727 539 4773 quam
549 4725 599 4770 par
608 4723 648 4759 est
658 4705 851 4771 protrahamus,
862 4717 1028 4772 quaestiones
1037 4716 1086 4759 has
1097 4727 1146 4760 non
1161 4716 1300 4758 solvemus.
