3717 5400
790 550 854 606 Au.
882 550 951 607 1555
1248 631 1256 645 .
1432 548 1483 605 401

247 695 313 758 salii
329 694 398 757 alia
413 697 493 757 loca
510 695 720 773 obtulerant,
737 693 926 758 Comitissa
942 694 1143 775 Rivagorza
1162 698 1169 725 ¹
1193 694 1333 772 (Comes
1355 694 1484 758 Caesa-

253 810 447 881 raugustae
461 819 532 865 non
547 800 635 879 erat)
650 799 876 882 ’impetravit
888 820 909 864 a
923 802 1054 865 nostris
1069 813 1104 865 ut
1116 802 1162 865 ad
1178 818 1280 864 suum
1293 802 1376 864 illud
1389 802 1484 882 oppi-

252 909 337 972 dum
352 908 455 972 irent.
473 908 584 973 Soror
599 910 658 972 illa
683 918 761 972 erat
781 906 820 971 P.
846 908 1031 972 Francisci
1057 910 1208 989 Borgiae
1234 919 1268 971 et
1284 927 1355 971 non
1369 911 1484 971 solum

251 1016 340 1079 benc
355 1014 398 1078 de
413 1016 544 1080 nostris
559 1019 687 1080 merita
700 1015 816 1079 suerat
831 1018 1077 1097 eleemosynas
1099 1018 1231 1081 nostris
1253 1016 1483 1095 conferenda,

255 1122 424 1203 quamdiu
448 1122 759 1203 Caesaraugustae
782 1122 940 1201 suerunt,
962 1123 1075 1186 sedin
1100 1124 1168 1185 hoc
1194 1123 1301 1187 etiam
1326 1124 1483 1203 negoti0,

250 1240 397 1307 :praeter
419 1230 762 1293 commiserationem
788 1241 1009 1301 nostrorum,
1036 1248 1107 1310 qua
1133 1230 1238 1293 valde
1260 1229 1391 1293 afflicta
1407 1230 1483 1305 luit,

247 1354 336 1400 cum
359 1338 411 1401 sic
431 1346 573 1400 nostros
593 1337 741 1400 tractari
764 1337 912 1415 videret,
941 1338 1019 1417 ipsa
1044 1338 1149 1401 etiam
1176 1338 1485 1401 excommunicata

188 1438 193 1448 '
250 1446 320 1508 ⁴iuit
335 1455 370 1509 et
386 1446 430 1509 ab
446 1446 597 1517 ecclesia
612 1444 736 1524 ejecta,
753 1444 848 1525 quod
863 1446 994 1508 nostris
1009 1444 1156 1519 faveret,
1175 1446 1269 1525 quod
1284 1454 1319 1507 et
1332 1446 1412 1509 aliis
1425 1463 1485 1507 no·

247 1548 383 1616 'bilibus
397 1552 485 1615 viris
501 1570 543 1615 ac
564 1551 849 1616 benefactoribus
869 1562 1073 1615 nostrorum
1093 1552 1222 1615 accidit
1248 1560 1328 1631 post
1343 1552 1487 1615 interdi-

248 1672 365 1738 ctum,
382 1670 526 1739 praeter
551 1659 705 1738 priorem
720 1660 817 1722 illam
829 1660 1243 1736 excommunicationem,
1260 1676 1367 1738 quam
1389 1677 1487 1739 paro·

249 1768 345 1829 chos
360 1766 460 1830 initio
475 1764 579 1845 hujus
599 1766 865 1830 controversiae
881 1766 1082 1829 declarasse
1098 1765 1251 1829 diximus
1273 1776 1398 1829 contra
1414 1784 1486 1844 eos

261 1874 320 1955 qui
333 1884 496 1937 nostrum
509 1874 679 1936 sacellum
694 1873 875 1936 adiissent.

322 1978 409 2043 1081.
454 1978 525 2043 Sed
536 1980 733 2060 Episcopus
743 1978 921 2057 Oscensis
934 1981 1075 2043 nomine
1084 1978 1311 2059 Alphonsus³
1324 1979 1490 2059 Augusti-

261 2103 338 2166 nus,
352 2103 438 2167 prae
449 2086 601 2150 caeteris
614 2088 778 2149 omnibus
792 2103 961 2165 magnum
974 2088 1129 2149 animum
1143 2104 1185 2149 ac
1198 2086 1324 2149 fortem
1336 2088 1371 2149 in
1386 2086 1491 2150 rcbus

261 2194 393 2258 nostris
408 2193 636 2257 defendendis
658 2210 797 2274 semper
813 2193 971 2257 exhibuit
993 2206 1027 2255 et
1047 2184 1271 2273 tyrannidem
1293 2195 1490 2275 opprimen-

261 2301 348 2364 tium
362 2318 424 2363 eos
439 2300 731 2381 reprehendebat,
755 2313 789 2363 et
806 2318 848 2363 ea
864 2300 1098 2363 sollicitudine
1121 2302 1261 2364 demum
1277 2318 1334 2363 res
1348 2311 1492 2363 nostras

263 2408 491 2487 procurabat,
513 2417 550 2469 ut
571 2424 678 2487 quarn
694 2407 854 2469 maxime
880 2417 991 2470 totam
1012 2418 1171 2471 nostram
1193 2406 1406 2471 Societatem
1425 2406 1493 2470 sibi

261 2514 473 2589 devinxeris
487 2526 522 2577 et
534 2525 675 2593 praeter
687 2524 841 2592 caetera,
853 2532 945 2594 quac
958 2532 1085 2595 passus
1096 2526 1161 2593 est,
1176 2516 1319 2578 tandem
1331 2515 1422 2577 inter
1434 2532 1492 2577 ex·

265 2622 546 2701 communicatos
560 2621 721 2702 depictus
740 2622 816 2700 luit,
833 2639 915 2685 cum
929 2640 993 2684 sua
1014 2623 1119 2686 mitra
1136 2622 1263 2685 sedens
1283 2623 1373 2685 inter
1390 2639 1493 2703 quos·

264 2730 348 2793 dam
363 2731 566 2807 daemones
582 2727 819 2810 quibusidam]
835 2747 880 2792 ex
895 2731 1028 2793 nostris
1043 2748 1124 2794 eum
1139 2731 1400 2793 comitantibus.
1423 2729 1492 2793 Sed

264 2835 399 2916 primus
413 2855 457 2899 ex
471 2835 599 2915 juratis
613 2835 659 2899 D.
676 2835 897 2915 Augustinus
913 2839 1053 2900 nomine
1068 2835 1080 2867 ⁴
1095 2847 1128 2900 et
1142 2837 1186 2900 D.
1208 2838 1364 2920 Joannes
1380 2837 1493 2900 Ludo·

263 2943 365 3007 vicus
380 2942 568 3021 Gonzalez,
585 2953 820 3006 conservator
835 2943 857 3021 ³,
875 2961 917 3005 ac
938 2941 982 3006 D.
1005 2943 1176 3007 Moranus
1189 2943 1209 3026 <⁶
1228 2961 1335 3007 veros
1355 2962 1392 3008 se
1409 2945 1492 3008 arni·

263 3067 328 3114 cos
342 3047 531 3114 Societatis
543 3062 665 3131 aperte
680 3050 920 3130 ostenderunt;
932 3052 1001 3127 aiii,
1019 3053 1100 3114 licet
1116 3053 1234 3130 amici,
1245 3051 1495 3115 furorem'con·

264 3157 363 3220 citati
372 3157 492 3237 populi
504 3158 678 3235 timentes,
693 3175 794 3220 suam
806 3159 1089 3221 benevolentiam
1101 3158 1240 3221 silentio
1253 3160 1492 3221 occultabant.

326 3262 413 3327 1082.
456 3263 658 3344 Peruagata
687 3279 740 3327 est
761 3265 850 3327 haec
874 3264 969 3327 lama
996 3283 1058 3344 per
1084 3267 1267 3344 complura
1292 3266 1371 3328 loca
1393 3275 1495 3328 extra

256 3370 598 3449 Caesaraugustam,
609 3371 652 3434 de
661 3389 730 3451 qua
743 3372 884 3434 omnino
896 3371 1171 3451 relinquendain
1184 3382 1336 3435 mentem
1348 3381 1496 3434 venerat

263 3475 301 3539 P.
318 3476 511 3539 Francisco
534 3477 702 3556 Borgiae;
727 3477 789 3540 sed
811 3477 925 3540 bonae
947 3478 1200 3542 existimationi
1220 3477 1405 3542 Societatis
1423 3479 1500 3541 ubi-'

258 3601 331 3664 quc
353 3584 388 3645 in
409 3585 528 3663 regnis
544 3583 738 3664 Hispaniae
759 3585 950 3646 convenire
971 3584 1173 3661 videbatur,
1197 3596 1234 3648 ut
1255 3588 1367 3648 nostri
1388 3603 1429 3648 eo
1445 3603 1496 3648 re·

270 3725 411 3734 -—-—.—-
427 3727 483 3732 .—

305 3789 313 3820 l
342 3789 476 3833 Ludovicu
486 3789 517 3831 de
529 3789 608 3844 Borja
619 3795 644 3832 et
657 3790 775 3844 Aragon.

304 3861 316 3892 ¹
343 3860 432 3904 Verba
443 3862 515 3911 haec,
524 3863 624 3905 uncinis
634 3863 732 3907 clausa.
742 3862 776 3905 eti
785 3873 859 3906 oram
869 3864 981 3916 paginae
992 3863 1112 3917 apposuit
1121 3863 1227 3916 propria
1237 3873 1313 3906 manu
1326 3863 1454 3906 Polaticus
1464 3861 1497 3906 sl·

263 3944 319 3988 ⁴guo
333 3942 362 3976 nt
380 3933 422 3976 hic
437 3933 586 3977 inseruntur
601 3934 853 3978 addito-biartinus
867 3936 898 3978 de
913 3936 1030 3989 Aragon,
1046 3933 1138 3978 Comes
1154 3933 1184 3977 de
1201 3933 1355 3988 Rlbugorza,
1367 3940 1426 3978 erat
1439 3941 1499 3978 tunc

265 4005 390 4058 temporis
400 4004 555 4049 incomitata
564 4005 686 4060 Philippi,
697 4005 777 4060 Regis
788 4007 907 4059 Angllne.
919 4006 1032 4052 Nouam.
1042 4004 1081 4048 La
1092 4009 1173 4048 santa
1184 4005 1322 4059 Daquesa,
1333 4016 1390 4059 cap.
1401 4016 1465 4048 xvir.

308 4077 320 4108 ⁸
347 4075 398 4131 Sic,
415 4085 455 4120 eat
470 4082 559 4120 autem
573 4077 741 4130 Petrus-,mec
754 4089 864 4132 usquam
876 4079 939 4122 alibi
955 4089 1013 4122 eum
1023 4077 1191 4132 alphonsum
1202 4087 1246 4122 aut
1258 4077 1369 4121 Petrum
1386 4077 1501 4131 niphan-

261 4158 327 4190 sum
338 4149 500 4202 appellatum
511 4149 662 4204 reperimus.

305 4220 317 4252 ⁴
343 4219 455 4271 Jacobus
466 4220 627 4274 Augustinus
638 4221 774 4274 (agustini
784 4220 825 4263 dei
836 4219 954 4264 Castlllo.
966 4219 1032 4264 Vide
1043 4231 1130 4275 supra,
1141 4231 1202 4274 pag.
1212 4219 1261 4274 399,
1273 4231 1296 4266 n.
1311 4219 1370 4275 1075,
1380 4229 1468 4265 annot.
1481 4219 1501 4262 l.

306 4289 318 4321 Ι
345 4290 523 4334 conservator
534 4292 693 4346 aragoniae.
704 4291 774 4335 Iota.

307 4359 320 4393 θ
347 4361 398 4417 Sic;
407 4363 452 4406 sed
463 4363 569 4407 dubium
583 4365 629 4407 vix
639 4376 695 4407 esse
704 4371 789 4418 potest
802 4365 862 4419 quin
872 4375 958 4409 sermo
968 4364 1010 4409 hic
1022 4364 1067 4409 fiat
1077 4365 1108 4408 de
1117 4363 1184 4408 Dno.
1199 4365 1298 4409 Diduco
1309 4363 1340 4408 de
1356 4363 1502 4408 Morlanes.

266 4433 470 4490 “Desemparole
482 4436 650 4490 (Episcopum
661 4435 809 4494 Oscensem)
818 4439 842 4481 el
858 4438 969 4482 Assesor
980 4449 1029 4493 que
1039 4439 1118 4491 tertia,
1131 4449 1163 4481 no
1174 4438 1314 4493 queriendo
1329 4440 1386 4481 mais
1397 4447 1502 4481 aeonae·

262 4507 342 4563 ierim
352 4518 416 4563 pero
427 4513 545 4566 proveyd
555 4509 618 4554 Dios
628 4510 659 4552 de
670 4517 736 4562 otro,
748 4521 797 4564 que
807 4510 848 4553 lue
859 4509 940 4554 Micer
955 4509 1038 4563 Diego
1052 4509 1190 4564 Moriunes,
1206 4520 1255 4564 que
1271 4511 1295 4552 lo
1312 4511 1369 4553 hizo
1384 4520 1433 4554 con
1446 4511 1503 4554 mas

267 4580 393 4624 voluntnd
404 4593 421 4634 y
431 4580 507 4624 calor
517 4591 565 4635 que
576 4583 599 4624 ei
610 4583 731 4635 primero,
741 4582 913 4626 comenzando
923 4585 940 4626 d
950 4593 993 4625 ser
1003 4583 1089 4636 amigo
1100 4595 1116 4638 y
1128 4581 1298 4626 favorecedor
1314 4593 1347 4624 en
1357 4586 1504 4638 eoyuntura

264 4653 426 4706 qualesque
443 4655 519 4696 antea
535 4654 559 4696 io
570 4664 633 4696 eran
645 4655 669 4697 lo
680 4653 756 4707 dejan
766 4654 797 4696 de
812 4664 862 4709 ser,
880 4665 928 4708 que
940 4665 968 4698 es
984 4665 1013 4697 en
1029 4655 1055 4697 la
1066 4651 1232 4707 adversidad,
1244 4655 1343 4708 prueba
1353 4653 1385 4698 de
1396 4653 1505 4698 mutim

269 4731 371 4778 εοεαε]
384 4725 441 4766 mas
456 4723 488 4767 de
502 4724 529 4768 la
543 4722 594 4768 tina
610 4724 730 4768 amistad.
746 4723 793 4769 Tai
810 4726 852 4769 lue
864 4726 891 4770 la
905 4725 938 4770 de
947 4725 1028 4769 Micer
1039 4725 1122 4779 Dlego
1132 4723 1285 4778 Meriones„
1297 4726 1430 4777 lituum,
1439 4725 1457 4769 Ι.
1467 4736 1493 4768 c.

265 4804 328 4849 cup.
339 4794 375 4839 st.

433 4885 471 4940 T.
489 4905 516 4942 v.
1328 4886 1364 4941 26
