3717 5400
789 515 854 575 Art.
881 515 952 574 1555
1431 516 1489 577 449

253 661 455 741 exemplum
470 661 506 723 in
520 670 826 726 sacramentorum
845 659 1129 741 frequentatione
1145 662 1234 724 alios
1255 661 1301 724 ad
1319 660 1487 725 imitatio·

256 783 338 829 nem
351 766 533 830 incitabat.

319 872 407 937 1210.
453 874 549 937 lnter
563 875 653 937 duos
668 874 826 953 insignes
841 885 875 937 et
890 875 1012 955 magni
1027 875 1180 939 nominis
1194 874 1304 951 viros
1319 876 1382 956 qui
1395 877 1486 939 litte·

256 998 317 1045 ras
339 982 483 1045 easdem
503 981 768 1062 profitebantur,
790 982 992 1062 periculosa
1012 982 1187 1063 quaedam
1208 982 1382 1047 dissensio
1405 992 1486 1049 orta

255 1089 383 1168 fuerat,
399 1089 493 1170 quod
508 1090 597 1153 alter
613 1088 716 1153 alteri
729 1105 879 1169 gravem
894 1088 1060 1169 injuriam
1076 1090 1196 1153 verbis
1209 1099 1244 1153 et
1262 1089 1426 1153 manibus
1447 1092 1483 1154 in

257 1196 397 1277 publico
411 1197 615 1260 scholarum
629 1198 708 1260 loco
722 1196 915 1276 intulisset;
932 1206 967 1261 et
989 1197 1071 1278 quia
1091 1197 1133 1273 is,
1155 1197 1216 1278 qui
1234 1196 1388 1263 offensus
1410 1198 1485 1261 fue·
1583 1236 1585 1240 .

256 1312 325 1383 rat,
341 1304 471 1367 multos
485 1303 773 1384 consanguineos
788 1303 924 1367 nobiles
947 1302 1110 1382 habebat,
1131 1304 1243 1383 ipsius
1261 1302 1425 1384 injuriam
1445 1316 1483 1369 ut

255 1409 439 1490 propriam
452 1409 685 1491 accipiebant,
703 1410 801 1473 etita
816 1410 860 1473 de
875 1410 1008 1473 ultione
1019 1410 1113 1474 serio
1125 1410 1290 1489 agebant.
1303 1410 1403 1475 Multi
1415 1412 1484 1477 viri

257 1532 390 1597 graves
405 1534 526 1580 eorum
541 1516 866 1581 reconciliationem
886 1525 1079 1596 tentarunt,
1101 1517 1164 1580 sed
1185 1534 1266 1581 cum
1288 1516 1486 1584 diffiderent

256 1642 295 1688 se
309 1640 415 1705 posse
429 1624 603 1687 rationem
620 1624 710 1687 inire
724 1623 770 1687 ad
785 1640 909 1704 pacem
923 1624 1019 1687 ‘hanc
1038 1622 1250 1703 faciendam,
1271 1625 1408 1688 duobus
1428 1642 1484 1689 sa·

257 1730 460 1795 cerdotibus
475 1728 663 1795 Societatis
677 1730 858 1811 negotium
872 1730 939 1793 hoc
954 1730 1257 1794 commendarunt.
1274 1730 1342 1811 Qui
1357 1731 1400 1796 de
1415 1732 1486 1797 hac

258 1838 452 1902 concordia
478 1856 558 1902 cum
580 1854 688 1917 agere
709 1837 920 1917 coepissent,
946 1836 1014 1901 Dei
1038 1836 1156 1917 gratia
1178 1836 1381 1919 adjuvante,
1405 1856 1486 1905 eam

260 1948 507 2027 impetrarunt;
524 1956 559 2008 et
578 1955 616 2007 ut
638 1944 796 2008 stabilior
817 1944 1010 2007 concordia
1032 1944 1140 2023 fieret,
1166 1943 1332 2008 Missa'in
1353 1947 1485 2009 sacello

190 2095 193 2101 ,
259 2054 372 2117 nostri
387 2051 537 2131 Collegii
551 2051 646 2116 dicta
660 2062 726 2132 est,
742 2069 812 2133 quo
827 2051 898 2114 duo
913 2052 964 2114 illi
984 2061 1226 2115 convenerant
1247 2062 1282 2115 et
1303 2052 1404 2115 multi
1425 2054 1486 2118 alii

257 2160 424 2241 generosi
437 2159 652 2238 scholastici,
670 2160 728 2241 qui
742 2157 788 2222 ad
804 2176 878 2222 rem
894 2175 1117 2239 summopere
1133 2169 1291 2240 optatam
1312 2177 1487 2224 convene-

258 2276 360 2341 rant„
372 2266 427 2330 1111
447 2274 566 2330 autem
588 2265 668 2343 duo,
691 2282 728 2328 se
750 2282 832 2328 cum
850 2265 969 2329 multis
993 2265 1163 2345 lacrymis
1182 2266 1335 2330 invicem
1355 2270 1486 2347 ample·

259 2384 406 2454 etentes,
422 2382 496 2437 tam
510 2374 584 2437 suis
599 2390 705 2453 quam
720 2373 971 2453 spectantium,
988 2388 1074 2453 prae
1089 2373 1200 2436 animi
1215 2373 1359 2452 laetitia,
1381 2374 1486 2440 simul

259 2482 387 2546 deinde
401 2480 723 2555 communica-unu
742 2489 787 2559 et,
809 2489 847 2542 ut
862 2480 1003 2559 ipsimet
1023 2488 1147 2560 postea
1167 2478 1380 2561 fatebantur,
1401 2499 1489 2545 nun·

259 2606 367 2671 quam
381 2602 455 2651 tam
469 2596 570 2651 arcta
584 2587 770 2651 dilectione
787 2587 884 2666 prius
899 2603 937 2650 se
952 2587 1160 2666 dilexerant,
1173 2604 1280 2668 quam
1292 2606 1337 2652 ex
1348 2606 1390 2653 eo
1402 2597 1486 2654 tem·

259 2715 346 2779 pore
361 2715 399 2760 se
414 2696 562 2776 diligere
576 2705 768 2776 coeperunt
782 2704 818 2758 et
828 2695 915 2759 vicit
928 2703 1069 2758 mutuae
1081 2695 1267 2760 charitatis
1279 2697 1489 2776 magnitudo

261 2804 466 2869 inimicitiae
481 2803 658 2866 maximae
672 2802 900 2883 gravitatem.

323 2910 412 2975 1211.
454 2908 589 2974 Eodem
614 2919 772 2989 tempore
792 2909 969 2990 quoddam
989 2911 1085 2974 aliud
1107 2911 1366 2975 discordiarum
1387 2913 1488 2977 semi·

261 3020 401 3083 narium
420 3018 615 3082 extinctum
635 3016 718 3093 fuit;
740 3033 821 3080 cum
843 3016 937 3081 enim
958 3018 1085 3080 mulier
1106 3017 1281 3098 quaedam
1303 3017 1488 3084 clandesti-

259 3143 345 3190 num
359 3125 621 3189 matrimonium
637 3140 717 3186 cum
732 3122 802 3186 alio
817 3128 826 3160 ¹
843 3125 1091 3201 contraxisset,
1108 3135 1361 3204 persuaserunt
1375 3125 1408 3188 ei
1428 3144 1489 3206 pa·

260 3243 378 3297 rentes
388 3232 464 3313 ejus
478 3241 516 3294 ut
527 3230 715 3294 veritatem
725 3241 887 3310 negaret;
900 3230 1108 3310 displicebat
1121 3231 1214 3295 enim
1226 3232 1277 3294 eis
1289 3230 1489 3312 hujusmodi

260 3339 539 3415 matrimonium;
556 3347 591 3401 et
605 3337 743 3417 publice
760 3337 866 3400 liliam
881 3337 942 3400 alii
965 3339 1043 3400 viro
1063 3339 1188 3418 nuptui
1207 3339 1438 3418 tradiderunt,
1455 3351 1490 3404 et

261 3463 324 3526 per
338 3445 518 3509 biennium
532 3461 654 3507 coram
669 3443 820 3506 diversis
832 3441 1010 3522 judicibus
1022 3461 1102 3507 cum
1118 3461 1181 3508 suo
1197 3445 1350 3526 perjurio
1364 3447 1490 3511 mulier

260 3551 515 3634 perseverabat
526 3562 561 3614 et
575 3551 807 3630 plurimorum
821 3551 998 3613 malorum
1014 3567 1056 3613 ac
1072 3549 1286 3615 offensarum
1298 3551 1366 3616 Dei
1380 3570 1490 3618 causa

261 3668 350 3735 erat,
367 3675 449 3720 cum
463 3658 533 3721 duo
547 3657 668 3737 populi
683 3656 728 3719 ob
743 3657 836 3720 hanc
851 3655 1068 3720 discordiam
1083 3667 1117 3720 et
1133 3659 1229 3721 litem
1239 3658 1388 3723 factiose
1399 3659 1492 3724 inter

262 3783 301 3830 se
316 3766 581 3829 contenderent.
603 3762 673 3828 Sed
692 3763 752 3827 ubi
771 3762 914 3844 quidam
936 3780 981 3826 ex
1004 3764 1135 3828 nostris
1156 3765 1400 3830 sacerdotibus
1419 3785 1493 3832 mu·

262 3873 384 3937 fierem
398 3872 490 3935 hanc
506 3872 705 3952 alloquutus
720 3885 785 3949 est,
801 3871 853 3933 sic
868 3869 945 3950 eJ'us
960 3871 1100 3934 animus
1116 3870 1182 3934 Dei
1196 3873 1313 3951 gratia
1326 3890 1493 3954 compun-

262 3991 352 4058 ctus,
376 3990 411 4044 et
432 3979 608 4042 sententia
631 3986 767 4041 mutata
790 3987 860 4055 est,
883 3987 940 4051 ut,
964 3979 1178 4059 contemptis
1200 3979 1303 4042 minis
1323 3981 1436 4058 patris
1458 3992 1495 4046 et

260 4081 619 4168 consanguineorum,
645 4084 835 4148 veritatem
858 4085 905 4148 sit
929 4084 1094 4148 confessa
1121 4095 1156 4149 et
1182 4085 1225 4152 ad
1251 4103 1353 4149 suum
1379 4088 1489 4166 legiti-

262 4214 357 4260 mum
382 4195 550 4258 maritum
573 4192 736 4271 reducta,
763 4191 857 4272 quod
881 4192 1063 4257 laboribus
1090 4203 1124 4256 et
1149 4193 1303 4257 dissidiis
1328 4195 1495 4259 maximis

260 4303 365 4366 finem
384 4300 562 4380 imposuit;
584 4309 619 4362 et
639 4315 771 4378 magna
792 4315 982 4379 cumpace
1003 4308 1038 4363 et
1058 4299 1290 4364 admiratione
1308 4301 1492 4368 hominum

262 4411 298 4473 in
312 4410 380 4472 hoc
395 4406 620 4470 matrimonio
634 4406 816 4486 praedicto
831 4408 1092 4486 perseveravit.

324 4515 412 4579 1212.
456 4514 557 4593 Ludi,
575 4511 660 4595 [qui]
676 4515 712 4576 in
728 4513 939 4594 quibusdam
955 4514 1117 4577 domibus
1132 4515 1270 4595 publice
1282 4518 1493 4582 exerceban-

263 4675 477 4688 -——-

305 4761 314 4792 ¹
343 4757 456 4807 Scilicet,
466 4765 528 4798 cum
538 4754 593 4800 alto
602 4756 636 4798 ab
647 4767 685 4810 eo,
694 4765 773 4810 quem
782 4759 914 4810 parentes
926 4757 953 4800 er'
962 4756 1144 4800 destinabant.

425 4843 464 4899 T.
480 4861 509 4902 v.
