3717 5400
793 485 857 542 An.
880 484 952 542 lbb'r
1436 471 1507 542 653²

256 627 486 708 coniunctum
506 640 594 706 erat,
619 629 885 693 instruebantur
911 629 977 692 sub
1001 629 1150 692 honesta
1175 629 1328 709 quadam
1354 639 1390 692 et
1415 646 1497 711 per.

256 744 400 814 spectae
417 736 560 799 virtutis
579 747 757 814 matrona,
779 747 814 799 et
835 736 872 799 P.
896 735 1027 800 Paulus
1051 737 1058 766 ¹
1080 736 1184 798 italus
1205 753 1328 800 earum
1349 737 1491 802 institu-

260 842 349 904 tioni
363 857 541 922 praeerat,
559 853 592 906 et
610 843 734 906 deinde
749 843 924 922 baptismo
939 852 1169 922 regeneratas
1184 842 1394 907 dimittebat.

322 949 410 1012 1792.
453 949 597 1012 Emerat
612 961 732 1012 autem
746 949 783 1013 P.
802 949 991 1012 Baithasar
1006 950 1130 1012 domos
1141 950 1313 1029 quasdam
1329 950 1488 1029 Collegio

260 1041 411 1133 vicinas,
427 1067 461 1119 et
477 1057 523 1120 ad
537 1057 654 1119 studia
676 1057 815 1137 publica
835 1057 977 1120 scholas
997 1056 1169 1137 quasdam
1188 1055 1409 1137 conficiebat,
1431 1060 1491 1121 ubi

258 1164 373 1226 nostri
388 1179 472 1225 suas
487 1165 657 1226 lectiones
672 1173 817 1244 possent
832 1164 1011 1245 prosequi.

321 1259 409 1332 1793.
453 1269 666 1350 Collegium,
694 1271 787 1350 quod
810 1271 964 1334 diximus
989 1269 1011 1348 ¹,
1037 1286 1227 1349 puerorum
1253 1271 1418 1334 indorum
1439 1289 1492 1334 se·

257 1378 444 1456 ptuaginta
474 1378 532 1438 vel
565 1377 746 1456 octoginta
775 1377 840 1440 sub
874 1375 979 1456 hujus
1006 1366 1091 1439 anni
1118 1376 1223 1440 finem
1249 1378 1424 1457 habebat,
1456 1388 1491 1441 et

257 1495 399 1562 praeter
420 1482 509 1546 duos
529 1485 608 1546 illos
627 1483 820 1564 Principes
842 1483 1015 1565 Joannem
1035 1495 1070 1548 et
1090 1484 1314 1564 Alphonsum
1333 1485 1448 1549 dictos
1466 1484 1491 1564 ³,

257 1591 382 1653 tertius
398 1590 565 1654 Ormuzio
587 1601 745 1665 venerat,
768 1593 909 1654 nomine
932 1591 974 1654 D.
999 1591 1188 1654 Antonius.
1212 1591 1323 1655 Erant
1344 1601 1379 1654 et
1400 1594 1492 1656 inter

257 1698 347 1759 alios
362 1684 470 1777 aliqui
483 1698 716 1761 lusitanorum
731 1698 790 1761 lilii
806 1717 851 1760 ex
865 1699 1069 1761 mulieribus
1081 1698 1244 1761 lusitanis
1254 1701 1312 1761 vel
1325 1699 1430 1778 indis,
1447 1714 1488 1762 ut

258 1821 323 1866 suo
339 1806 500 1884 exemplo
514 1813 548 1866 et
564 1805 748 1884 colloquiis
759 1805 850 1868 alios
862 1803 1085 1884 adjuvarent.
1102 1805 1223 1885 Aliqui
1236 1822 1359 1868 eorum
1372 1806 1491 1885 legere

258 1921 294 1972 et
309 1910 465 1974 scribere
481 1922 514 1973 et
526 1912 667 1990 praxim
680 1911 923 1974 arithmeticae
939 1910 1184 1989 addiscebant3
1198 1912 1344 1992 triginta
1359 1922 1395 1974 et
1406 1931 1490 1993 qua·

258 2025 340 2080 tuor
360 2036 405 2080 ex
428 2019 479 2080 eis
498 2019 620 2082 latinis
639 2019 766 2082 litteris
790 2018 922 2082 dabant
941 2036 1104 2098 operam,
1122 2029 1157 2080 et
1176 2020 1268 2081 inter
1288 2036 1350 2082 eos
1371 2022 1490 2100 aliqua

258 2134 360 2188 erant
376 2127 562 2202 praeclara
578 2126 732 2205 ingenia.
750 2122 919 2188 Praeerat
932 2127 983 2188 eis
998 2125 1091 2188 idem
1106 2123 1143 2188 P.
1162 2125 1292 2188 Paulus
1311 2143 1392 2188 cum
1406 2126 1489 2190 duo·

257 2230 324 2294 bus
340 2249 385 2295 ex
400 2234 531 2295 nostris
547 2231 722 2310 PatribuS,
739 2232 799 2313 qui
815 2231 940 2295 studiis
956 2249 1101 2312 operam
1118 2233 1261 2295 dabant.

321 2337 407 2400 1794.
452 2338 625 2418 Quamvis
650 2339 790 2403 fructus
816 2338 985 2419 egregius
1005 2339 1265 2418 percipiebatur
1285 2357 1330 2402 ex
1355 2349 1488 2403 nostro-

258 2453 338 2508 rum
353 2446 532 2508 laboribus
553 2446 653 2508 Goae
674 2457 708 2509 et
729 2447 764 2508 in
785 2447 864 2509 aliis
885 2446 1005 2509 Indiae
1022 2447 1122 2524 locis,
1144 2445 1420 2510 conficiebantur
1440 2456 1489 2509 ta·

257 2569 338 2614 men
353 2553 459 2632 pauci
474 2555 627 2632 operarii
642 2554 768 2616 messis
788 2553 1048 2632 magnitudine3
1066 2564 1100 2615 et
1118 2553 1198 2616 ideo
1212 2552 1490 2633 jucundissimus

258 2658 323 2723 fuit
339 2669 541 2723 nostrorum
562 2661 753 2735 adventus,
774 2661 833 2741 qui
853 2660 921 2724 hoc
938 2675 1058 2723 mense
1078 2658 1276 2741 Septembri
1296 2662 1332 2723 in
1351 2660 1502 2753 Indiam¹

258 2769 486 2847 appulerunt,
514 2777 549 2829 et
574 2769 697 2848 pulsus
720 2783 976 2849 campanarum
1005 2767 1229 2832 Cathedralis
1253 2768 1426 2832 ecclesiae
1454 2770 1489 2831 iu

258 2874 414 2937 laetitiae
439 2875 579 2953 signum
605 2886 747 2937 nostros
773 2873 1042 2938 commonefecit
1062 2892 1175 2937 naves
1199 2876 1245 2937 ad
1267 2884 1409 2955 portum
1430 2893 1488 2957 ap·

258 2982 400 3059 pulisse.
425 2980 604 3045 Occursus
624 2983 731 3045 etiam
750 2984 953 3059 multorum,
974 2982 1035 3062 qui
1054 2980 1099 3042 ad
1119 2980 1317 3060 Collegium
1338 3000 1488 3062 congra-

258 3090 404 3151 tulaturi
422 3090 622 3167 veniebant,
645 3090 782 3169 aliquos
804 3108 849 3151 ex
867 3090 999 3152 nostris
1019 3090 1161 3175 uenisse
1181 3089 1449 3169 significaverat
1464 3089 1488 3152 ⁴.

321 3195 408 3258 1795.
452 3195 547 3259 Misit
563 3212 648 3275 ergo
664 3195 702 3258 P.
720 3196 906 3259 Balthasar
918 3196 1007 3259 duos
1018 3213 1063 3258 ex
1076 3194 1248 3258 fratribus
1259 3213 1339 3259 cum
1352 3197 1488 3275 scapha

258 3302 304 3365 ad
330 3314 490 3383 portum,
517 3304 653 3367 duabus
677 3304 788 3366 leucis
814 3303 1023 3382 distantem,
1047 3312 1082 3365 et
1109 3314 1341 3366 occurrerunt
1362 3304 1489 3383 reliqui

258 3412 462 3488 collegiales
481 3412 715 3490 venientibus
738 3428 827 3490 quos
847 3409 987 3489 plurimi
1007 3410 1114 3473 etiam
1137 3410 1296 3472 homines
1315 3427 1396 3472 cum
1417 3427 1488 3472 ma·
1551 3449 1558 3459 ·

257 3532 329 3594 gna
345 3519 479 3580 laetitia
500 3518 732 3596 deducebant;
754 3535 819 3580 nec
839 3517 943 3580 facile
963 3528 1056 3579 esset
1074 3517 1254 3596 explicare
1273 3527 1405 3596 quanta
1421 3518 1491 3580 lae·

258 3623 335 3685 titia
351 3636 385 3687 et
400 3634 541 3688 nostros
557 3636 591 3689 et
607 3636 774 3690 externos
788 3624 1018 3706 perfuderint,
1035 3625 1199 3703 quamvis
1209 3624 1425 3687 intellectum
1441 3624 1489 3686 sit

258 3729 427 3809 majorem
444 3750 565 3795 eorum
580 3742 719 3813 partem
734 3732 769 3795 in
785 3732 1013 3812 Aethiopiam
1028 3730 1242 3793 destinatam
1252 3746 1342 3809 esse;
1359 3742 1394 3793 et
1408 3740 1489 3811 post

258 3837 397 3918 aliquos
423 3839 497 3901 dies
519 3840 720 3919 praefectus
742 3842 856 3918 navis,
880 3856 971 3920 quae
992 3838 1128 3901 fecerat
1147 3837 1385 3917 naufragium,
1408 3855 1489 3901 cum

257 3946 377 4025 sociis,
394 3956 431 4009 ut
445 3964 553 4025 supra
570 3947 723 4011 diximus
739 3947 761 4027 ⁵,
775 3957 935 4011 venerat.
951 3945 1021 4011 Sed
1033 3954 1114 4009 ante
1127 3945 1265 4008 initium
1276 3944 1489 4009 Novembris

257 4047 372 4117 r'edire
393 4072 463 4117 non
484 4055 598 4135 potuit
618 4055 709 4117 idem
726 4054 927 4136 praefectus
948 4072 1029 4117 cum
1051 4053 1163 4115 tribus
1184 4053 1388 4129 biremibus,
1410 4068 1489 4131 pro·

261 4156 381 4241 pterea
399 4162 493 4242 quod
508 4162 605 4225 venti
621 4162 789 4225 contrarii
806 4161 841 4224 id
857 4160 1107 4241 impediebant.

258 4338 472 4351 ———

297 4442 306 4473 ¹
335 4442 364 4485 P.
374 4442 471 4485 Paulus
483 4441 595 4492 Camers,
605 4453 651 4485 seu
662 4454 694 4485 cx
707 4440 857 4485 Camerino.

297 4514 309 4545 ⁸
338 4512 664 4567 suprn,pag.oto,n.1783.

297 4586 309 4615 ³
337 4584 663 4640 Suprafflagaotmitst.

294 4658 306 4690 ⁴
335 4656 400 4701 Vide
411 4668 498 4711 supra,
510 4668 569 4711 pag.
580 4656 628 4707 ott.
637 4669 661 4701 n.
674 4656 726 4701 1751
737 4666 763 4703 et
773 4669 832 4713 pag.
842 4656 891 4713 616,
902 4669 931 4702 n.
944 4657 1005 4702 1772,

295 4728 308 4759 ⁶
336 4728 399 4783 Pac.
409 4728 457 4781 oto,
469 4740 494 4771 n.
506 4728 569 4772 1773.
