3717 5400
742 533 744 540 ,
822 481 886 542 Au.
908 482 978 542 1555
1464 481 1516 541 199

283 629 346 710 pio
364 629 562 693 ministerio
582 629 820 710 postulabant.
848 628 940 709 Quia
964 640 1084 692 tamen
1104 646 1227 692 earum
1253 629 1404 710 aliquae,
1422 629 1517 692 vitae

285 735 577 801 reformationem
592 745 833 817 expectantes,
851 736 896 799 ad
911 735 1178 814 monasterium,
1191 736 1228 798 in
1242 753 1312 816 quo
1326 736 1518 800 observan-

284 843 336 906 tia
351 843 462 922 major
477 843 633 924 vigebat,
650 842 869 923 aspirabant,
887 842 1090 906 abbatissae
1104 843 1246 906 illarum
1256 841 1517 923 quodammodo

273 951 458 1014 timebant
472 967 518 1013 ne
532 949 638 1013 nimis
653 948 876 1029 proficerent.

347 1055 419 1120 578.
462 1056 607 1137 Aliquid
633 1056 747 1119 simile
772 1055 957 1120 accidebat
981 1056 1070 1120 viris
1094 1056 1304 1138 quibusdam
1329 1057 1515 1138 nobilibus,

281 1163 352 1227 -sed
375 1163 435 1244 qui
458 1162 575 1226 Deum
600 1163 716 1228 minus
735 1180 841 1244 quam
863 1180 927 1244 par
949 1175 1026 1227 erat
1043 1164 1234 1242 timebant,
1262 1165 1322 1245 qui
1346 1165 1515 1228 nolebant

269 1288 368 1334 suas
382 1287 513 1335 uxores
528 1270 574 1334 ad
589 1280 750 1334 nostrum
765 1271 935 1350 templum
950 1270 1084 1349 venire,
1101 1271 1196 1351 quod
1208 1270 1305 1334 fama
1322 1281 1400 1336 erat
1415 1289 1477 1335 eos
1495 1270 1515 1351 ¹,

268 1379 344 1459 ·qui
357 1378 488 1442 nostris
502 1377 765 1454 confiterentur,
783 1394 828 1440 ex
843 1378 1046 1442 carnalibus
1064 1377 1269 1456 spirituales
1289 1377 1391 1444 effici.
1414 1378 1518 1443 Multi

276 1495 414 1566 autem,
431 1486 515 1550 alibi
539 1484 710 1564 confessi,¹
730 1485 848 1549 denuo
872 1485 1005 1548 nostris
1029 1485 1291 1565 confessisunt,
1318 1486 1415 1567 quod
1429 1504 1515 1552 suae

270 1593 524 1657 eonscientiae
537 1591 753 1656 satisfecisse
768 1609 839 1654 non
854 1592 1038 1672 putabant.

340 1699 411 1762 579.
454 1698 536 1762 Fuit
550 1699 643 1764 inter
656 1698 879 1778 poenitentes
893 1699 965 1779 qui,
992 1715 1074 1762 cum
1098 1700 1342 1764 constituisset
1365 1718 1515 1765 uxorem

275 1806 456 1884 occidere,
473 1816 509 1868 et
522 1805 743 1886 propositum
767 1813 802 1868 et
816 1805 928 1869 vitam
954 1806 1106 1869 mutavit
1130 1804 1153 1869 ¹.
1182 1807 1346 1886 Quidam,
1373 1808 1434 1889 qui
1455 1807 1517 1872 diu

283 1914 435 1992 vixerat,
452 1912 637 1976 confessus
650 1929 723 1977 non
746 1921 823 1976 erat
843 1912 1014 1992 graviora
1037 1921 1200 1992 peccata3
1227 1923 1262 1977 et
1277 1914 1454 1977 accedens
1468 1914 1516 1978 ad

282 2019 551 2098 confessarium,
567 2021 618 2082 sic
638 2036 660 2081 a
675 2019 846 2082 daemone
866 2018 1077 2099 vexabatur,
1099 2029 1138 2083 ut
1151 2020 1289 2101 trepide
1307 2020 1464 2100 sudaret,
1481 2030 1517 2084 et

283 2127 343 2191 diu
356 2143 514 2208 pugnam
529 2127 731 2190 interiorem
756 2127 908 2206 patiens,
935 2127 1074 2206 integre
1099 2126 1261 2191 confiteri
1279 2127 1343 2191 vix
1361 2135 1515 2208 poterat,

282 2235 345 2298 sed
358 2234 666 2298 exhortationibus
679 2242 714 2297 et
729 2233 975 2313 compassione
997 2242 1010 2275 ⁸
1034 2235 1242 2298 confessarii
1268 2234 1421 2316 adiutus
1442 2253 1514 2300 ma-

279 2357 431 2420 gnama
456 2341 610 2404 Domino
635 2340 916 2404 misericordiam
941 2349 1192 2421 consequutus
1219 2351 1256 2405 et
1279 2358 1516 2423 magnacum

269 2447 524 2511 consolatione
538 2447 685 2527 spiritus
699 2465 741 2510 ac
756 2465 845 2528 pace
858 2447 1019 2510 recessit.

343 2553 414 2618 580.
457 2555 590 2618 Omitto
615 2554 697 2633 alia,
713 2571 804 2635 quae
830 2555 866 2618 in
890 2554 1173 2618 confessionibus
1198 2557 1362 2620 accidere
1387 2558 1513 2621 crebro

276 2663 405 2742 solent,
423 2669 461 2727 ut
474 2663 534 2744 qui
548 2662 667 2744 plnres
679 2677 792 2726 annos
814 2661 1060 2726 abstinuerant
1082 2663 1209 2727 abhoc
1230 2662 1465 2729 Sacramento
1478 2679 1513 2731 et

279 2786 411 2852 magna
426 2787 507 2833 cum
522 2769 734 2833 contritione
748 2780 832 2832 tunc
853 2769 1009 2833 confessi
1027 2779 1109 2833 sunt
1128 2782 1164 2833 et
1184 2789 1206 2833 a
1226 2771 1385 2851 peccatis
1399 2790 1514 2837 reces-

269 2886 413 2941 serunt.
429 2876 475 2940 Et
489 2876 554 2940 fuit
567 2877 660 2940 inter
674 2877 750 2954 hoS,
767 2877 827 2956 qui
841 2877 1018 2939 castitatis
1031 2886 1157 2940 votum
1176 2887 1303 2957 sponte
1322 2879 1511 2960 emitteret,

271 3002 325 3047 eo
340 2984 434 3065 quod
448 3000 574 3065 parum
588 2983 736 3046 honeste
751 2983 850 3063 prius
864 2982 1026 3046 vixisset.
1039 2982 1121 3046 Fuit
1135 2995 1170 3046 et
1185 2985 1255 3047 alia
1271 2985 1408 3065 mulier,
1422 3003 1513 3065 quae

266 3101 352 3155 ‘tam
367 3092 495 3154 acerbe
510 3088 553 3153 de
569 3090 642 3153 suis
656 3089 813 3170 peccatis
829 3090 983 3168 dolebat,
1000 3101 1144 3171 tamque
1158 3108 1309 3171 gravem
1328 3094 1513 3173 poeniten·

276 3198 365 3262 tiam
379 3198 439 3261 diu
453 3208 487 3260 et
502 3206 707 3261 constanter
720 3197 885 3274 faciebat,
909 3208 948 3260 ut
968 3199 1165 3277 oportuerit
1189 3199 1449 3263 confessarium
1466 3201 1512 3262 ad

281 3304 514 3384 mitigandum
539 3304 697 3367 dolorem
722 3313 757 3367 et
781 3305 1015 3368 relaxandum
1036 3307 1273 3385 poenitentiae
1298 3325 1408 3388 opera
1433 3324 1513 3370 eam

271 3411 475 3477 adhortari.

337 3518 409 3583 581.
451 3518 572 3600 Aliqui
586 3536 632 3581 ex
651 3520 784 3582 nostris
803 3519 1051 3598 eleemosynas
1076 3537 1138 3600 per
1164 3521 1288 3583 urbem
1311 3522 1511 3586 emendica-

273 3635 363 3691 -runt
379 3626 423 3689 ad
445 3627 725 3690 sublevationem
747 3642 958 3706 pauperum,
982 3626 1042 3705 qui
1064 3626 1100 3689 in
1120 3643 1265 3690 carcere
1285 3629 1507 3692 tenebantur.

274 3733 323 3796 Et
335 3744 478 3814 praeter
492 3732 721 3796 refectionem
736 3733 898 3809 aliorum,
913 3733 1023 3811 aliqui
1037 3734 1180 3798 omnino
1195 3735 1335 3797 liberati
1355 3734 1510 3813 fuerunt,

277 3840 339 3919 qui
352 3849 490 3904 tantum
504 3850 649 3919 propter
664 3857 840 3919 expensas
855 3841 892 3903 in
906 3857 1052 3903 carcere
1072 3839 1199 3915 factaS,
1222 3842 1349 3922 quibus
1371 3844 1512 3905 solven-

279 3947 335 4011 dis
347 3965 419 4011 non
433 3956 546 4025 erant,
562 3946 611 4010 ibi
625 3947 884 4011 detinebantur.
903 3944 1103 4026 Praeterea,
1126 3945 1318 4027 adjuvante
1342 3948 1512 4028 Pro-rege

270 4072 321 4116 ac
334 4053 454 4118 Monte
469 4052 626 4131 Pietatis,
642 4054 703 4116 alii
717 4069 864 4116 numero
881 4053 1071 4131 sexaginta
1090 4070 1155 4117 sex
1169 4055 1308 4119 liberati
1324 4073 1346 4118 a
1366 4073 1512 4120 carcere

274 4160 430 4240 fuerunt;
457 4160 551 4241 quod
577 4160 644 4224 hoc
669 4177 763 4223 anno
789 4159 908 4223 facere
934 4177 1006 4223 non
1031 4161 1256 4239 cogitaverat
1281 4162 1384 4227 Mons
1408 4181 1512 4243 prae·

270 4268 391 4332 dictus
416 4266 562 4332 Pietatis
584 4276 728 4348 propter
753 4266 937 4346 quasdam,
968 4285 1060 4347 quae
1081 4269 1317 4332 occurrebant
1339 4270 1402 4349 cis,
1426 4270 1513 4334 diffi-

268 4377 437 4440 cultates

319 4582 326 4613 ¹
354 4580 549 4626 Ms.habetlr's.

316 4654 328 4685 ⁸
354 4652 572 4699 labismufare.

310 4722 328 4752 '³
358 4724 633 4776 {uldunonsessinne¹
