3717 5400
820 514 885 570 Aa.
908 512 979 570 1565
1455 509 1514 570 613

278 673 374 740 quac
398 659 443 721 de
467 659 563 721 votis
584 657 803 739 simplicibus
829 657 915 738 agit,
942 656 1032 736 Regi
1055 667 1091 720 et
1118 643 1315 720 iurantibus
1339 654 1376 719 P.
1394 655 1511 720 Miro!

285 765 509 842 ostendisset,
527 766 614 846 ipsis
628 779 848 846 magnopere
863 764 1011 846 placuit.
1137 749 1141 755 ’

345 871 435 935 lobi.
478 871 567 936 Cum
592 881 711 936 autem
735 869 814 936 Rex
836 870 975 935 litteras
998 870 1159 949 vidisset,
1186 887 1275 952 quas
1294 869 1331 934 P.
1354 869 1515 952 ignatius

281 977 374 1059 Regi
388 977 600 1060 Aethiopiae
615 979 793 1044 scribebat
809 978 818 1012 ¹
833 988 868 1042 et
880 979 1150 1042 instructionem
1165 995 1272 1058 quam
1284 977 1515 1042 Patriarehae

282 1087 446 1151 mittebat
464 1085 488 1168 ¹,
511 1101 733 1168 summopere
755 1097 945 1168 utrumque
963 1086 1141 1167 probavit,
1165 1095 1203 1149 ut
1227 1085 1335 1149 etiam
1359 1086 1516 1150 Litteras

283 1191 524 1274 Apostolicas3
542 1203 576 1258 et
591 1194 711 1257 omnia
724 1195 857 1274 optime
871 1193 983 1258 faisse
997 1193 1189 1256 constituta
1201 1191 1402 1266 affirmavit
1416 1192 1518 1256 etsie

283 1301 392 1364 rebus
413 1300 451 1364 P.
473 1300 603 1382 ignatii
622 1301 852 1381 afficiebatur,
875 1309 914 1365 ut
935 1315 1018 1364 cum
1039 1317 1082 1364 eo
1101 1301 1326 1380 pervenisset
1346 1299 1514 1363 nuncium

283 1405 388 1472 Sedis
411 1405 642 1488 Apostolicae
667 1407 831 1472 vacantis
855 1405 878 1486 ⁸,
906 1417 942 1471 et
966 1408 1010 1472 de
1029 1407 1117 1470 novi
1142 1406 1321 1471 Pontificis
1344 1407 1516 1470 electione

284 1513 420 1580 oumP
436 1513 574 1578 liirone
592 1525 731 1596 ageret,
743 1515 842 1580 bene
859 1514 1020 1578 facturos
1042 1530 1121 1578 esse
1141 1513 1283 1578 dicebat
1306 1512 1518 1578 Cardinales

283 1623 317 1684 si
332 1621 370 1684 P.
386 1619 592 1702 ignatium'
582 1637 619 1685 tn
634 1621 841 1686 Pontificem
856 1623 1040 1702 eligerent

349 1729 438 1794 1662.
483 1729 669 1794 Allocutus
679 1729 796 1792 iuerat
807 1745 928 1792 mense
941 1728 1057 1811 Aprili
1068 1727 1191 1792 RexP
1205 1727 1377 1792 Mironem
1389 1725 1434 1792 de
1445 1737 1519 1790 uno

285 1840 346 1901 vel
361 1837 520 1918 pluribus
533 1835 725 1900 Societatls
738 1837 983 1901 sacerdotibus
1005 1845 1044 1901 ut
1065 1853 1187 1900 curam
1210 1837 1382 1900 haberent
1403 1835 1518 1917 inqui·

288 1943 427 2008 sitionis
445 1945 746 2026 Ulyssiponensis,
767 1944 818 2007 ita
841 1954 879 2008 ut
901 1943 981 2009 aliis
1000 1953 1206 2023 praeessent
1231 1944 1296 2008 sub
1315 1943 1518 2022 Cardinale;

287 2052 430 2131 petebat
446 2061 563 2115 autem
579 2070 625 2116 an
640 2051 674 2115 id
689 2062 725 2115 et
739 2051 868 2116 similia
889 2062 1131 2132 repugnarent
1144 2051 1277 2115 nostris
1290 2050 1519 2116 Constitutio-

287 2157 402 2222 nibus.
420 2157 614 2238 Respondit
629 2157 668 2222 P.
683 2157 803 2222 Miron
821 2173 894 2222 nou
915 2173 1116 2239 repugnare
1131 2159 1285 2238 quidem,
1306 2158 1380 2236 sed,
1397 2159 1519 2222 incon-

291 2266 384 2328 salto
400 2264 438 2328 P.
455 2264 605 2346 ignatio,
621 2281 693 2329 non
709 2265 822 2330 videri
833 2266 905 2330 tale
915 2281 1044 2329 munus
1055 2265 1324 2344 admittendum,
1335 2265 1405 2328 nisi
1416 2265 1518 2329 aliter

288 2371 367 2436 Rex
383 2369 532 2453 iuberet,
555 2372 655 2454 cuius
674 2373 875 2453 praeceptis
895 2371 1039 2435 obedire
1059 2370 1097 2434 P.
1118 2372 1276 2452 ignatius
1294 2369 1461 2452 jusserat3
1485 2383 1520 2434 et

286 2481 351 2556 ita,
372 2488 477 2560 prout
497 2477 637 2558 Regina
656 2478 788 2543 nostris
809 2478 1045 2555 renunciavit,
1068 2479 1252 2543 constituit
1271 2477 1459 2560 quemdam
1473 2495 1520 2542 ex

286 2586 422 2648 nostris
446 2585 496 2650 1111
521 2585 705 2650 Tribunali
731 2584 937 2667 praeficere,
963 2586 1054 2649 adeo
1077 2594 1116 2650 ut
1134 2585 1208 2666 Jam
1229 2586 1402 2650 sollicitus
1426 2597 1521 2649 esset

291 2691 526 2757 Provinciaiis
548 2693 593 2757 de
619 2693 737 2776 aliquo
762 2692 988 2772 invenienda,
1012 2693 1141 2782 qui-ad
1165 2693 1251 2758 illud
1274 2671 1403 2759 munus
1427 2702 1522 2757 esset

288 2800 442 2864 idoneus
455 2799 479 2865 ⁴.

354 2906 443 2971 1663.
486 2904 700 2986 CardinaiiS,
715 2908 777 2989 qui
796 2924 956 2973 summus
975 2908 1165 2990 Inquisitor
1180 2918 1258 2973 erat
1277 2908 1314 2973 in
1333 2928 1375 2975 eo
1394 2924 1519 2990 regno,

289 3031 367 3078 rem
381 3014 557 3079 difficilem
572 3032 650 3079 esse
670 3014 760 3095 Regi
780 3014 931 3095 dicebat,
954 3027 994 3080 ut
1016 3017 1130 3080 nostri
1148 3018 1281 3081 vellent
1302 3018 1371 3081 hoc
1392 3033 1523 3081 munus

290 3122 422 3202 subire,
439 3132 473 3186 et
488 3138 635 3203 prorsus
650 3121 693 3185 de
711 3120 889 3187 Societate
907 3123 1148 3187 benemeritus
1168 3124 1245 3203 init,
1266 3123 1360 3205 quod
1380 3123 1523 3205 impedi·

289 3230 344 3293 vit
363 3246 410 3293 ne
429 3230 465 3293 id
484 3229 600 3310 fleret3
622 3230 685 3293 sed
706 3230 895 3309 religiosus
917 3229 1061 3312 quidam
1079 3228 1226 3296 Ordinis
1246 3229 1306 3294 S.t¹
1330 3229 1521 3306 Dominiei,

288 3338 351 3419 qui
365 3338 504 3403 Eborac
519 3334 741 3419 inquisitoris
761 3336 876 3400 oilicio
891 3337 1116 3418 fungebatur,
1134 3336 1179 3401 ad
1194 3337 1262 3401 hoc
1276 3354 1405 3402 munus
1418 3336 1523 3419 Ulys-

292 3446 438 3526 siponae
455 3445 655 3509 obeundum
670 3452 890 3507 vocatusest
910 3442 934 3507 ⁸.
958 3443 1060 3523 Quod
1081 3453 1200 3508 autem
1220 3445 1332 3508 movit
1353 3443 1522 3509 Cardina·

293 3556 361 3617 lem
376 3562 414 3617 ut
428 3552 519 3632 Regi
534 3551 713 3630 suaderet,
731 3569 775 3615 ne
790 3551 869 3632 quis
891 3569 936 3615 ex
956 3552 1090 3615 nostris
1109 3552 1155 3616 ad
1176 3551 1211 3616 id
1229 3552 1432 3632 eligeretur,
1453 3552 1522 3616 hoc

292 3661 374 3725 fuit:
391 3662 485 3743 quod
499 3660 646 3725 videbat
660 3668 804 3739 nostros
818 3676 967 3723 numero
982 3676 1117 3740 paucos
1132 3676 1223 3737 esse,
1240 3669 1276 3723 et
1287 3661 1407 3724 multis
1417 3676 1523 3724 occu·

294 3768 496 3850 petionibus
520 3778 554 3831 et
573 3766 746 3847 gravibus
768 3765 959 3845 districtos,
981 3773 1019 3830 ut
1038 3779 1108 3830 non
1134 3776 1281 3848 possent
1305 3776 1379 3831 tam
1402 3768 1523 3831 multis

291 3876 400 3939 rebus
414 3875 519 3939 simui
534 3890 680 3955 operam
695 3874 793 3937 dare.

279 3990 284 3997 “
356 3982 445 4046 1664.
488 3980 691 4061 Praeterea,
707 3986 781 4044 tam
795 3988 999 4060 exemptum
1013 3978 1128 4061 ipsum
1143 3978 1392 4062 Inquisitorem
1414 3998 1435 4043 a
1455 3998 1523 4045 sua

331 4258 342 4293 ⁴
368 4258 425 4305 'Eas
434 4260 516 4303 habes
524 4259 551 4303 ln
562 4258 698 4303 &noodr
708 4259 763 4303 Son
774 4258 893 4314 Ignacro,
903 4266 924 4303 t.
936 4270 964 4310 v,
974 4268 1034 4313 pag.
1046 4258 1117 4304 6682.

332 4332 344 4365 ¹
372 4332 446 4376 ilaue
457 4332 653 4377 instructionem
664 4330 737 4376 dabit
747 4330 822 4376 Nova
832 4331 913 4375 aemes
923 4330 1073 4375 litterarum
1084 4329 1173 4375 sanni
1182 4330 1288 4385 ignatii.

332 4400 346 4435 ⁸
371 4402 453 4447 Nono
464 4402 524 4455 Julli
534 4402 573 4447 ill
581 4408 608 4446 et
615 4404 693 4457 panio
703 4408 762 4459 post
773 4401 891 4447 Marcelli
901 4400 934 4446 ll.

332 4474 345 4507 ⁴
372 4474 439 4519 Vide
451 4472 547 4517 Corios
556 4474 590 4518 de
600 4472 656 4517 Son
667 4472 813 4529 nanctae.
824 4486 850 4529 v,
860 4484 920 4528 pag.
930 4473 1031 4528 aut-lot,
1043 4476 1197 4521 nunnoni.
1295 4500 1299 4504 ν
1324 4502 1327 4509 -

336 4544 348 4577 ¹
373 4545 507 4591 “Oleastro
518 4544 571 4597 (Fr.
582 4545 756 4601 Hieronymus
767 4544 888 4590 Azevedo
898 4544 1039 4596 (oleaster)
1048 4548 1082 4591 da
1093 4547 1263 4604 Azamboya),
1274 4546 1364 4601 depol·
1373 4546 1405 4591 de
1417 4552 1459 4592 ter
1468 4548 1526 4591 voi·

293 4618 355 4663 todo
369 4619 402 4663 do
417 4616 531 4662 Concilio
546 4616 577 4660 do
592 4616 697 4669 Trento.
710 4617 745 4661 iol
761 4618 895 4663 notueiado
910 4616 1055 4673 inquiddor
1070 4618 1101 4662 de
1111 4617 1202 4662 Evora
1215 4616 1328 4671 6611652,
1341 4618 1526 4664 etraooierldo

295 4701 360 4747 para
375 4702 391 4735 a
407 4689 551 4745 laquiricito
566 4690 597 4733 de
610 4689 706 4733 Lisboa
722 4700 763 4734 em
774 4690 834 4734 1666.
845 4688 937 4743 Soura,
949 4691 981 4733 de
990 4688 1063 4743 orig.
1073 4689 1199 4745 inquisit.¹
1208 4701 1234 4745 p.
1243 4690 1271 4734 21
1281 4690 1351 4743 eii..
1359 4690 1528 4746 litmaro,

293 4764 418 4808 Historia
426 4764 461 4807 do
472 4764 573 4817 origem
585 4772 599 4805 e
609 4762 842 4807 estabelerimento
849 4762 884 4805 da
894 4760 1048 4817 Inquisitio
1056 4773 1097 4806 em
1108 4762 1247 4816 portugal,
1257 4764 1293 4807 lib
1310 4772 1336 4808 x.
