<?xml version="1.0" encoding="UTF-8"?>
<!DOCTYPE html PUBLIC "-//W3C//DTD XHTML 1.0 Transitional//EN"
    "http://www.w3.org/TR/xhtml1/DTD/xhtml1-transitional.dtd">
<html xmlns="http://www.w3.org/1999/xhtml" xml:lang="en" lang="en">
 <head>
  <title>
</title>
<meta http-equiv="Content-Type" content="text/html;charset=utf-8" />
  <meta name='ocr-system' content='tesseract 3.04.00' />
  <meta name='ocr-capabilities' content='ocr_page ocr_carea ocr_par ocr_line ocrx_word'/>
</head>
<body>
  <div class='ocr_page' id='page_1' title='image "./vitaignatiiloio01polagoog_0467.png"; bbox 0 0 3717 5400; ppageno 0'>
   <div class='ocr_carea' id='block_1_1' title="bbox 842 506 1537 573">
    <p class='ocr_par' dir='ltr' id='par_1_1' title="bbox 842 506 1537 573">
     <span class='ocr_line' id='line_1_1' title="bbox 842 506 1537 573; baseline 0.006 -7"><span class='ocrx_word' id='word_1_1' title='bbox 842 507 907 566; x_wconf 81' lang='lat' dir='ltr'>Art.</span> <span class='ocrx_word' id='word_1_2' title='bbox 931 506 1002 567; x_wconf 90' lang='grc'><strong>1555</strong></span> <span class='ocrx_word' id='word_1_3' title='bbox 1482 510 1537 573; x_wconf 80' lang='grc'>451</span> 
     </span>
    </p>
   </div>
   <div class='ocr_carea' id='block_1_2' title="bbox 296 651 1602 4162">
    <p class='ocr_par' dir='ltr' id='par_1_2' title="bbox 299 651 1537 1051">
     <span class='ocr_line' id='line_1_2' title="bbox 299 651 1535 735; baseline 0.006 -23"><span class='ocrx_word' id='word_1_4' title='bbox 299 660 378 713; x_wconf 91' lang='lat' dir='ltr'>stus</span> <span class='ocrx_word' id='word_1_5' title='bbox 393 651 565 715; x_wconf 87' lang='lat' dir='ltr'>lectorum</span> <span class='ocrx_word' id='word_1_6' title='bbox 579 670 749 717; x_wconf 90' lang='lat' dir='ltr'>numerus</span> <span class='ocrx_word' id='word_1_7' title='bbox 763 653 800 717; x_wconf 91' lang='lat' dir='ltr'>in</span> <span class='ocrx_word' id='word_1_8' title='bbox 814 654 993 717; x_wconf 90' lang='lat' dir='ltr'>distinctis</span> <span class='ocrx_word' id='word_1_9' title='bbox 1007 654 1182 717; x_wconf 88' lang='lat' dir='ltr'>classibus</span> <span class='ocrx_word' id='word_1_10' title='bbox 1197 654 1482 735; x_wconf 71' lang='lat' dir='ltr'>constitueretur,</span> <span class='ocrx_word' id='word_1_11' title='bbox 1498 668 1535 719; x_wconf 90' lang='lat' dir='ltr'>et</span> 
     </span>
     <span class='ocr_line' id='line_1_3' title="bbox 302 756 1535 842; baseline 0.006 -22"><span class='ocrx_word' id='word_1_12' title='bbox 302 757 353 821; x_wconf 89' lang='lat' dir='ltr'>ita</span> <span class='ocrx_word' id='word_1_13' title='bbox 366 774 406 821; x_wconf 93' lang='lat' dir='ltr'>re</span> <span class='ocrx_word' id='word_1_14' title='bbox 420 774 502 822; x_wconf 91' lang='lat' dir='ltr'>cum</span> <span class='ocrx_word' id='word_1_15' title='bbox 516 756 622 823; x_wconf 90' lang='lat' dir='ltr'>Patre</span> <span class='ocrx_word' id='word_1_16' title='bbox 635 759 830 825; x_wconf 86' lang='lat' dir='ltr'>Francisco</span> <span class='ocrx_word' id='word_1_17' title='bbox 844 760 978 841; x_wconf 89' lang='lat' dir='ltr'>Borgia</span> <span class='ocrx_word' id='word_1_18' title='bbox 993 769 1160 839; x_wconf 90' lang='lat' dir='ltr'>tractata,</span> <span class='ocrx_word' id='word_1_19' title='bbox 1172 770 1326 842; x_wconf 89' lang='lat' dir='ltr'>quatuor</span> <span class='ocrx_word' id='word_1_20' title='bbox 1340 760 1481 839; x_wconf 89' lang='lat' dir='ltr'>ibidem,</span> <span class='ocrx_word' id='word_1_21' title='bbox 1494 772 1535 827; x_wconf 91' lang='lat' dir='ltr'>ut</span> 
     </span>
     <span class='ocr_line' id='line_1_4' title="bbox 302 850 1537 950; baseline 0.004 -23"><span class='ocrx_word' id='word_1_22' title='bbox 302 864 468 942; x_wconf 85' lang='lat' dir='ltr'>diximus,</span> <span class='ocrx_word' id='word_1_23' title='bbox 485 867 637 929; x_wconf 89' lang='lat' dir='ltr'>lectores</span> <span class='ocrx_word' id='word_1_24' title='bbox 650 867 757 947; x_wconf 89' lang='lat' dir='ltr'>positi</span> <span class='ocrx_word' id='word_1_25' title='bbox 771 877 866 943; x_wconf 92' lang='lat' dir='ltr'>sunt,</span> <span class='ocrx_word' id='word_1_26' title='bbox 882 877 988 948; x_wconf 91' lang='lat' dir='ltr'>prout</span> <span class='ocrx_word' id='word_1_27' title='bbox 1006 850 1155 933; x_wconf 81' lang='lat' dir='ltr'>totidem</span> <span class='ocrx_word' id='word_1_28' title='bbox 1172 867 1433 950; x_wconf 89' lang='lat' dir='ltr'>Methymnensi</span> <span class='ocrx_word' id='word_1_29' title='bbox 1455 868 1537 933; x_wconf 91' lang='lat' dir='ltr'>Col-</span> 
     </span>
     <span class='ocr_line' id='line_1_5' title="bbox 303 970 650 1051; baseline 0.009 -17"><span class='ocrx_word' id='word_1_30' title='bbox 303 973 398 1051; x_wconf 90' lang='lat' dir='ltr'>legio</span> <span class='ocrx_word' id='word_1_31' title='bbox 413 972 487 1035; x_wconf 94' lang='lat' dir='ltr'>dati</span> <span class='ocrx_word' id='word_1_32' title='bbox 498 970 650 1037; x_wconf 88' lang='lat' dir='ltr'>fuerant.</span> 
     </span>
    </p>

    <p class='ocr_par' dir='ltr' id='par_1_3' title="bbox 297 1078 1537 2445">
     <span class='ocr_line' id='line_1_6' title="bbox 344 1078 1535 1162; baseline 0.003 -20"><span class='ocrx_word' id='word_1_33' title='bbox 344 1113 347 1119; x_wconf 92' lang='lat'>·</span> <span class='ocrx_word' id='word_1_34' title='bbox 365 1078 453 1143; x_wconf 88' lang='grc'><strong>1250.</strong></span> <span class='ocrx_word' id='word_1_35' title='bbox 497 1079 587 1144; x_wconf 92' lang='lat' dir='ltr'>Cum</span> <span class='ocrx_word' id='word_1_36' title='bbox 602 1090 696 1144; x_wconf 89' lang='lat' dir='ltr'>esset</span> <span class='ocrx_word' id='word_1_37' title='bbox 710 1080 910 1145; x_wconf 91' lang='lat' dir='ltr'>Vallisoleti</span> <span class='ocrx_word' id='word_1_38' title='bbox 924 1083 985 1162; x_wconf 94' lang='lat' dir='ltr'>qui</span> <span class='ocrx_word' id='word_1_39' title='bbox 1004 1081 1147 1161; x_wconf 85' lang='lat' dir='ltr'>negotia</span> <span class='ocrx_word' id='word_1_40' title='bbox 1162 1081 1309 1160; x_wconf 84' lang='lat' dir='ltr'>gerebat</span> <span class='ocrx_word' id='word_1_41' title='bbox 1332 1080 1535 1146; x_wconf 90' lang='lat' dir='ltr'>Cardinalis</span> 
     </span>
     <span class='ocr_line' id='line_1_7' title="bbox 301 1184 1537 1267; baseline 0.002 -17"><span class='ocrx_word' id='word_1_42' title='bbox 301 1185 507 1265; x_wconf 89' lang='lat' dir='ltr'>Burgensis,</span> <span class='ocrx_word' id='word_1_43' title='bbox 529 1187 731 1267; x_wconf 87' lang='lat' dir='ltr'><strong>alloquutus</strong></span> <span class='ocrx_word' id='word_1_44' title='bbox 745 1197 799 1251; x_wconf 86' lang='lat' dir='ltr'>est</span> <span class='ocrx_word' id='word_1_45' title='bbox 813 1188 976 1251; x_wconf 88' lang='lat' dir='ltr'>eumdem</span> <span class='ocrx_word' id='word_1_46' title='bbox 997 1187 1140 1252; x_wconf 91' lang='lat' dir='ltr'>Patrem</span> <span class='ocrx_word' id='word_1_47' title='bbox 1165 1187 1285 1252; x_wconf 85' lang='lat' dir='ltr'>Araoz</span> <span class='ocrx_word' id='word_1_48' title='bbox 1308 1196 1346 1250; x_wconf 92' lang='lat' dir='ltr'>ut</span> <span class='ocrx_word' id='word_1_49' title='bbox 1372 1184 1537 1252; x_wconf 87' lang='lat' dir='ltr'>Societas</span> 
     </span>
     <span class='ocr_line' id='line_1_8' title="bbox 301 1293 1537 1375; baseline 0.002 -20"><span class='ocrx_word' id='word_1_50' title='bbox 301 1301 425 1356; x_wconf 91' lang='lat' dir='ltr'>nostra</span> <span class='ocrx_word' id='word_1_51' title='bbox 446 1294 643 1374; x_wconf 91' lang='lat' dir='ltr'>susciperet</span> <span class='ocrx_word' id='word_1_52' title='bbox 661 1311 808 1358; x_wconf 90' lang='lat' dir='ltr'>causam</span> <span class='ocrx_word' id='word_1_53' title='bbox 829 1294 1086 1359; x_wconf 79' lang='lat' dir='ltr'>defendendam</span> <span class='ocrx_word' id='word_1_54' title='bbox 1107 1294 1349 1375; x_wconf 81' lang='lat' dir='ltr'>capellaniae,</span> <span class='ocrx_word' id='word_1_55' title='bbox 1374 1293 1537 1375; x_wconf 86' lang='lat' dir='ltr'>Collegio</span> 
     </span>
     <span class='ocr_line' id='line_1_9' title="bbox 301 1398 1533 1483; baseline 0.002 -20"><span class='ocrx_word' id='word_1_56' title='bbox 301 1398 576 1464; x_wconf 88' lang='lat' dir='ltr'>Salmanticensi</span> <span class='ocrx_word' id='word_1_57' title='bbox 594 1402 725 1465; x_wconf 89' lang='lat' dir='ltr'>unitae:</span> <span class='ocrx_word' id='word_1_58' title='bbox 747 1400 822 1481; x_wconf 86' lang='lat' dir='ltr'>ejus</span> <span class='ocrx_word' id='word_1_59' title='bbox 841 1402 936 1466; x_wconf 89' lang='lat' dir='ltr'>enim</span> <span class='ocrx_word' id='word_1_60' title='bbox 956 1403 1114 1482; x_wconf 91' lang='lat' dir='ltr'>patroni,</span> <span class='ocrx_word' id='word_1_61' title='bbox 1131 1402 1190 1483; x_wconf 93' lang='lat' dir='ltr'>qui</span> <span class='ocrx_word' id='word_1_62' title='bbox 1214 1403 1297 1466; x_wconf 88' lang='lat' dir='ltr'>laici</span> <span class='ocrx_word' id='word_1_63' title='bbox 1320 1413 1435 1479; x_wconf 85' lang='lat' dir='ltr'>erant,</span> <span class='ocrx_word' id='word_1_64' title='bbox 1462 1420 1533 1467; x_wconf 92' lang='lat' dir='ltr'>non</span> 
     </span>
     <span class='ocr_line' id='line_1_10' title="bbox 301 1506 1534 1589; baseline 0.005 -22"><span class='ocrx_word' id='word_1_65' title='bbox 301 1506 444 1570; x_wconf 85' lang='lat' dir='ltr'>licuisse</span> <span class='ocrx_word' id='word_1_66' title='bbox 465 1506 646 1571; x_wconf 86' lang='lat' dir='ltr'>Cardinali</span> <span class='ocrx_word' id='word_1_67' title='bbox 666 1526 746 1572; x_wconf 91' lang='lat' dir='ltr'>eam</span> <span class='ocrx_word' id='word_1_68' title='bbox 767 1509 868 1573; x_wconf 93' lang='lat' dir='ltr'>unire</span> <span class='ocrx_word' id='word_1_69' title='bbox 888 1508 1111 1573; x_wconf 89' lang='lat' dir='ltr'>affirmabant</span> <span class='ocrx_word' id='word_1_70' title='bbox 1132 1507 1152 1572; x_wconf 86' lang='lat'>¹.</span> <span class='ocrx_word' id='word_1_71' title='bbox 1176 1508 1214 1573; x_wconf 91' lang='lat' dir='ltr'>P.</span> <span class='ocrx_word' id='word_1_72' title='bbox 1231 1510 1339 1573; x_wconf 90' lang='lat' dir='ltr'>etiam</span> <span class='ocrx_word' id='word_1_73' title='bbox 1360 1508 1534 1589; x_wconf 80' lang='lat' dir='ltr'>ignatius,</span> 
     </span>
     <span class='ocr_line' id='line_1_11' title="bbox 300 1612 1535 1695; baseline 0.003 -20"><span class='ocrx_word' id='word_1_74' title='bbox 300 1621 339 1676; x_wconf 93' lang='lat' dir='ltr'>ut</span> <span class='ocrx_word' id='word_1_75' title='bbox 353 1612 576 1677; x_wconf 86' lang='lat' dir='ltr'>satisfaceret</span> <span class='ocrx_word' id='word_1_76' title='bbox 590 1615 770 1679; x_wconf 88' lang='lat' dir='ltr'>Cardinali</span> <span class='ocrx_word' id='word_1_77' title='bbox 784 1616 971 1695; x_wconf 89' lang='lat' dir='ltr'>Burgensi,</span> <span class='ocrx_word' id='word_1_78' title='bbox 988 1614 1079 1680; x_wconf 87' lang='lat' dir='ltr'>idem</span> <span class='ocrx_word' id='word_1_79' title='bbox 1097 1614 1194 1679; x_wconf 89' lang='lat' dir='ltr'>Patri</span> <span class='ocrx_word' id='word_1_80' title='bbox 1217 1615 1337 1679; x_wconf 88' lang='lat' dir='ltr'>Araoz</span> <span class='ocrx_word' id='word_1_81' title='bbox 1356 1632 1535 1679; x_wconf 86' lang='lat' dir='ltr'>commen-</span> 
     </span>
     <span class='ocr_line' id='line_1_12' title="bbox 300 1714 1533 1802; baseline 0.002 -19"><span class='ocrx_word' id='word_1_82' title='bbox 300 1720 411 1798; x_wconf 90' lang='lat' dir='ltr'>davit,</span> <span class='ocrx_word' id='word_1_83' title='bbox 428 1721 458 1784; x_wconf 89' lang='lat' dir='ltr'>si</span> <span class='ocrx_word' id='word_1_84' title='bbox 469 1718 629 1801; x_wconf 83' lang='lat' dir='ltr'>justitiae</span> <span class='ocrx_word' id='word_1_85' title='bbox 643 1714 735 1785; x_wconf 86' lang='lat' dir='ltr'>ratio</span> <span class='ocrx_word' id='word_1_86' title='bbox 749 1722 785 1786; x_wconf 95' lang='lat' dir='ltr'>id</span> <span class='ocrx_word' id='word_1_87' title='bbox 799 1722 918 1797; x_wconf 85' lang='lat' dir='ltr'>ferret;</span> <span class='ocrx_word' id='word_1_88' title='bbox 936 1723 1020 1802; x_wconf 91' lang='lat' dir='ltr'>quia</span> <span class='ocrx_word' id='word_1_89' title='bbox 1035 1734 1154 1787; x_wconf 91' lang='lat' dir='ltr'>tamen</span> <span class='ocrx_word' id='word_1_90' title='bbox 1166 1734 1291 1787; x_wconf 89' lang='lat' dir='ltr'>contra</span> <span class='ocrx_word' id='word_1_91' title='bbox 1307 1722 1533 1787; x_wconf 81' lang='lat' dir='ltr'>cardinalem</span> 
     </span>
     <span class='ocr_line' id='line_1_13' title="bbox 302 1827 1535 1910; baseline 0.002 -20"><span class='ocrx_word' id='word_1_92' title='bbox 302 1829 515 1892; x_wconf 87' lang='lat' dir='ltr'>sententiam</span> <span class='ocrx_word' id='word_1_93' title='bbox 530 1830 659 1892; x_wconf 92' lang='lat' dir='ltr'>tulerat</span> <span class='ocrx_word' id='word_1_94' title='bbox 673 1827 825 1909; x_wconf 90' lang='lat' dir='ltr'>Regium</span> <span class='ocrx_word' id='word_1_95' title='bbox 840 1828 1049 1907; x_wconf 89' lang='lat' dir='ltr'>Consilium,</span> <span class='ocrx_word' id='word_1_96' title='bbox 1063 1838 1097 1893; x_wconf 92' lang='lat' dir='ltr'>et</span> <span class='ocrx_word' id='word_1_97' title='bbox 1109 1829 1202 1893; x_wconf 92' lang='lat' dir='ltr'>idem</span> <span class='ocrx_word' id='word_1_98' title='bbox 1214 1829 1390 1893; x_wconf 89' lang='lat' dir='ltr'>facturum</span> <span class='ocrx_word' id='word_1_99' title='bbox 1406 1830 1442 1893; x_wconf 88' lang='lat' dir='ltr'>in</span> <span class='ocrx_word' id='word_1_100' title='bbox 1453 1847 1535 1910; x_wconf 91' lang='lat' dir='ltr'>pro·</span> 
     </span>
     <span class='ocr_line' id='line_1_14' title="bbox 301 1935 1535 2017; baseline 0.002 -20"><span class='ocrx_word' id='word_1_101' title='bbox 301 1936 511 2016; x_wconf 90' lang='lat' dir='ltr'>sequutione</span> <span class='ocrx_word' id='word_1_102' title='bbox 528 1952 659 1999; x_wconf 87' lang='lat' dir='ltr'>causae</span> <span class='ocrx_word' id='word_1_103' title='bbox 674 1936 866 2016; x_wconf 87' lang='lat' dir='ltr'>videretur,</span> <span class='ocrx_word' id='word_1_104' title='bbox 883 1954 965 2001; x_wconf 91' lang='lat' dir='ltr'>cum</span> <span class='ocrx_word' id='word_1_105' title='bbox 980 1936 1192 2017; x_wconf 88' lang='lat' dir='ltr'>praesertim</span> <span class='ocrx_word' id='word_1_106' title='bbox 1204 1936 1263 2000; x_wconf 91' lang='lat' dir='ltr'>illa</span> <span class='ocrx_word' id='word_1_107' title='bbox 1274 1937 1463 2002; x_wconf 85' lang='lat' dir='ltr'>tribunalia</span> <span class='ocrx_word' id='word_1_108' title='bbox 1474 1935 1535 2017; x_wconf 79' lang='lat' dir='ltr'>Jus</span> 
     </span>
     <span class='ocr_line' id='line_1_15' title="bbox 303 2043 1535 2124; baseline 0.002 -19"><span class='ocrx_word' id='word_1_109' title='bbox 303 2049 513 2123; x_wconf 89' lang='lat' dir='ltr'>patronatus</span> <span class='ocrx_word' id='word_1_110' title='bbox 528 2043 701 2107; x_wconf 89' lang='lat' dir='ltr'>laicorum</span> <span class='ocrx_word' id='word_1_111' title='bbox 715 2043 904 2107; x_wconf 83' lang='lat' dir='ltr'>defendere</span> <span class='ocrx_word' id='word_1_112' title='bbox 919 2044 1065 2124; x_wconf 82' lang='lat' dir='ltr'>egregie</span> <span class='ocrx_word' id='word_1_113' title='bbox 1085 2046 1239 2122; x_wconf 89' lang='lat' dir='ltr'>soleant,</span> <span class='ocrx_word' id='word_1_114' title='bbox 1255 2052 1394 2107; x_wconf 88' lang='lat' dir='ltr'>nonest</span> <span class='ocrx_word' id='word_1_115' title='bbox 1415 2044 1535 2109; x_wconf 91' lang='lat' dir='ltr'>visum</span> 
     </span>
     <span class='ocr_line' id='line_1_16' title="bbox 300 2148 1531 2231; baseline 0 -20"><span class='ocrx_word' id='word_1_116' title='bbox 300 2148 469 2229; x_wconf 84' lang='lat' dir='ltr'>expedire</span> <span class='ocrx_word' id='word_1_117' title='bbox 484 2157 522 2213; x_wconf 93' lang='lat' dir='ltr'>ut</span> <span class='ocrx_word' id='word_1_118' title='bbox 535 2148 696 2213; x_wconf 87' lang='lat' dir='ltr'>Societas</span> <span class='ocrx_word' id='word_1_119' title='bbox 711 2151 807 2214; x_wconf 89' lang='lat' dir='ltr'>litem</span> <span class='ocrx_word' id='word_1_120' title='bbox 821 2151 918 2213; x_wconf 90' lang='lat' dir='ltr'>illam</span> <span class='ocrx_word' id='word_1_121' title='bbox 933 2161 1224 2231; x_wconf 84' lang='lat' dir='ltr'>prosequeretur,</span> <span class='ocrx_word' id='word_1_122' title='bbox 1246 2159 1281 2213; x_wconf 91' lang='lat' dir='ltr'>et</span> <span class='ocrx_word' id='word_1_123' title='bbox 1301 2151 1351 2213; x_wconf 88' lang='lat' dir='ltr'>ita</span> <span class='ocrx_word' id='word_1_124' title='bbox 1370 2149 1531 2214; x_wconf 89' lang='lat' dir='ltr'>fundatio</span> 
     </span>
     <span class='ocr_line' id='line_1_17' title="bbox 297 2255 1534 2337; baseline 0 -18"><span class='ocrx_word' id='word_1_125' title='bbox 297 2256 373 2336; x_wconf 87' lang='lat' dir='ltr'>jam</span> <span class='ocrx_word' id='word_1_126' title='bbox 386 2256 482 2320; x_wconf 87' lang='lat' dir='ltr'>facta</span> <span class='ocrx_word' id='word_1_127' title='bbox 497 2255 790 2321; x_wconf 74' lang='lat' dir='ltr'>salmanticensis</span> <span class='ocrx_word' id='word_1_128' title='bbox 804 2256 954 2337; x_wconf 89' lang='lat' dir='ltr'>Collegii</span> <span class='ocrx_word' id='word_1_129' title='bbox 968 2258 1004 2320; x_wconf 93' lang='lat' dir='ltr'>in</span> <span class='ocrx_word' id='word_1_130' title='bbox 1025 2258 1172 2321; x_wconf 90' lang='lat' dir='ltr'>nihilum</span> <span class='ocrx_word' id='word_1_131' title='bbox 1187 2256 1294 2336; x_wconf 92' lang='lat' dir='ltr'>abiit,</span> <span class='ocrx_word' id='word_1_132' title='bbox 1315 2257 1434 2320; x_wconf 89' lang='lat' dir='ltr'>etalio</span> <span class='ocrx_word' id='word_1_133' title='bbox 1456 2256 1534 2319; x_wconf 82' lang='lat' dir='ltr'>fun·</span> 
     </span>
     <span class='ocr_line' id='line_1_18' title="bbox 301 2363 1138 2445; baseline 0.001 -19"><span class='ocrx_word' id='word_1_134' title='bbox 301 2364 426 2427; x_wconf 91' lang='lat' dir='ltr'>datore</span> <span class='ocrx_word' id='word_1_135' title='bbox 441 2382 547 2445; x_wconf 88' lang='lat' dir='ltr'>quam</span> <span class='ocrx_word' id='word_1_136' title='bbox 562 2363 751 2427; x_wconf 86' lang='lat' dir='ltr'>Cardinale</span> <span class='ocrx_word' id='word_1_137' title='bbox 765 2364 943 2443; x_wconf 90' lang='lat' dir='ltr'>Burgensi</span> <span class='ocrx_word' id='word_1_138' title='bbox 958 2381 1048 2445; x_wconf 91' lang='lat' dir='ltr'>opus</span> <span class='ocrx_word' id='word_1_139' title='bbox 1061 2364 1138 2427; x_wconf 92' lang='lat' dir='ltr'>fuit.</span> 
     </span>
    </p>

    <p class='ocr_par' dir='ltr' id='par_1_4' title="bbox 299 2468 1533 3090">
     <span class='ocr_line' id='line_1_19' title="bbox 365 2468 1533 2552; baseline -0.001 -19"><span class='ocrx_word' id='word_1_140' title='bbox 365 2470 453 2536; x_wconf 88' lang='grc'><strong>1251.</strong></span> <span class='ocrx_word' id='word_1_141' title='bbox 497 2472 632 2535; x_wconf 90' lang='lat' dir='ltr'>Hortus</span> <span class='ocrx_word' id='word_1_142' title='bbox 647 2472 715 2548; x_wconf 91' lang='lat' dir='ltr'>ille,</span> <span class='ocrx_word' id='word_1_143' title='bbox 732 2488 836 2552; x_wconf 92' lang='lat' dir='ltr'>quem</span> <span class='ocrx_word' id='word_1_144' title='bbox 851 2470 1027 2536; x_wconf 90' lang='lat' dir='ltr'>Simancis</span> <span class='ocrx_word' id='word_1_145' title='bbox 1042 2470 1189 2535; x_wconf 90' lang='lat' dir='ltr'>dederat</span> <span class='ocrx_word' id='word_1_146' title='bbox 1209 2469 1380 2535; x_wconf 91' lang='lat' dir='ltr'>Societati</span> <span class='ocrx_word' id='word_1_147' title='bbox 1398 2468 1441 2533; x_wconf 93' lang='lat' dir='ltr'>D.</span> <span class='ocrx_word' id='word_1_148' title='bbox 1459 2470 1533 2533; x_wconf 88' lang='lat' dir='ltr'>Mo-</span> 
     </span>
     <span class='ocr_line' id='line_1_20' title="bbox 301 2576 1533 2658; baseline -0.002 -15"><span class='ocrx_word' id='word_1_149' title='bbox 301 2580 429 2643; x_wconf 91' lang='lat' dir='ltr'>schera</span> <span class='ocrx_word' id='word_1_150' title='bbox 443 2577 467 2658; x_wconf 91' lang='lat'>¹,</span> <span class='ocrx_word' id='word_1_151' title='bbox 483 2580 596 2643; x_wconf 91' lang='lat' dir='ltr'>tribus</span> <span class='ocrx_word' id='word_1_152' title='bbox 610 2578 764 2643; x_wconf 92' lang='lat' dir='ltr'>millibus</span> <span class='ocrx_word' id='word_1_153' title='bbox 778 2588 812 2641; x_wconf 95' lang='lat' dir='ltr'>et</span> <span class='ocrx_word' id='word_1_154' title='bbox 827 2576 995 2642; x_wconf 79' lang='lat' dir='ltr'>trecentis</span> <span class='ocrx_word' id='word_1_155' title='bbox 1010 2578 1148 2642; x_wconf 89' lang='lat' dir='ltr'>ducatis</span> <span class='ocrx_word' id='word_1_156' title='bbox 1162 2577 1327 2642; x_wconf 88' lang='lat' dir='ltr'>venditus</span> <span class='ocrx_word' id='word_1_157' title='bbox 1342 2586 1406 2657; x_wconf 87' lang='lat' dir='ltr'>est,</span> <span class='ocrx_word' id='word_1_158' title='bbox 1429 2588 1464 2641; x_wconf 89' lang='lat' dir='ltr'>et</span> <span class='ocrx_word' id='word_1_159' title='bbox 1485 2596 1533 2641; x_wconf 84' lang='lat' dir='ltr'>ex</span> 
     </span>
     <span class='ocr_line' id='line_1_21' title="bbox 299 2684 1530 2768; baseline -0.004 -17"><span class='ocrx_word' id='word_1_160' title='bbox 299 2686 414 2768; x_wconf 91' lang='lat' dir='ltr'>pretio</span> <span class='ocrx_word' id='word_1_161' title='bbox 434 2687 543 2768; x_wconf 92' lang='lat' dir='ltr'>empti</span> <span class='ocrx_word' id='word_1_162' title='bbox 565 2686 699 2750; x_wconf 90' lang='lat' dir='ltr'>reditus</span> <span class='ocrx_word' id='word_1_163' title='bbox 718 2684 860 2750; x_wconf 89' lang='lat' dir='ltr'>fuerunt</span> <span class='ocrx_word' id='word_1_164' title='bbox 880 2687 916 2751; x_wconf 93' lang='lat' dir='ltr'>in</span> <span class='ocrx_word' id='word_1_165' title='bbox 936 2685 1131 2750; x_wconf 90' lang='lat' dir='ltr'>subsidium</span> <span class='ocrx_word' id='word_1_166' title='bbox 1151 2686 1277 2750; x_wconf 90' lang='lat' dir='ltr'>domus</span> <span class='ocrx_word' id='word_1_167' title='bbox 1296 2684 1530 2767; x_wconf 83' lang='lat' dir='ltr'>probationis.</span> 
     </span>
     <span class='ocr_line' id='line_1_22' title="bbox 301 2793 1531 2874; baseline -0.002 -16"><span class='ocrx_word' id='word_1_168' title='bbox 301 2793 458 2860; x_wconf 85' lang='lat' dir='ltr'>Dederat</span> <span class='ocrx_word' id='word_1_169' title='bbox 473 2804 592 2858; x_wconf 91' lang='lat' dir='ltr'>autem</span> <span class='ocrx_word' id='word_1_170' title='bbox 612 2795 705 2858; x_wconf 90' lang='lat' dir='ltr'>idem</span> <span class='ocrx_word' id='word_1_171' title='bbox 726 2793 909 2872; x_wconf 89' lang='lat' dir='ltr'>fundator,</span> <span class='ocrx_word' id='word_1_172' title='bbox 932 2803 970 2857; x_wconf 90' lang='lat' dir='ltr'>ut</span> <span class='ocrx_word' id='word_1_173' title='bbox 990 2795 1153 2874; x_wconf 90' lang='lat' dir='ltr'>superius</span> <span class='ocrx_word' id='word_1_174' title='bbox 1169 2793 1368 2872; x_wconf 76' lang='lat' dir='ltr'>tetigimuS,</span> <span class='ocrx_word' id='word_1_175' title='bbox 1385 2793 1531 2856; x_wconf 90' lang='lat' dir='ltr'>domum</span> 
     </span>
     <span class='ocr_line' id='line_1_23' title="bbox 299 2900 1532 2982; baseline 0 -18"><span class='ocrx_word' id='word_1_176' title='bbox 299 2903 406 2966; x_wconf 91' lang='lat' dir='ltr'>aliam</span> <span class='ocrx_word' id='word_1_177' title='bbox 421 2903 662 2982; x_wconf 85' lang='lat' dir='ltr'>praecipuam,</span> <span class='ocrx_word' id='word_1_178' title='bbox 680 2901 737 2964; x_wconf 91' lang='lat' dir='ltr'>ubi</span> <span class='ocrx_word' id='word_1_179' title='bbox 752 2902 866 2965; x_wconf 90' lang='lat' dir='ltr'>nostri</span> <span class='ocrx_word' id='word_1_180' title='bbox 876 2900 952 2981; x_wconf 89' lang='lat' dir='ltr'>jam</span> <span class='ocrx_word' id='word_1_181' title='bbox 967 2900 1191 2979; x_wconf 88' lang='lat' dir='ltr'>habitabant,</span> <span class='ocrx_word' id='word_1_182' title='bbox 1208 2900 1304 2964; x_wconf 91' lang='lat' dir='ltr'>dedit</span> <span class='ocrx_word' id='word_1_183' title='bbox 1323 2909 1358 2964; x_wconf 90' lang='lat' dir='ltr'>ct</span> <span class='ocrx_word' id='word_1_184' title='bbox 1372 2901 1532 2980; x_wconf 89' lang='lat' dir='ltr'>pinetum</span> 
     </span>
     <span class='ocr_line' id='line_1_24' title="bbox 300 3008 923 3090; baseline -0.003 -17"><span class='ocrx_word' id='word_1_185' title='bbox 300 3027 380 3074; x_wconf 90' lang='lat' dir='ltr'>cum</span> <span class='ocrx_word' id='word_1_186' title='bbox 396 3010 466 3073; x_wconf 91' lang='lat' dir='ltr'>alia</span> <span class='ocrx_word' id='word_1_187' title='bbox 481 3010 587 3073; x_wconf 92' lang='lat' dir='ltr'>domo</span> <span class='ocrx_word' id='word_1_188' title='bbox 602 3026 711 3090; x_wconf 91' lang='lat' dir='ltr'>prope</span> <span class='ocrx_word' id='word_1_189' title='bbox 726 3008 923 3073; x_wconf 80' lang='lat' dir='ltr'>Simancas</span> 
     </span>
    </p>

    <p class='ocr_par' dir='ltr' id='par_1_5' title="bbox 298 3114 1530 3625">
     <span class='ocr_line' id='line_1_25' title="bbox 362 3114 1530 3197; baseline 0 -19"><span class='ocrx_word' id='word_1_190' title='bbox 362 3116 450 3180; x_wconf 85' lang='grc'><strong>1252.</strong></span> <span class='ocrx_word' id='word_1_191' title='bbox 494 3115 655 3197; x_wconf 88' lang='lat' dir='ltr'>Accepto</span> <span class='ocrx_word' id='word_1_192' title='bbox 671 3116 815 3180; x_wconf 89' lang='lat' dir='ltr'>decreto</span> <span class='ocrx_word' id='word_1_193' title='bbox 829 3115 1034 3196; x_wconf 91' lang='lat' dir='ltr'>Parisiensi,</span> <span class='ocrx_word' id='word_1_194' title='bbox 1048 3115 1261 3194; x_wconf 89' lang='lat' dir='ltr'>testimonia,</span> <span class='ocrx_word' id='word_1_195' title='bbox 1275 3132 1366 3195; x_wconf 88' lang='lat' dir='ltr'>quae</span> <span class='ocrx_word' id='word_1_196' title='bbox 1376 3114 1414 3178; x_wconf 88' lang='lat' dir='ltr'>P.</span> <span class='ocrx_word' id='word_1_197' title='bbox 1427 3114 1530 3194; x_wconf 85' lang='lat' dir='ltr'>Igna-</span> 
     </span>
     <span class='ocr_line' id='line_1_26' title="bbox 298 3221 1528 3304; baseline -0.002 -16"><span class='ocrx_word' id='word_1_198' title='bbox 298 3226 369 3288; x_wconf 89' lang='lat' dir='ltr'>tius</span> <span class='ocrx_word' id='word_1_199' title='bbox 388 3225 644 3304; x_wconf 84' lang='lat' dir='ltr'>postulaverat,</span> <span class='ocrx_word' id='word_1_200' title='bbox 666 3223 837 3286; x_wconf 92' lang='lat' dir='ltr'>mittenda</span> <span class='ocrx_word' id='word_1_201' title='bbox 859 3221 895 3285; x_wconf 90' lang='lat' dir='ltr'>P.</span> <span class='ocrx_word' id='word_1_202' title='bbox 919 3221 1040 3286; x_wconf 87' lang='lat' dir='ltr'>Araoz</span> <span class='ocrx_word' id='word_1_203' title='bbox 1061 3222 1213 3300; x_wconf 89' lang='lat' dir='ltr'>curavit,</span> <span class='ocrx_word' id='word_1_204' title='bbox 1236 3221 1344 3285; x_wconf 86' lang='lat' dir='ltr'>etiam</span> <span class='ocrx_word' id='word_1_205' title='bbox 1365 3238 1528 3302; x_wconf 91' lang='lat' dir='ltr'>quorum·</span> 
     </span>
     <span class='ocr_line' id='line_1_27' title="bbox 298 3329 1529 3412; baseline -0.002 -17"><span class='ocrx_word' id='word_1_206' title='bbox 298 3332 396 3409; x_wconf 90' lang='lat' dir='ltr'>dam,</span> <span class='ocrx_word' id='word_1_207' title='bbox 418 3332 512 3412; x_wconf 91' lang='lat' dir='ltr'>apud</span> <span class='ocrx_word' id='word_1_208' title='bbox 537 3348 626 3412; x_wconf 92' lang='lat' dir='ltr'>quos</span> <span class='ocrx_word' id='word_1_209' title='bbox 650 3329 812 3395; x_wconf 89' lang='lat' dir='ltr'>Societas</span> <span class='ocrx_word' id='word_1_210' title='bbox 835 3348 907 3393; x_wconf 92' lang='lat' dir='ltr'>non</span> <span class='ocrx_word' id='word_1_211' title='bbox 933 3329 1126 3410; x_wconf 87' lang='lat' dir='ltr'>residebat,</span> <span class='ocrx_word' id='word_1_212' title='bbox 1153 3329 1317 3410; x_wconf 90' lang='lat' dir='ltr'>quamvis</span> <span class='ocrx_word' id='word_1_213' title='bbox 1341 3329 1529 3407; x_wconf 88' lang='lat' dir='ltr'>perutilem</span> 
     </span>
     <span class='ocr_line' id='line_1_28' title="bbox 298 3434 1528 3519; baseline -0.002 -18"><span class='ocrx_word' id='word_1_214' title='bbox 298 3455 444 3519; x_wconf 92' lang='lat' dir='ltr'>operam</span> <span class='ocrx_word' id='word_1_215' title='bbox 458 3438 616 3518; x_wconf 89' lang='lat' dir='ltr'>ipsorum</span> <span class='ocrx_word' id='word_1_216' title='bbox 631 3437 757 3500; x_wconf 89' lang='lat' dir='ltr'>ovibus</span> <span class='ocrx_word' id='word_1_217' title='bbox 773 3448 955 3515; x_wconf 86' lang='lat' dir='ltr'>navasset,</span> <span class='ocrx_word' id='word_1_218' title='bbox 976 3438 1067 3500; x_wconf 92' lang='lat' dir='ltr'>inter</span> <span class='ocrx_word' id='word_1_219' title='bbox 1088 3453 1178 3517; x_wconf 91' lang='lat' dir='ltr'>quos</span> <span class='ocrx_word' id='word_1_220' title='bbox 1196 3436 1262 3500; x_wconf 90' lang='lat' dir='ltr'>fuit</span> <span class='ocrx_word' id='word_1_221' title='bbox 1281 3434 1528 3515; x_wconf 91' lang='lat' dir='ltr'>Pampilonen·</span> 
     </span>
     <span class='ocr_line' id='line_1_29' title="bbox 298 3543 598 3625; baseline -0.003 -17"><span class='ocrx_word' id='word_1_222' title='bbox 298 3546 348 3609; x_wconf 90' lang='lat' dir='ltr'>sis</span> <span class='ocrx_word' id='word_1_223' title='bbox 362 3545 561 3625; x_wconf 89' lang='lat' dir='ltr'>Episcopus</span> <span class='ocrx_word' id='word_1_224' title='bbox 574 3543 598 3606; x_wconf 81' lang='lat'>³.</span> 
     </span>
    </p>

    <p class='ocr_par' dir='ltr' id='par_1_6' title="bbox 296 3647 1602 4162">
     <span class='ocr_line' id='line_1_30' title="bbox 360 3647 1530 3731; baseline -0.003 -17"><span class='ocrx_word' id='word_1_225' title='bbox 360 3651 447 3716; x_wconf 64' lang='lat'>1253.</span> <span class='ocrx_word' id='word_1_226' title='bbox 491 3651 664 3731; x_wconf 86' lang='lat' dir='ltr'>Quamvis</span> <span class='ocrx_word' id='word_1_227' title='bbox 679 3651 841 3715; x_wconf 92' lang='lat' dir='ltr'>Societas</span> <span class='ocrx_word' id='word_1_228' title='bbox 861 3651 1067 3714; x_wconf 90' lang='lat' dir='ltr'>facultatem</span> <span class='ocrx_word' id='word_1_229' title='bbox 1087 3650 1234 3713; x_wconf 85' lang='lat' dir='ltr'>haberet</span> <span class='ocrx_word' id='word_1_230' title='bbox 1253 3647 1460 3712; x_wconf 89' lang='lat' dir='ltr'>absolvendi</span> <span class='ocrx_word' id='word_1_231' title='bbox 1483 3649 1530 3711; x_wconf 92' lang='lat' dir='ltr'>ab</span> 
     </span>
     <span class='ocr_line' id='line_1_31' title="bbox 298 3755 1527 3838; baseline -0.004 -15"><span class='ocrx_word' id='word_1_232' title='bbox 298 3760 449 3838; x_wconf 86' lang='lat' dir='ltr'>haeresi,</span> <span class='ocrx_word' id='word_1_233' title='bbox 466 3761 542 3822; x_wconf 91' lang='lat' dir='ltr'>sine</span> <span class='ocrx_word' id='word_1_234' title='bbox 557 3759 628 3821; x_wconf 89' lang='lat' dir='ltr'>ulla</span> <span class='ocrx_word' id='word_1_235' title='bbox 643 3758 801 3838; x_wconf 88' lang='lat' dir='ltr'>regionis</span> <span class='ocrx_word' id='word_1_236' title='bbox 823 3758 916 3821; x_wconf 89' lang='lat' dir='ltr'>illius</span> <span class='ocrx_word' id='word_1_237' title='bbox 936 3757 1144 3838; x_wconf 88' lang='lat' dir='ltr'>exceptione</span> <span class='ocrx_word' id='word_1_238' title='bbox 1165 3772 1385 3836; x_wconf 88' lang='lat' dir='ltr'>concessam,</span> <span class='ocrx_word' id='word_1_239' title='bbox 1409 3755 1527 3818; x_wconf 92' lang='lat' dir='ltr'>admo·</span> 
     </span>
     <span class='ocr_line' id='line_1_32' title="bbox 296 3862 1602 3944; baseline -0.005 -14"><span class='ocrx_word' id='word_1_240' title='bbox 296 3868 392 3930; x_wconf 91' lang='lat' dir='ltr'>nitus</span> <span class='ocrx_word' id='word_1_241' title='bbox 406 3879 525 3930; x_wconf 90' lang='lat' dir='ltr'>tamen</span> <span class='ocrx_word' id='word_1_242' title='bbox 539 3866 606 3929; x_wconf 94' lang='lat' dir='ltr'>fuit</span> <span class='ocrx_word' id='word_1_243' title='bbox 620 3866 659 3930; x_wconf 86' lang='lat' dir='ltr'>P.</span> <span class='ocrx_word' id='word_1_244' title='bbox 682 3866 802 3929; x_wconf 86' lang='lat' dir='ltr'>Araoz</span> <span class='ocrx_word' id='word_1_245' title='bbox 820 3876 859 3928; x_wconf 93' lang='lat' dir='ltr'>ut</span> <span class='ocrx_word' id='word_1_246' title='bbox 879 3881 951 3928; x_wconf 89' lang='lat' dir='ltr'>non</span> <span class='ocrx_word' id='word_1_247' title='bbox 971 3864 1040 3927; x_wconf 89' lang='lat' dir='ltr'>nisi</span> <span class='ocrx_word' id='word_1_248' title='bbox 1059 3880 1292 3944; x_wconf 87' lang='lat' dir='ltr'>magnacum</span> <span class='ocrx_word' id='word_1_249' title='bbox 1314 3862 1528 3943; x_wconf 88' lang='lat' dir='ltr'>circumspe·</span> <span class='ocrx_word' id='word_1_250' title='bbox 1599 3929 1602 3935; x_wconf 70' lang='grc'>,</span> 
     </span>
     <span class='ocr_line' id='line_1_33' title="bbox 298 3970 1526 4054; baseline -0.004 -18"><span class='ocrx_word' id='word_1_251' title='bbox 298 3974 427 4051; x_wconf 87' lang='lat' dir='ltr'>ctione,</span> <span class='ocrx_word' id='word_1_252' title='bbox 444 3985 478 4037; x_wconf 86' lang='lat' dir='ltr'>et</span> <span class='ocrx_word' id='word_1_253' title='bbox 493 3972 635 4054; x_wconf 91' lang='lat' dir='ltr'>quidem</span> <span class='ocrx_word' id='word_1_254' title='bbox 650 3990 731 4035; x_wconf 92' lang='lat' dir='ltr'>cum</span> <span class='ocrx_word' id='word_1_255' title='bbox 746 3988 804 4035; x_wconf 91' lang='lat' dir='ltr'>res</span> <span class='ocrx_word' id='word_1_256' title='bbox 819 3972 863 4035; x_wconf 90' lang='lat' dir='ltr'>ad</span> <span class='ocrx_word' id='word_1_257' title='bbox 880 3971 996 4034; x_wconf 91' lang='lat' dir='ltr'>forum</span> <span class='ocrx_word' id='word_1_258' title='bbox 1017 3971 1175 4034; x_wconf 86' lang='lat' dir='ltr'>exterius</span> <span class='ocrx_word' id='word_1_259' title='bbox 1188 3970 1306 4034; x_wconf 91' lang='lat' dir='ltr'>delata</span> <span class='ocrx_word' id='word_1_260' title='bbox 1327 3988 1397 4034; x_wconf 92' lang='lat' dir='ltr'>non</span> <span class='ocrx_word' id='word_1_261' title='bbox 1420 3979 1526 4047; x_wconf 89' lang='lat' dir='ltr'>esset,</span> 
     </span>
     <span class='ocr_line' id='line_1_34' title="bbox 296 4079 1236 4162; baseline -0.004 -17"><span class='ocrx_word' id='word_1_262' title='bbox 296 4080 488 4162; x_wconf 88' lang='lat' dir='ltr'>etquidem</span> <span class='ocrx_word' id='word_1_263' title='bbox 502 4097 633 4160; x_wconf 85' lang='lat' dir='ltr'>magno</span> <span class='ocrx_word' id='word_1_264' title='bbox 650 4098 730 4143; x_wconf 90' lang='lat' dir='ltr'>cum</span> <span class='ocrx_word' id='word_1_265' title='bbox 746 4080 895 4157; x_wconf 90' lang='lat' dir='ltr'>delectu,</span> <span class='ocrx_word' id='word_1_266' title='bbox 912 4079 1028 4142; x_wconf 88' lang='lat' dir='ltr'>nostri</span> <span class='ocrx_word' id='word_1_267' title='bbox 1042 4087 1236 4141; x_wconf 88' lang='lat' dir='ltr'>uterentur.</span> 
     </span>
    </p>
   </div>
   <div class='ocr_carea' id='block_1_3' title="bbox 294 4319 1528 4806">
    <p class='ocr_par' dir='ltr' id='par_1_7' title="bbox 334 4319 775 4377">
     <span class='ocr_line' id='line_1_35' title="bbox 334 4319 775 4377; baseline -0.005 -11"><span class='ocrx_word' id='word_1_268' title='bbox 334 4321 344 4356; x_wconf 83' lang='lat'>¹</span> <span class='ocrx_word' id='word_1_269' title='bbox 372 4321 440 4366; x_wconf 85' lang='lat' dir='ltr'>Vide</span> <span class='ocrx_word' id='word_1_270' title='bbox 449 4332 538 4377; x_wconf 72' lang='lat' dir='ltr'>supra,</span> <span class='ocrx_word' id='word_1_271' title='bbox 549 4332 609 4376; x_wconf 72' lang='lat' dir='ltr'>pag.</span> <span class='ocrx_word' id='word_1_272' title='bbox 618 4319 667 4376; x_wconf 69' lang='lat'>⁴20,</span> <span class='ocrx_word' id='word_1_273' title='bbox 677 4332 703 4364; x_wconf 89' lang='lat' dir='ltr'>n.</span> <span class='ocrx_word' id='word_1_274' title='bbox 713 4321 775 4364; x_wconf 79' lang='grc'><strong>1122.</strong></span> 
     </span>
    </p>

    <p class='ocr_par' dir='ltr' id='par_1_8' title="bbox 334 4392 851 4448">
     <span class='ocr_line' id='line_1_36' title="bbox 334 4392 851 4448; baseline -0.002 -11"><span class='ocrx_word' id='word_1_275' title='bbox 334 4395 346 4427; x_wconf 80' lang='lat'><strong>¹</strong></span> <span class='ocrx_word' id='word_1_276' title='bbox 373 4394 440 4439; x_wconf 86' lang='lat' dir='ltr'>Vide</span> <span class='ocrx_word' id='word_1_277' title='bbox 450 4405 537 4448; x_wconf 71' lang='lat' dir='ltr'>supra,</span> <span class='ocrx_word' id='word_1_278' title='bbox 547 4399 566 4438; x_wconf 88' lang='lat' dir='ltr'>t.</span> <span class='ocrx_word' id='word_1_279' title='bbox 577 4405 614 4448; x_wconf 81' lang='lat' dir='ltr'>lv,</span> <span class='ocrx_word' id='word_1_280' title='bbox 623 4403 685 4448; x_wconf 77' lang='lat' dir='ltr'>pag.</span> <span class='ocrx_word' id='word_1_281' title='bbox 694 4393 743 4446; x_wconf 77' lang='lat'>5⁶9,</span> <span class='ocrx_word' id='word_1_282' title='bbox 753 4404 778 4436; x_wconf 90' lang='lat' dir='ltr'>n.</span> <span class='ocrx_word' id='word_1_283' title='bbox 791 4392 851 4436; x_wconf 71' lang='grc'><strong>1253.</strong></span> 
     </span>
    </p>

    <p class='ocr_par' dir='ltr' id='par_1_9' title="bbox 294 4459 1528 4806">
     <span class='ocr_line' id='line_1_37' title="bbox 332 4459 1528 4518; baseline -0.008 -8"><span class='ocrx_word' id='word_1_284' title='bbox 332 4464 345 4497; x_wconf 80' lang='lat'>⁸</span> <span class='ocrx_word' id='word_1_285' title='bbox 370 4465 397 4510; x_wconf 79' lang='lat'>1·</span> <span class='ocrx_word' id='word_1_286' title='bbox 411 4473 470 4510; x_wconf 83' lang='lat' dir='ltr'>ent</span> <span class='ocrx_word' id='word_1_287' title='bbox 484 4473 539 4509; x_wconf 86' lang='lat' dir='ltr'>tum</span> <span class='ocrx_word' id='word_1_288' title='bbox 549 4464 630 4510; x_wconf 78' lang='lat' dir='ltr'>Dnue.</span> <span class='ocrx_word' id='word_1_289' title='bbox 640 4465 758 4508; x_wconf 72' lang='lat' dir='ltr'>Alvum</span> <span class='ocrx_word' id='word_1_290' title='bbox 771 4465 804 4508; x_wconf 87' lang='lat' dir='ltr'>de</span> <span class='ocrx_word' id='word_1_291' title='bbox 818 4463 944 4518; x_wconf 76' lang='lat' dir='ltr'>lfoscoao,</span> <span class='ocrx_word' id='word_1_292' title='bbox 955 4465 1028 4518; x_wconf 82' lang='lat' dir='ltr'>cujus</span> <span class='ocrx_word' id='word_1_293' title='bbox 1042 4475 1113 4514; x_wconf 75' lang='lat' dir='ltr'>ores,</span> <span class='ocrx_word' id='word_1_294' title='bbox 1128 4469 1244 4518; x_wconf 84' lang='lat' dir='ltr'>tempore</span> <span class='ocrx_word' id='word_1_295' title='bbox 1255 4460 1409 4516; x_wconf 75' lang='lat' dir='ltr'>praeeertlm</span> <span class='ocrx_word' id='word_1_296' title='bbox 1420 4459 1528 4514; x_wconf 70' lang='lat' dir='ltr'>praede·</span> 
     </span>
     <span class='ocr_line' id='line_1_38' title="bbox 294 4530 1527 4592; baseline -0.006 -11"><span class='ocrx_word' id='word_1_297' title='bbox 294 4538 405 4582; x_wconf 71' lang='lat' dir='ltr'>censorie</span> <span class='ocrx_word' id='word_1_298' title='bbox 414 4537 479 4592; x_wconf 79' lang='lat' dir='ltr'>elus,</span> <span class='ocrx_word' id='word_1_299' title='bbox 490 4536 598 4582; x_wconf 85' lang='lat' dir='ltr'>Antoull</span> <span class='ocrx_word' id='word_1_300' title='bbox 607 4537 640 4580; x_wconf 85' lang='lat' dir='ltr'>de</span> <span class='ocrx_word' id='word_1_301' title='bbox 650 4535 775 4590; x_wconf 70' lang='lat' dir='ltr'>Fontece,</span> <span class='ocrx_word' id='word_1_302' title='bbox 786 4537 954 4580; x_wconf 80' lang='lat' dir='ltr'>excoluerant</span> <span class='ocrx_word' id='word_1_303' title='bbox 965 4535 992 4580; x_wconf 86' lang='lat' dir='ltr'>P.</span> <span class='ocrx_word' id='word_1_304' title='bbox 1003 4533 1159 4580; x_wconf 75' lang='lat' dir='ltr'>Frauclecue</span> <span class='ocrx_word' id='word_1_305' title='bbox 1169 4535 1265 4588; x_wconf 76' lang='lat' dir='ltr'>Borgla</span> <span class='ocrx_word' id='word_1_306' title='bbox 1276 4532 1358 4577; x_wconf 75' lang='lat' dir='ltr'>etalii</span> <span class='ocrx_word' id='word_1_307' title='bbox 1369 4543 1401 4576; x_wconf 77' lang='lat' dir='ltr'>ex</span> <span class='ocrx_word' id='word_1_308' title='bbox 1410 4530 1527 4584; x_wconf 79' lang='lat' dir='ltr'>collegio</span> 
     </span>
     <span class='ocr_line' id='line_1_39' title="bbox 294 4601 1526 4664; baseline -0.007 -11"><span class='ocrx_word' id='word_1_309' title='bbox 294 4607 436 4664; x_wconf 79' lang='lat' dir='ltr'>Ognatenel</span> <span class='ocrx_word' id='word_1_310' title='bbox 447 4610 472 4652; x_wconf 90' lang='lat' dir='ltr'>ln</span> <span class='ocrx_word' id='word_1_311' title='bbox 486 4609 708 4663; x_wconf 75' lang='lat' dir='ltr'>Pampiloneneem</span> <span class='ocrx_word' id='word_1_312' title='bbox 718 4607 857 4652; x_wconf 80' lang='lat' dir='ltr'>dioecesim</span> <span class='ocrx_word' id='word_1_313' title='bbox 866 4612 1044 4661; x_wconf 75' lang='lat' dir='ltr'>excurrentes,</span> <span class='ocrx_word' id='word_1_314' title='bbox 1054 4613 1083 4650; x_wconf 93' lang='lat' dir='ltr'>ut</span> <span class='ocrx_word' id='word_1_315' title='bbox 1094 4606 1184 4651; x_wconf 81' lang='lat' dir='ltr'>vldere</span> <span class='ocrx_word' id='word_1_316' title='bbox 1194 4611 1234 4649; x_wconf 80' lang='lat' dir='ltr'>est</span> <span class='ocrx_word' id='word_1_317' title='bbox 1244 4605 1341 4660; x_wconf 76' lang='lat' dir='ltr'>passim</span> <span class='ocrx_word' id='word_1_318' title='bbox 1350 4605 1377 4648; x_wconf 89' lang='lat' dir='ltr'>ln</span> <span class='ocrx_word' id='word_1_319' title='bbox 1391 4603 1439 4646; x_wconf 84' lang='lat' dir='ltr'>boc</span> <span class='ocrx_word' id='word_1_320' title='bbox 1451 4601 1526 4646; x_wconf 76' lang='lat' dir='ltr'>Chro-</span> 
     </span>
     <span class='ocr_line' id='line_1_40' title="bbox 294 4675 1526 4734; baseline -0.006 -10"><span class='ocrx_word' id='word_1_321' title='bbox 294 4684 364 4734; x_wconf 79' lang='lat' dir='ltr'>nico,</span> <span class='ocrx_word' id='word_1_322' title='bbox 374 4689 394 4724; x_wconf 87' lang='lat' dir='ltr'>t.</span> <span class='ocrx_word' id='word_1_323' title='bbox 403 4685 447 4725; x_wconf 80' lang='lat' dir='ltr'>ret</span> <span class='ocrx_word' id='word_1_324' title='bbox 457 4689 485 4725; x_wconf 84' lang='lat' dir='ltr'>rt.</span> <span class='ocrx_word' id='word_1_325' title='bbox 497 4679 583 4732; x_wconf 79' lang='lat' dir='ltr'>Quare</span> <span class='ocrx_word' id='word_1_326' title='bbox 593 4685 715 4734; x_wconf 73' lang='lat' dir='ltr'>putemus</span> <span class='ocrx_word' id='word_1_327' title='bbox 725 4680 793 4724; x_wconf 86' lang='lat' dir='ltr'>huuc</span> <span class='ocrx_word' id='word_1_328' title='bbox 803 4678 945 4724; x_wconf 80' lang='lat' dir='ltr'>Antonium</span> <span class='ocrx_word' id='word_1_329' title='bbox 957 4679 988 4722; x_wconf 89' lang='lat' dir='ltr'>de</span> <span class='ocrx_word' id='word_1_330' title='bbox 995 4677 1119 4732; x_wconf 78' lang='lat' dir='ltr'>Fonseca,</span> <span class='ocrx_word' id='word_1_331' title='bbox 1126 4683 1186 4722; x_wconf 89' lang='lat' dir='ltr'>tunc</span> <span class='ocrx_word' id='word_1_332' title='bbox 1198 4677 1222 4721; x_wconf 92' lang='lat' dir='ltr'>ln</span> <span class='ocrx_word' id='word_1_333' title='bbox 1233 4677 1306 4722; x_wconf 77' lang='lat' dir='ltr'>curie</span> <span class='ocrx_word' id='word_1_334' title='bbox 1317 4675 1463 4730; x_wconf 84' lang='lat' dir='ltr'>degentem,</span> <span class='ocrx_word' id='word_1_335' title='bbox 1474 4683 1526 4716; x_wconf 87' lang='lat' dir='ltr'>non</span> 
     </span>
     <span class='ocr_line' id='line_1_41' title="bbox 295 4747 1346 4806; baseline -0.002 -10"><span class='ocrx_word' id='word_1_336' title='bbox 295 4753 424 4797; x_wconf 64' lang='lat' dir='ltr'>alvarum</span> <span class='ocrx_word' id='word_1_337' title='bbox 435 4752 465 4795; x_wconf 87' lang='lat' dir='ltr'>de</span> <span class='ocrx_word' id='word_1_338' title='bbox 475 4751 600 4805; x_wconf 75' lang='lat' dir='ltr'>Moecoso,</span> <span class='ocrx_word' id='word_1_339' title='bbox 612 4750 798 4806; x_wconf 82' lang='lat' dir='ltr'>testimonlurn,</span> <span class='ocrx_word' id='word_1_340' title='bbox 808 4750 882 4806; x_wconf 78' lang='lat' dir='ltr'>cujus</span> <span class='ocrx_word' id='word_1_341' title='bbox 892 4750 934 4794; x_wconf 84' lang='lat' dir='ltr'>hle</span> <span class='ocrx_word' id='word_1_342' title='bbox 946 4749 973 4794; x_wconf 84' lang='lat' dir='ltr'>fit</span> <span class='ocrx_word' id='word_1_343' title='bbox 985 4749 1088 4804; x_wconf 82' lang='lat' dir='ltr'>mentlo,</span> <span class='ocrx_word' id='word_1_344' title='bbox 1101 4747 1226 4793; x_wconf 77' lang='lat' dir='ltr'>Socletetl</span> <span class='ocrx_word' id='word_1_345' title='bbox 1237 4747 1346 4794; x_wconf 79' lang='lat' dir='ltr'>dedisse.</span> 
     </span>
    </p>
   </div>
   <div class='ocr_carea' id='block_1_4' title="bbox 0 0 1864 5400">
    <p class='ocr_par' dir='ltr' id='par_1_10' title="bbox 0 0 1864 5400">
     <span class='ocr_line' id='line_1_42' title="bbox 0 0 1864 5400; baseline 0 3"><span class='ocrx_word' id='word_1_346' title='bbox 0 0 1864 5400; x_wconf 95' lang='lat' dir='ltr'> </span> 
     </span>
    </p>
   </div>
  </div>
 </body>
</html>
