<?xml version="1.0" encoding="UTF-8"?>
<!DOCTYPE html PUBLIC "-//W3C//DTD XHTML 1.0 Transitional//EN"
    "http://www.w3.org/TR/xhtml1/DTD/xhtml1-transitional.dtd">
<html xmlns="http://www.w3.org/1999/xhtml" xml:lang="en" lang="en">
 <head>
  <title>
</title>
<meta http-equiv="Content-Type" content="text/html;charset=utf-8" />
  <meta name='ocr-system' content='tesseract 3.04.00' />
  <meta name='ocr-capabilities' content='ocr_page ocr_carea ocr_par ocr_line ocrx_word'/>
</head>
<body>
  <div class='ocr_page' id='page_1' title='image "./vitaignatiiloio01polagoog_0448.png"; bbox 0 0 3717 5400; ppageno 0'>
   <div class='ocr_carea' id='block_1_1' title="bbox 349 472 1127 567">
    <p class='ocr_par' dir='ltr' id='par_1_1' title="bbox 349 472 1127 567">
     <span class='ocr_line' id='line_1_1' title="bbox 349 472 1127 567; baseline 0.001 -16"><span class='ocrx_word' id='word_1_1' title='bbox 349 492 408 551; x_wconf 73' lang='lat'><strong>⁴42</strong></span> <span class='ocrx_word' id='word_1_2' title='bbox 669 472 677 487; x_wconf 65' lang='lat'>⁸</span> <span class='ocrx_word' id='word_1_3' title='bbox 812 492 939 552; x_wconf 81' lang='lat' dir='ltr'><strong>Canon.</strong></span> <span class='ocrx_word' id='word_1_4' title='bbox 960 492 1037 553; x_wconf 87' lang='lat' dir='ltr'>Soc.</span> <span class='ocrx_word' id='word_1_5' title='bbox 1058 494 1127 567; x_wconf 84' lang='lat' dir='ltr'><strong>Jus.</strong></span> 
     </span>
    </p>
   </div>
   <div class='ocr_carea' id='block_1_2' title="bbox 263 637 1584 2323">
    <p class='ocr_par' dir='ltr' id='par_1_2' title="bbox 352 637 1583 826">
     <span class='ocr_line' id='line_1_2' title="bbox 353 637 1583 720; baseline -0.002 -19"><span class='ocrx_word' id='word_1_6' title='bbox 353 638 476 701; x_wconf 88' lang='lat' dir='ltr'><strong>labore</strong></span> <span class='ocrx_word' id='word_1_7' title='bbox 490 646 525 701; x_wconf 90' lang='lat' dir='ltr'><strong>et</strong></span> <span class='ocrx_word' id='word_1_8' title='bbox 539 638 774 702; x_wconf 87' lang='lat' dir='ltr'><strong>incommodis</strong></span> <span class='ocrx_word' id='word_1_9' title='bbox 788 639 925 705; x_wconf 85' lang='lat' dir='ltr'><strong>itineris</strong></span> <span class='ocrx_word' id='word_1_10' title='bbox 941 656 983 701; x_wconf 91' lang='lat' dir='ltr'><strong>ac</strong></span> <span class='ocrx_word' id='word_1_11' title='bbox 999 639 1167 720; x_wconf 91' lang='lat' dir='ltr'><strong>temporis</strong></span> <span class='ocrx_word' id='word_1_12' title='bbox 1184 637 1206 715; x_wconf 84' lang='lat'><strong>¹,</strong></span> <span class='ocrx_word' id='word_1_13' title='bbox 1223 638 1435 718; x_wconf 84' lang='lat' dir='ltr'><strong>simulatque</strong></span> <span class='ocrx_word' id='word_1_14' title='bbox 1449 637 1583 701; x_wconf 87' lang='lat' dir='ltr'><strong>valetu-</strong></span> 
     </span>
     <span class='ocr_line' id='line_1_3' title="bbox 352 742 1583 826; baseline -0.001 -19"><span class='ocrx_word' id='word_1_15' title='bbox 352 744 473 808; x_wconf 87' lang='lat' dir='ltr'><strong>dinem</strong></span> <span class='ocrx_word' id='word_1_16' title='bbox 487 755 678 825; x_wconf 90' lang='lat' dir='ltr'><strong>utcumque</strong></span> <span class='ocrx_word' id='word_1_17' title='bbox 692 746 929 826; x_wconf 88' lang='lat' dir='ltr'><strong>recuperavit,</strong></span> <span class='ocrx_word' id='word_1_18' title='bbox 942 747 1048 810; x_wconf 90' lang='lat' dir='ltr'><strong>rebus</strong></span> <span class='ocrx_word' id='word_1_19' title='bbox 1061 746 1181 809; x_wconf 85' lang='lat' dir='ltr'><strong>multis</strong></span> <span class='ocrx_word' id='word_1_20' title='bbox 1192 746 1227 810; x_wconf 90' lang='lat' dir='ltr'><strong>in</strong></span> <span class='ocrx_word' id='word_1_21' title='bbox 1242 745 1372 826; x_wconf 90' lang='lat' dir='ltr'><strong>oppido</strong></span> <span class='ocrx_word' id='word_1_22' title='bbox 1384 742 1583 824; x_wconf 85' lang='lat' dir='ltr'><strong>Ognatensi</strong></span> 
     </span>
    </p>

    <p class='ocr_par' dir='ltr' id='par_1_3' title="bbox 263 850 1582 1253">
     <span class='ocr_line' id='line_1_4' title="bbox 353 850 1581 933; baseline -0.001 -20"><span class='ocrx_word' id='word_1_23' title='bbox 353 851 522 931; x_wconf 90' lang='lat' dir='ltr'><strong>providit,</strong></span> <span class='ocrx_word' id='word_1_24' title='bbox 539 860 574 914; x_wconf 87' lang='lat' dir='ltr'><strong>et</strong></span> <span class='ocrx_word' id='word_1_25' title='bbox 589 850 786 915; x_wconf 84' lang='lat' dir='ltr'><strong>discordias</strong></span> <span class='ocrx_word' id='word_1_26' title='bbox 802 868 953 932; x_wconf 91' lang='lat' dir='ltr'><strong>magnas</strong></span> <span class='ocrx_word' id='word_1_27' title='bbox 965 852 1056 916; x_wconf 88' lang='lat' dir='ltr'><strong>inter</strong></span> <span class='ocrx_word' id='word_1_28' title='bbox 1068 851 1207 933; x_wconf 91' lang='lat' dir='ltr'><strong>aliquos</strong></span> <span class='ocrx_word' id='word_1_29' title='bbox 1221 852 1430 931; x_wconf 87' lang='lat' dir='ltr'><strong>composuit,</strong></span> <span class='ocrx_word' id='word_1_30' title='bbox 1447 868 1493 914; x_wconf 86' lang='lat' dir='ltr'><strong>ex</strong></span> <span class='ocrx_word' id='word_1_31' title='bbox 1506 850 1581 931; x_wconf 90' lang='lat' dir='ltr'><strong>qui-</strong></span> 
     </span>
     <span class='ocr_line' id='line_1_5' title="bbox 263 939 1581 1038; baseline 0.001 -19"><span class='ocrx_word' id='word_1_32' title='bbox 263 939 267 945; x_wconf 64' lang='grc'>’</span> <span class='ocrx_word' id='word_1_33' title='bbox 352 955 421 1020; x_wconf 89' lang='lat' dir='ltr'><strong>bus</strong></span> <span class='ocrx_word' id='word_1_34' title='bbox 436 957 522 1022; x_wconf 90' lang='lat' dir='ltr'><strong>oriri</strong></span> <span class='ocrx_word' id='word_1_35' title='bbox 535 958 663 1037; x_wconf 89' lang='lat' dir='ltr'><strong>gravia</strong></span> <span class='ocrx_word' id='word_1_36' title='bbox 678 958 848 1022; x_wconf 88' lang='lat' dir='ltr'><strong>scandala</strong></span> <span class='ocrx_word' id='word_1_37' title='bbox 869 967 1045 1038; x_wconf 85' lang='lat' dir='ltr'><strong>poterant.</strong></span> <span class='ocrx_word' id='word_1_38' title='bbox 1061 958 1233 1023; x_wconf 88' lang='lat' dir='ltr'><strong>Visitavit</strong></span> <span class='ocrx_word' id='word_1_39' title='bbox 1251 958 1357 1021; x_wconf 90' lang='lat' dir='ltr'><strong>etiam</strong></span> <span class='ocrx_word' id='word_1_40' title='bbox 1377 957 1581 1038; x_wconf 85' lang='lat' dir='ltr'><strong>Ognatense</strong></span> 
     </span>
     <span class='ocr_line' id='line_1_6' title="bbox 353 1064 1582 1147; baseline 0.002 -21"><span class='ocrx_word' id='word_1_41' title='bbox 353 1064 472 1145; x_wconf 89' lang='lat' dir='ltr'><strong>ipsum</strong></span> <span class='ocrx_word' id='word_1_42' title='bbox 495 1064 704 1143; x_wconf 84' lang='lat' dir='ltr'><strong>Collegium,</strong></span> <span class='ocrx_word' id='word_1_43' title='bbox 731 1066 768 1128; x_wconf 89' lang='lat' dir='ltr'><strong>in</strong></span> <span class='ocrx_word' id='word_1_44' title='bbox 792 1083 862 1147; x_wconf 88' lang='lat' dir='ltr'><strong>quo</strong></span> <span class='ocrx_word' id='word_1_45' title='bbox 887 1066 1139 1130; x_wconf 88' lang='lat' dir='ltr'><strong>animadvertit</strong></span> <span class='ocrx_word' id='word_1_46' title='bbox 1165 1082 1309 1130; x_wconf 90' lang='lat' dir='ltr'><strong>nostros</strong></span> <span class='ocrx_word' id='word_1_47' title='bbox 1333 1066 1422 1129; x_wconf 87' lang='lat' dir='ltr'><strong>satis</strong></span> <span class='ocrx_word' id='word_1_48' title='bbox 1449 1065 1582 1129; x_wconf 89' lang='lat' dir='ltr'><strong>utiliter</strong></span> 
     </span>
     <span class='ocr_line' id='line_1_7' title="bbox 353 1170 1334 1253; baseline 0.001 -19"><span class='ocrx_word' id='word_1_49' title='bbox 353 1181 550 1253; x_wconf 90' lang='lat' dir='ltr'><strong>occupatos</strong></span> <span class='ocrx_word' id='word_1_50' title='bbox 565 1182 600 1235; x_wconf 92' lang='lat' dir='ltr'><strong>et</strong></span> <span class='ocrx_word' id='word_1_51' title='bbox 615 1190 695 1236; x_wconf 92' lang='lat' dir='ltr'><strong>curn</strong></span> <span class='ocrx_word' id='word_1_52' title='bbox 711 1189 842 1252; x_wconf 88' lang='lat' dir='ltr'><strong>magna</strong></span> <span class='ocrx_word' id='word_1_53' title='bbox 857 1174 1102 1253; x_wconf 80' lang='lat' dir='ltr'><strong>acceptatione</strong></span> <span class='ocrx_word' id='word_1_54' title='bbox 1116 1170 1192 1253; x_wconf 88' lang='lat' dir='ltr'><strong>ejus</strong></span> <span class='ocrx_word' id='word_1_55' title='bbox 1206 1173 1334 1253; x_wconf 90' lang='lat' dir='ltr'><strong>gentis.</strong></span> 
     </span>
    </p>

    <p class='ocr_par' dir='ltr' id='par_1_4' title="bbox 355 1277 1584 1573">
     <span class='ocr_line' id='line_1_8' title="bbox 421 1277 1584 1360; baseline 0.002 -20"><span class='ocrx_word' id='word_1_56' title='bbox 421 1277 508 1341; x_wconf 83' lang='lat'>1187.</span> <span class='ocrx_word' id='word_1_57' title='bbox 550 1278 656 1343; x_wconf 87' lang='lat' dir='ltr'><strong>Pater</strong></span> <span class='ocrx_word' id='word_1_58' title='bbox 688 1290 808 1343; x_wconf 90' lang='lat' dir='ltr'><strong>autern</strong></span> <span class='ocrx_word' id='word_1_59' title='bbox 843 1278 1059 1343; x_wconf 86' lang='lat' dir='ltr'><strong>Franciscus</strong></span> <span class='ocrx_word' id='word_1_60' title='bbox 1087 1280 1237 1360; x_wconf 88' lang='lat' dir='ltr'><strong>Borgia,</strong></span> <span class='ocrx_word' id='word_1_61' title='bbox 1268 1280 1492 1343; x_wconf 87' lang='lat' dir='ltr'><strong>sacerdotem</strong></span> <span class='ocrx_word' id='word_1_62' title='bbox 1520 1278 1584 1342; x_wconf 89' lang='lat' dir='ltr'><strong>ali·</strong></span> 
     </span>
     <span class='ocr_line' id='line_1_9' title="bbox 355 1385 1582 1466; baseline 0.001 -18"><span class='ocrx_word' id='word_1_63' title='bbox 355 1402 473 1465; x_wconf 88' lang='lat' dir='ltr'><strong>quem,</strong></span> <span class='ocrx_word' id='word_1_64' title='bbox 494 1385 553 1466; x_wconf 93' lang='lat' dir='ltr'><strong>qui</strong></span> <span class='ocrx_word' id='word_1_65' title='bbox 573 1387 817 1450; x_wconf 90' lang='lat' dir='ltr'><strong>cantabricam</strong></span> <span class='ocrx_word' id='word_1_66' title='bbox 835 1387 996 1466; x_wconf 79' lang='lat' dir='ltr'><strong>linguam</strong></span> <span class='ocrx_word' id='word_1_67' title='bbox 1017 1396 1165 1465; x_wconf 88' lang='lat' dir='ltr'><strong>teneret,</strong></span> <span class='ocrx_word' id='word_1_68' title='bbox 1186 1386 1222 1450; x_wconf 90' lang='lat' dir='ltr'><strong>in</strong></span> <span class='ocrx_word' id='word_1_69' title='bbox 1242 1387 1437 1451; x_wconf 90' lang='lat' dir='ltr'><strong>subsidium</strong></span> <span class='ocrx_word' id='word_1_70' title='bbox 1457 1386 1582 1466; x_wconf 87' lang='lat' dir='ltr'><strong>paucis</strong></span> 
     </span>
     <span class='ocr_line' id='line_1_10' title="bbox 355 1491 906 1573; baseline 0.005 -19"><span class='ocrx_word' id='word_1_71' title='bbox 355 1491 427 1555; x_wconf 91' lang='lat' dir='ltr'><strong>illis</strong></span> <span class='ocrx_word' id='word_1_72' title='bbox 441 1493 614 1573; x_wconf 89' lang='lat' dir='ltr'><strong>operariis</strong></span> <span class='ocrx_word' id='word_1_73' title='bbox 628 1494 768 1557; x_wconf 90' lang='lat' dir='ltr'><strong>mittere</strong></span> <span class='ocrx_word' id='word_1_74' title='bbox 783 1496 906 1558; x_wconf 90' lang='lat' dir='ltr'><strong>voluit.</strong></span> 
     </span>
    </p>

    <p class='ocr_par' dir='ltr' id='par_1_5' title="bbox 351 1598 1584 2323">
     <span class='ocr_line' id='line_1_11' title="bbox 422 1598 1583 1682; baseline 0.003 -22"><span class='ocrx_word' id='word_1_75' title='bbox 422 1598 509 1664; x_wconf 83' lang='lat'>1188.</span> <span class='ocrx_word' id='word_1_76' title='bbox 552 1599 649 1665; x_wconf 89' lang='lat' dir='ltr'><strong>Idem</strong></span> <span class='ocrx_word' id='word_1_77' title='bbox 668 1600 774 1664; x_wconf 92' lang='lat' dir='ltr'><strong>etiam</strong></span> <span class='ocrx_word' id='word_1_78' title='bbox 789 1602 938 1665; x_wconf 89' lang='lat' dir='ltr'><strong>curabat</strong></span> <span class='ocrx_word' id='word_1_79' title='bbox 957 1610 996 1665; x_wconf 93' lang='lat' dir='ltr'><strong>ut</strong></span> <span class='ocrx_word' id='word_1_80' title='bbox 1016 1601 1204 1681; x_wconf 79' lang='lat' dir='ltr'><strong>collegium</strong></span> <span class='ocrx_word' id='word_1_81' title='bbox 1227 1601 1418 1682; x_wconf 89' lang='lat' dir='ltr'><strong>quoddam,</strong></span> <span class='ocrx_word' id='word_1_82' title='bbox 1439 1601 1484 1663; x_wconf 89' lang='lat' dir='ltr'><strong>ab</strong></span> <span class='ocrx_word' id='word_1_83' title='bbox 1503 1600 1583 1681; x_wconf 90' lang='lat' dir='ltr'><strong>Epi-</strong></span> 
     </span>
     <span class='ocr_line' id='line_1_12' title="bbox 352 1705 1583 1789; baseline 0 -18"><span class='ocrx_word' id='word_1_84' title='bbox 352 1724 466 1787; x_wconf 86' lang='lat' dir='ltr'><strong>scopo</strong></span> <span class='ocrx_word' id='word_1_85' title='bbox 481 1705 653 1771; x_wconf 85' lang='lat' dir='ltr'><strong>Abulensi</strong></span> <span class='ocrx_word' id='word_1_86' title='bbox 666 1706 678 1738; x_wconf 76' lang='lat'><strong>¹</strong></span> <span class='ocrx_word' id='word_1_87' title='bbox 693 1707 729 1772; x_wconf 93' lang='lat' dir='ltr'><strong>in</strong></span> <span class='ocrx_word' id='word_1_88' title='bbox 744 1707 867 1771; x_wconf 92' lang='lat' dir='ltr'><strong>eodem</strong></span> <span class='ocrx_word' id='word_1_89' title='bbox 882 1709 1012 1789; x_wconf 93' lang='lat' dir='ltr'><strong>oppido</strong></span> <span class='ocrx_word' id='word_1_90' title='bbox 1027 1709 1071 1772; x_wconf 91' lang='lat' dir='ltr'><strong>de</strong></span> <span class='ocrx_word' id='word_1_91' title='bbox 1093 1707 1233 1788; x_wconf 88' lang='lat' dir='ltr'><strong>Ognate</strong></span> <span class='ocrx_word' id='word_1_92' title='bbox 1252 1708 1437 1771; x_wconf 83' lang='lat' dir='ltr'><strong>fundatum</strong></span> <span class='ocrx_word' id='word_1_93' title='bbox 1458 1724 1501 1770; x_wconf 86' lang='lat' dir='ltr'><strong>ac</strong></span> <span class='ocrx_word' id='word_1_94' title='bbox 1520 1706 1583 1771; x_wconf 92' lang='lat' dir='ltr'><strong>do·</strong></span> 
     </span>
     <span class='ocr_line' id='line_1_13' title="bbox 353 1812 1583 1896; baseline -0.002 -17"><span class='ocrx_word' id='word_1_95' title='bbox 353 1824 480 1893; x_wconf 90' lang='lat' dir='ltr'><strong>tatum,</strong></span> <span class='ocrx_word' id='word_1_96' title='bbox 496 1812 663 1878; x_wconf 90' lang='lat' dir='ltr'><strong>Societati</strong></span> <span class='ocrx_word' id='word_1_97' title='bbox 675 1824 818 1878; x_wconf 92' lang='lat' dir='ltr'><strong>nostrae</strong></span> <span class='ocrx_word' id='word_1_98' title='bbox 829 1815 1080 1896; x_wconf 81' lang='lat' dir='ltr'><strong>applicaretur3</strong></span> <span class='ocrx_word' id='word_1_99' title='bbox 1092 1826 1128 1879; x_wconf 91' lang='lat' dir='ltr'><strong>et</strong></span> <span class='ocrx_word' id='word_1_100' title='bbox 1142 1815 1443 1896; x_wconf 85' lang='lat' dir='ltr'><strong>Archiepiscopus</strong></span> <span class='ocrx_word' id='word_1_101' title='bbox 1457 1814 1583 1894; x_wconf 89' lang='lat' dir='ltr'><strong>Hispa·</strong></span> 
     </span>
     <span class='ocr_line' id='line_1_14' title="bbox 351 1919 1583 2003; baseline 0 -19"><span class='ocrx_word' id='word_1_102' title='bbox 351 1920 463 1985; x_wconf 90' lang='lat' dir='ltr'><strong>lensis</strong></span> <span class='ocrx_word' id='word_1_103' title='bbox 477 1919 489 1951; x_wconf 82' lang='lat'>⁸</span> <span class='ocrx_word' id='word_1_104' title='bbox 503 1920 597 1984; x_wconf 90' lang='lat' dir='ltr'><strong>idem</strong></span> <span class='ocrx_word' id='word_1_105' title='bbox 611 1921 709 1985; x_wconf 91' lang='lat' dir='ltr'><strong>Patri</strong></span> <span class='ocrx_word' id='word_1_106' title='bbox 722 1921 939 1986; x_wconf 86' lang='lat' dir='ltr'><strong>Provinciali</strong></span> <span class='ocrx_word' id='word_1_107' title='bbox 953 1924 1145 1986; x_wconf 90' lang='lat' dir='ltr'><strong>convenire</strong></span> <span class='ocrx_word' id='word_1_108' title='bbox 1159 1922 1315 2001; x_wconf 90' lang='lat' dir='ltr'><strong>dicebat;</strong></span> <span class='ocrx_word' id='word_1_109' title='bbox 1338 1933 1372 1986; x_wconf 89' lang='lat' dir='ltr'><strong>et</strong></span> <span class='ocrx_word' id='word_1_110' title='bbox 1387 1922 1471 2003; x_wconf 89' lang='lat' dir='ltr'><strong>quia</strong></span> <span class='ocrx_word' id='word_1_111' title='bbox 1484 1920 1583 1985; x_wconf 91' lang='lat' dir='ltr'><strong>Prin-</strong></span> 
     </span>
     <span class='ocr_line' id='line_1_15' title="bbox 353 2009 1584 2110; baseline 0 -19"><span class='ocrx_word' id='word_1_112' title='bbox 353 2046 441 2109; x_wconf 89' lang='lat' dir='ltr'><strong>ceps</strong></span> <span class='ocrx_word' id='word_1_113' title='bbox 455 2009 595 2110; x_wconf 80' lang='lat' dir='ltr'><strong>Joanna</strong></span> <span class='ocrx_word' id='word_1_114' title='bbox 609 2038 682 2091; x_wconf 89' lang='lat' dir='ltr'><strong>tam</strong></span> <span class='ocrx_word' id='word_1_115' title='bbox 704 2038 783 2092; x_wconf 89' lang='lat' dir='ltr'><strong>erat</strong></span> <span class='ocrx_word' id='word_1_116' title='bbox 800 2030 968 2110; x_wconf 90' lang='lat' dir='ltr'><strong>propitia,</strong></span> <span class='ocrx_word' id='word_1_117' title='bbox 990 2047 1061 2093; x_wconf 90' lang='lat' dir='ltr'><strong>non</strong></span> <span class='ocrx_word' id='word_1_118' title='bbox 1083 2029 1223 2094; x_wconf 87' lang='lat' dir='ltr'><strong>difficile</strong></span> <span class='ocrx_word' id='word_1_119' title='bbox 1245 2045 1457 2093; x_wconf 89' lang='lat' dir='ltr'><strong>eonsensum</strong></span> <span class='ocrx_word' id='word_1_120' title='bbox 1480 2028 1526 2092; x_wconf 91' lang='lat' dir='ltr'><strong>ad</strong></span> <span class='ocrx_word' id='word_1_121' title='bbox 1547 2028 1584 2091; x_wconf 90' lang='lat' dir='ltr'><strong>id</strong></span> 
     </span>
     <span class='ocr_line' id='line_1_16' title="bbox 352 2133 1584 2217; baseline 0 -19"><span class='ocrx_word' id='word_1_122' title='bbox 352 2133 483 2199; x_wconf 88' lang='lat' dir='ltr'><strong>datura</strong></span> <span class='ocrx_word' id='word_1_123' title='bbox 498 2133 720 2199; x_wconf 87' lang='lat' dir='ltr'><strong>credebatur.</strong></span> <span class='ocrx_word' id='word_1_124' title='bbox 737 2135 825 2199; x_wconf 89' lang='lat' dir='ltr'><strong>Erat</strong></span> <span class='ocrx_word' id='word_1_125' title='bbox 837 2136 978 2216; x_wconf 78' lang='lat' dir='ltr'><strong>insigne</strong></span> <span class='ocrx_word' id='word_1_126' title='bbox 994 2136 1193 2201; x_wconf 89' lang='lat' dir='ltr'><strong>aedificium</strong></span> <span class='ocrx_word' id='word_1_127' title='bbox 1208 2136 1284 2217; x_wconf 80' lang='lat' dir='ltr'><strong>eJus</strong></span> <span class='ocrx_word' id='word_1_128' title='bbox 1295 2135 1443 2215; x_wconf 90' lang='lat' dir='ltr'><strong>Collegii</strong></span> <span class='ocrx_word' id='word_1_129' title='bbox 1454 2144 1489 2199; x_wconf 92' lang='lat' dir='ltr'><strong>et</strong></span> <span class='ocrx_word' id='word_1_130' title='bbox 1500 2136 1584 2198; x_wconf 91' lang='lat' dir='ltr'><strong>boni</strong></span> 
     </span>
     <span class='ocr_line' id='line_1_17' title="bbox 356 2242 1355 2323; baseline 0.003 -19"><span class='ocrx_word' id='word_1_131' title='bbox 356 2242 509 2323; x_wconf 90' lang='lat' dir='ltr'><strong>reditus;</strong></span> <span class='ocrx_word' id='word_1_132' title='bbox 525 2242 587 2305; x_wconf 93' lang='lat' dir='ltr'><strong>sed</strong></span> <span class='ocrx_word' id='word_1_133' title='bbox 603 2259 808 2306; x_wconf 87' lang='lat' dir='ltr'><strong>successum</strong></span> <span class='ocrx_word' id='word_1_134' title='bbox 822 2244 911 2307; x_wconf 87' lang='lat' dir='ltr'><strong>haec</strong></span> <span class='ocrx_word' id='word_1_135' title='bbox 927 2244 1095 2309; x_wconf 89' lang='lat' dir='ltr'><strong>tractatio</strong></span> <span class='ocrx_word' id='word_1_136' title='bbox 1111 2262 1181 2307; x_wconf 89' lang='lat' dir='ltr'><strong>non</strong></span> <span class='ocrx_word' id='word_1_137' title='bbox 1196 2244 1319 2308; x_wconf 91' lang='lat' dir='ltr'><strong>habuit</strong></span> <span class='ocrx_word' id='word_1_138' title='bbox 1333 2242 1355 2307; x_wconf 79' lang='lat'><strong>⁴.</strong></span> 
     </span>
    </p>
   </div>
   <div class='ocr_carea' id='block_1_3' title="bbox 355 3313 1585 3609">
    <p class='ocr_par' dir='ltr' id='par_1_6' title="bbox 355 3313 1585 3609">
     <span class='ocr_line' id='line_1_18' title="bbox 421 3313 1585 3398; baseline -0.003 -19"><span class='ocrx_word' id='word_1_139' title='bbox 421 3314 507 3381; x_wconf 81' lang='lat'>1189.</span> <span class='ocrx_word' id='word_1_140' title='bbox 550 3316 653 3396; x_wconf 88' lang='lat' dir='ltr'><strong>Quod</strong></span> <span class='ocrx_word' id='word_1_141' title='bbox 669 3317 714 3381; x_wconf 90' lang='lat' dir='ltr'><strong>ad</strong></span> <span class='ocrx_word' id='word_1_142' title='bbox 728 3317 925 3398; x_wconf 88' lang='lat' dir='ltr'><strong>Collegium</strong></span> <span class='ocrx_word' id='word_1_143' title='bbox 945 3315 1124 3379; x_wconf 89' lang='lat' dir='ltr'><strong>Abulense</strong></span> <span class='ocrx_word' id='word_1_144' title='bbox 1146 3313 1283 3393; x_wconf 88' lang='lat' dir='ltr'><strong>attinet,</strong></span> <span class='ocrx_word' id='word_1_145' title='bbox 1309 3313 1433 3394; x_wconf 90' lang='lat' dir='ltr'><strong>primis</strong></span> <span class='ocrx_word' id='word_1_146' title='bbox 1458 3314 1585 3377; x_wconf 89' lang='lat' dir='ltr'><strong>mensi·</strong></span> 
     </span>
     <span class='ocr_line' id='line_1_19' title="bbox 355 3419 1584 3504; baseline -0.002 -18"><span class='ocrx_word' id='word_1_147' title='bbox 355 3423 423 3487; x_wconf 92' lang='lat' dir='ltr'><strong>bus</strong></span> <span class='ocrx_word' id='word_1_148' title='bbox 443 3422 547 3504; x_wconf 89' lang='lat' dir='ltr'><strong>hujus</strong></span> <span class='ocrx_word' id='word_1_149' title='bbox 567 3425 652 3488; x_wconf 90' lang='lat' dir='ltr'><strong>anni</strong></span> <span class='ocrx_word' id='word_1_150' title='bbox 671 3423 800 3488; x_wconf 90' lang='lat' dir='ltr'><strong>ibidem</strong></span> <span class='ocrx_word' id='word_1_151' title='bbox 820 3423 972 3487; x_wconf 91' lang='lat' dir='ltr'><strong>caeteris</strong></span> <span class='ocrx_word' id='word_1_152' title='bbox 994 3421 1146 3503; x_wconf 82' lang='lat' dir='ltr'><strong>praefuit</strong></span> <span class='ocrx_word' id='word_1_153' title='bbox 1160 3419 1198 3485; x_wconf 88' lang='lat' dir='ltr'><strong>P.</strong></span> <span class='ocrx_word' id='word_1_154' title='bbox 1215 3419 1462 3485; x_wconf 88' lang='lat' dir='ltr'><strong>Ferdinandus</strong></span> <span class='ocrx_word' id='word_1_155' title='bbox 1477 3419 1584 3485; x_wconf 85' lang='lat' dir='ltr'><strong>Alva-</strong></span> 
     </span>
     <span class='ocr_line' id='line_1_20' title="bbox 357 3527 1584 3609; baseline -0.001 -16"><span class='ocrx_word' id='word_1_156' title='bbox 357 3548 429 3608; x_wconf 89' lang='lat' dir='ltr'><strong>rez,</strong></span> <span class='ocrx_word' id='word_1_157' title='bbox 453 3531 566 3595; x_wconf 90' lang='lat' dir='ltr'><strong>donec</strong></span> <span class='ocrx_word' id='word_1_158' title='bbox 587 3532 652 3595; x_wconf 92' lang='lat' dir='ltr'><strong>sub</strong></span> <span class='ocrx_word' id='word_1_159' title='bbox 672 3530 778 3595; x_wconf 83' lang='lat' dir='ltr'><strong>linem</strong></span> <span class='ocrx_word' id='word_1_160' title='bbox 799 3530 947 3595; x_wconf 88' lang='lat' dir='ltr'><strong>aestatis</strong></span> <span class='ocrx_word' id='word_1_161' title='bbox 968 3530 1108 3609; x_wconf 88' lang='lat' dir='ltr'><strong>Burgos</strong></span> <span class='ocrx_word' id='word_1_162' title='bbox 1126 3529 1232 3592; x_wconf 91' lang='lat' dir='ltr'><strong>rediit</strong></span> <span class='ocrx_word' id='word_1_163' title='bbox 1251 3527 1275 3588; x_wconf 81' lang='lat'><strong>⁸.</strong></span> <span class='ocrx_word' id='word_1_164' title='bbox 1298 3527 1441 3593; x_wconf 84' lang='lat' dir='ltr'><strong>Solebat</strong></span> <span class='ocrx_word' id='word_1_165' title='bbox 1467 3537 1584 3592; x_wconf 90' lang='lat' dir='ltr'><strong>autem</strong></span> 
     </span>
    </p>
   </div>
   <div class='ocr_carea' id='block_1_4' title="bbox 355 3787 1593 4780">
    <p class='ocr_par' dir='ltr' id='par_1_7' title="bbox 355 3787 1588 4205">
     <span class='ocr_line' id='line_1_21' title="bbox 398 3787 1586 3845; baseline -0.003 -9"><span class='ocrx_word' id='word_1_166' title='bbox 398 3790 407 3824; x_wconf 88' lang='lat'>¹</span> <span class='ocrx_word' id='word_1_167' title='bbox 436 3791 546 3836; x_wconf 74' lang='lat' dir='ltr'><strong>“liemon</strong></span> <span class='ocrx_word' id='word_1_168' title='bbox 555 3791 691 3837; x_wconf 84' lang='lat' dir='ltr'><strong>entendldo</strong></span> <span class='ocrx_word' id='word_1_169' title='bbox 700 3792 731 3835; x_wconf 90' lang='lat' dir='ltr'><strong>de</strong></span> <span class='ocrx_word' id='word_1_170' title='bbox 743 3793 768 3835; x_wconf 84' lang='lat' dir='ltr'><strong>la</strong></span> <span class='ocrx_word' id='word_1_171' title='bbox 779 3789 962 3845; x_wconf 78' lang='lat' dir='ltr'><strong>indispoalcion</strong></span> <span class='ocrx_word' id='word_1_172' title='bbox 972 3790 1003 3832; x_wconf 88' lang='lat' dir='ltr'><strong>de</strong></span> <span class='ocrx_word' id='word_1_173' title='bbox 1015 3787 1046 3832; x_wconf 87' lang='lat' dir='ltr'><strong>V.</strong></span> <span class='ocrx_word' id='word_1_174' title='bbox 1059 3787 1097 3842; x_wconf 85' lang='lat' dir='ltr'><strong>R.;</strong></span> <span class='ocrx_word' id='word_1_175' title='bbox 1109 3801 1126 3844; x_wconf 86' lang='lat' dir='ltr'>y</span> <span class='ocrx_word' id='word_1_176' title='bbox 1136 3799 1184 3841; x_wconf 88' lang='lat' dir='ltr'><strong>por</strong></span> <span class='ocrx_word' id='word_1_177' title='bbox 1194 3789 1234 3832; x_wconf 83' lang='lat' dir='ltr'><strong>las</strong></span> <span class='ocrx_word' id='word_1_178' title='bbox 1244 3787 1417 3832; x_wconf 81' lang='lat' dir='ltr'><strong>indicacionee</strong></span> <span class='ocrx_word' id='word_1_179' title='bbox 1427 3787 1586 3838; x_wconf 77' lang='lat' dir='ltr'><strong>(sindicecio-</strong></span> 
     </span>
     <span class='ocr_line' id='line_1_22' title="bbox 355 3859 1585 3919; baseline -0.002 -12"><span class='ocrx_word' id='word_1_180' title='bbox 355 3863 424 3914; x_wconf 74' lang='lat' dir='ltr'><strong>nesi)</strong></span> <span class='ocrx_word' id='word_1_181' title='bbox 432 3875 522 3909; x_wconf 78' lang='lat' dir='ltr'><strong>vernos</strong></span> <span class='ocrx_word' id='word_1_182' title='bbox 532 3875 581 3919; x_wconf 84' lang='lat' dir='ltr'><strong>qne</strong></span> <span class='ocrx_word' id='word_1_183' title='bbox 591 3875 619 3908; x_wconf 82' lang='lat' dir='ltr'><strong>ee</strong></span> <span class='ocrx_word' id='word_1_184' title='bbox 629 3870 701 3908; x_wconf 76' lang='lat' dir='ltr'><strong>trata</strong></span> <span class='ocrx_word' id='word_1_185' title='bbox 711 3864 764 3906; x_wconf 80' lang='lat' dir='ltr'><strong>mal</strong></span> <span class='ocrx_word' id='word_1_186' title='bbox 773 3861 889 3906; x_wconf 82' lang='lat' dir='ltr'><strong>Vuestra</strong></span> <span class='ocrx_word' id='word_1_187' title='bbox 900 3860 1061 3905; x_wconf 83' lang='lat' dir='ltr'><strong>Reverencia</strong></span> <span class='ocrx_word' id='word_1_188' title='bbox 1071 3871 1103 3903; x_wconf 89' lang='lat' dir='ltr'><strong>eu</strong></span> <span class='ocrx_word' id='word_1_189' title='bbox 1114 3860 1139 3902; x_wconf 91' lang='lat' dir='ltr'><strong>ei</strong></span> <span class='ocrx_word' id='word_1_190' title='bbox 1149 3869 1237 3903; x_wconf 83' lang='lat' dir='ltr'><strong>comer</strong></span> <span class='ocrx_word' id='word_1_191' title='bbox 1247 3871 1265 3916; x_wconf 80' lang='lat' dir='ltr'>y</span> <span class='ocrx_word' id='word_1_192' title='bbox 1275 3859 1380 3912; x_wconf 85' lang='lat' dir='ltr'><strong>dormlr,</strong></span> <span class='ocrx_word' id='word_1_193' title='bbox 1392 3871 1408 3915; x_wconf 84' lang='lat' dir='ltr'>y</span> <span class='ocrx_word' id='word_1_194' title='bbox 1419 3870 1468 3914; x_wconf 90' lang='lat' dir='ltr'><strong>que</strong></span> <span class='ocrx_word' id='word_1_195' title='bbox 1479 3859 1585 3915; x_wconf 70' lang='lat' dir='ltr'><strong>trabale</strong></span> 
     </span>
     <span class='ocr_line' id='line_1_23' title="bbox 358 3931 1585 3992; baseline -0.002 -14"><span class='ocrx_word' id='word_1_196' title='bbox 358 3935 583 3992; x_wconf 72' lang='lat' dir='ltr'><strong>demniadopara</strong></span> <span class='ocrx_word' id='word_1_197' title='bbox 592 3937 677 3990; x_wconf 81' lang='lat' dir='ltr'><strong>loque</strong></span> <span class='ocrx_word' id='word_1_198' title='bbox 688 3935 759 3979; x_wconf 79' lang='lat' dir='ltr'><strong>autre</strong></span> <span class='ocrx_word' id='word_1_199' title='bbox 774 3945 804 3978; x_wconf 86' lang='lat' dir='ltr'><strong>su</strong></span> <span class='ocrx_word' id='word_1_200' title='bbox 820 3933 904 3987; x_wconf 72' lang='lat' dir='ltr'><strong>uelud,</strong></span> <span class='ocrx_word' id='word_1_201' title='bbox 919 3943 1021 3986; x_wconf 76' lang='lat' dir='ltr'><strong>auoque</strong></span> <span class='ocrx_word' id='word_1_202' title='bbox 1037 3942 1101 3986; x_wconf 90' lang='lat' dir='ltr'><strong>poco</strong></span> <span class='ocrx_word' id='word_1_203' title='bbox 1117 3942 1183 3984; x_wconf 81' lang='lat' dir='ltr'><strong>para</strong></span> <span class='ocrx_word' id='word_1_204' title='bbox 1198 3932 1223 3975; x_wconf 94' lang='lat' dir='ltr'><strong>lo</strong></span> <span class='ocrx_word' id='word_1_205' title='bbox 1238 3941 1286 3985; x_wconf 85' lang='lat' dir='ltr'><strong>que</strong></span> <span class='ocrx_word' id='word_1_206' title='bbox 1302 3931 1407 3984; x_wconf 81' lang='lat' dir='ltr'><strong>querria</strong></span> <span class='ocrx_word' id='word_1_207' title='bbox 1422 3943 1452 3974; x_wconf 82' lang='lat' dir='ltr'><strong>su</strong></span> <span class='ocrx_word' id='word_1_208' title='bbox 1468 3932 1585 3976; x_wconf 77' lang='lat' dir='ltr'><strong>carldad.</strong></span> 
     </span>
     <span class='ocr_line' id='line_1_24' title="bbox 357 4003 1588 4058; baseline -0.002 -7"><span class='ocrx_word' id='word_1_209' title='bbox 357 4005 471 4053; x_wconf 72' lang='lat' dir='ltr'><strong>Nuestro</strong></span> <span class='ocrx_word' id='word_1_210' title='bbox 481 4008 566 4052; x_wconf 86' lang='lat' dir='ltr'><strong>Padre</strong></span> <span class='ocrx_word' id='word_1_211' title='bbox 581 4007 748 4052; x_wconf 76' lang='lat' dir='ltr'><strong>eocomlenda</strong></span> <span class='ocrx_word' id='word_1_212' title='bbox 764 4009 780 4049; x_wconf 75' lang='lat' dir='ltr'><strong>a</strong></span> <span class='ocrx_word' id='word_1_213' title='bbox 796 4005 912 4049; x_wconf 78' lang='lat' dir='ltr'><strong>Vacerra</strong></span> <span class='ocrx_word' id='word_1_214' title='bbox 929 4003 1093 4048; x_wconf 84' lang='lat' dir='ltr'><strong>Reverencla</strong></span> <span class='ocrx_word' id='word_1_215' title='bbox 1107 4009 1247 4058; x_wconf 74' lang='lat' dir='ltr'><strong>querengo</strong></span> <span class='ocrx_word' id='word_1_216' title='bbox 1257 4006 1313 4045; x_wconf 66' lang='lat' dir='ltr'><strong>mis</strong></span> <span class='ocrx_word' id='word_1_217' title='bbox 1327 4009 1421 4046; x_wconf 77' lang='lat' dir='ltr'><strong>euentu</strong></span> <span class='ocrx_word' id='word_1_218' title='bbox 1438 4013 1485 4046; x_wconf 91' lang='lat' dir='ltr'><strong>con</strong></span> <span class='ocrx_word' id='word_1_219' title='bbox 1500 4014 1531 4047; x_wconf 82' lang='lat' dir='ltr'><strong>eu</strong></span> <span class='ocrx_word' id='word_1_220' title='bbox 1545 4015 1588 4048; x_wconf 79' lang='lat' dir='ltr'><strong>aa·</strong></span> 
     </span>
     <span class='ocr_line' id='line_1_25' title="bbox 357 4071 1588 4133; baseline -0.002 -11"><span class='ocrx_word' id='word_1_221' title='bbox 357 4079 451 4133; x_wconf 89' lang='lat' dir='ltr'><strong>lud....„</strong></span> <span class='ocrx_word' id='word_1_222' title='bbox 459 4079 595 4133; x_wconf 77' lang='lat' dir='ltr'><strong>Poiaucue,</strong></span> <span class='ocrx_word' id='word_1_223' title='bbox 606 4090 640 4124; x_wconf 80' lang='lat' dir='ltr'><strong>ex</strong></span> <span class='ocrx_word' id='word_1_224' title='bbox 648 4090 724 4132; x_wconf 72' lang='lat' dir='ltr'><strong>com,</strong></span> <span class='ocrx_word' id='word_1_225' title='bbox 733 4078 808 4121; x_wconf 78' lang='lat' dir='ltr'><strong>Patri</strong></span> <span class='ocrx_word' id='word_1_226' title='bbox 818 4078 914 4128; x_wconf 76' lang='lat' dir='ltr'><strong>Arnon,</strong></span> <span class='ocrx_word' id='word_1_227' title='bbox 924 4076 952 4119; x_wconf 78' lang='lat'><strong>23</strong></span> <span class='ocrx_word' id='word_1_228' title='bbox 965 4075 1075 4130; x_wconf 73' lang='lat' dir='ltr'><strong>Aprilis?</strong></span> <span class='ocrx_word' id='word_1_229' title='bbox 1089 4075 1148 4118; x_wconf 76' lang='lat'>1555.</span> <span class='ocrx_word' id='word_1_230' title='bbox 1167 4073 1232 4117; x_wconf 85' lang='lat' dir='ltr'><strong>Vide</strong></span> <span class='ocrx_word' id='word_1_231' title='bbox 1248 4071 1343 4116; x_wconf 67' lang='lat' dir='ltr'><strong>Carras</strong></span> <span class='ocrx_word' id='word_1_232' title='bbox 1353 4073 1387 4116; x_wconf 79' lang='lat' dir='ltr'><strong>de</strong></span> <span class='ocrx_word' id='word_1_233' title='bbox 1399 4074 1454 4117; x_wconf 76' lang='lat' dir='ltr'><strong>San</strong></span> <span class='ocrx_word' id='word_1_234' title='bbox 1470 4073 1588 4128; x_wconf 77' lang='lat' dir='ltr'><strong>Ignacr&#39;o,</strong></span> 
     </span>
     <span class='ocr_line' id='line_1_26' title="bbox 356 4151 544 4205; baseline 0.016 -13"><span class='ocrx_word' id='word_1_235' title='bbox 356 4156 377 4192; x_wconf 87' lang='lat' dir='ltr'><strong>t.</strong></span> <span class='ocrx_word' id='word_1_236' title='bbox 388 4162 413 4202; x_wconf 83' lang='lat' dir='ltr'><strong>v,</strong></span> <span class='ocrx_word' id='word_1_237' title='bbox 424 4162 485 4205; x_wconf 76' lang='lat' dir='ltr'><strong>pag.</strong></span> <span class='ocrx_word' id='word_1_238' title='bbox 497 4151 544 4196; x_wconf 66' lang='lat' dir='ltr'><strong>id&amp;</strong></span> 
     </span>
    </p>

    <p class='ocr_par' dir='ltr' id='par_1_8' title="bbox 357 4216 1593 4410">
     <span class='ocr_line' id='line_1_27' title="bbox 397 4216 1593 4274; baseline -0.005 -6"><span class='ocrx_word' id='word_1_239' title='bbox 397 4223 408 4255; x_wconf 83' lang='lat'><strong>¹</strong></span> <span class='ocrx_word' id='word_1_240' title='bbox 437 4221 564 4268; x_wconf 83' lang='lat' dir='ltr'><strong>Roderico</strong></span> <span class='ocrx_word' id='word_1_241' title='bbox 575 4221 691 4267; x_wconf 81' lang='lat' dir='ltr'><strong>Sunchez</strong></span> <span class='ocrx_word' id='word_1_242' title='bbox 701 4221 732 4265; x_wconf 87' lang='lat' dir='ltr'><strong>de</strong></span> <span class='ocrx_word' id='word_1_243' title='bbox 742 4218 863 4264; x_wconf 78' lang='lat' dir='ltr'><strong>Mercado</strong></span> <span class='ocrx_word' id='word_1_244' title='bbox 875 4225 901 4262; x_wconf 90' lang='lat' dir='ltr'><strong>et</strong></span> <span class='ocrx_word' id='word_1_245' title='bbox 912 4219 1033 4272; x_wconf 80' lang='lat' dir='ltr'><strong>Zuazola,</strong></span> <span class='ocrx_word' id='word_1_246' title='bbox 1044 4219 1087 4274; x_wconf 86' lang='lat' dir='ltr'><strong>qui</strong></span> <span class='ocrx_word' id='word_1_247' title='bbox 1098 4217 1242 4272; x_wconf 78' lang='lat' dir='ltr'><strong>Episcopus</strong></span> <span class='ocrx_word' id='word_1_248' title='bbox 1252 4216 1301 4260; x_wconf 79' lang='lat' dir='ltr'><strong>fuit</strong></span> <span class='ocrx_word' id='word_1_249' title='bbox 1311 4217 1395 4272; x_wconf 88' lang='lat' dir='ltr'><strong>primo</strong></span> <span class='ocrx_word' id='word_1_250' title='bbox 1402 4217 1593 4274; x_wconf 74' lang='lat' dir='ltr'><strong>Maioriceusle·</strong></span> 
     </span>
     <span class='ocr_line' id='line_1_28' title="bbox 358 4288 1590 4350; baseline -0.002 -11"><span class='ocrx_word' id='word_1_251' title='bbox 358 4296 418 4340; x_wconf 88' lang='lat' dir='ltr'><strong>dein</strong></span> <span class='ocrx_word' id='word_1_252' title='bbox 433 4295 585 4350; x_wconf 70' lang='lat' dir='ltr'><strong>signatinus</strong></span> <span class='ocrx_word' id='word_1_253' title='bbox 597 4301 624 4338; x_wconf 89' lang='lat' dir='ltr'><strong>et</strong></span> <span class='ocrx_word' id='word_1_254' title='bbox 640 4295 745 4338; x_wconf 76' lang='lat' dir='ltr'><strong>tandem</strong></span> <span class='ocrx_word' id='word_1_255' title='bbox 761 4291 908 4337; x_wconf 76' lang='lat' dir='ltr'><strong>Abuiemis.</strong></span> <span class='ocrx_word' id='word_1_256' title='bbox 925 4291 992 4335; x_wconf 87' lang='lat' dir='ltr'><strong>Vide</strong></span> <span class='ocrx_word' id='word_1_257' title='bbox 1011 4289 1106 4334; x_wconf 75' lang='lat' dir='ltr'><strong>Canas</strong></span> <span class='ocrx_word' id='word_1_258' title='bbox 1122 4291 1157 4334; x_wconf 80' lang='lat' dir='ltr'><strong>de</strong></span> <span class='ocrx_word' id='word_1_259' title='bbox 1174 4288 1230 4332; x_wconf 82' lang='lat' dir='ltr'><strong>San</strong></span> <span class='ocrx_word' id='word_1_260' title='bbox 1248 4289 1366 4342; x_wconf 79' lang='lat' dir='ltr'><strong>Ignacio,</strong></span> <span class='ocrx_word' id='word_1_261' title='bbox 1383 4297 1401 4334; x_wconf 90' lang='lat' dir='ltr'><strong>t.</strong></span> <span class='ocrx_word' id='word_1_262' title='bbox 1418 4301 1446 4348; x_wconf 87' lang='lat' dir='ltr'><strong>v,</strong></span> <span class='ocrx_word' id='word_1_263' title='bbox 1463 4301 1523 4346; x_wconf 76' lang='lat' dir='ltr'><strong>pag.</strong></span> <span class='ocrx_word' id='word_1_264' title='bbox 1539 4291 1590 4348; x_wconf 75' lang='lat'><strong>217,</strong></span> 
     </span>
     <span class='ocr_line' id='line_1_29' title="bbox 357 4367 479 4410; baseline 0.016 -2"><span class='ocrx_word' id='word_1_265' title='bbox 357 4367 479 4410; x_wconf 65' lang='lat' dir='ltr'><strong>ennon&amp;</strong></span> 
     </span>
    </p>

    <p class='ocr_par' dir='ltr' id='par_1_9' title="bbox 360 4431 1592 4564">
     <span class='ocr_line' id='line_1_30' title="bbox 399 4431 1592 4493; baseline 0.001 -15"><span class='ocrx_word' id='word_1_266' title='bbox 399 4436 412 4470; x_wconf 82' lang='lat'>⁸</span> <span class='ocrx_word' id='word_1_267' title='bbox 438 4434 618 4482; x_wconf 79' lang='lat' dir='ltr'><strong>Ferdlnandue</strong></span> <span class='ocrx_word' id='word_1_268' title='bbox 628 4437 659 4481; x_wconf 84' lang='lat' dir='ltr'><strong>de</strong></span> <span class='ocrx_word' id='word_1_269' title='bbox 669 4437 776 4489; x_wconf 75' lang='lat' dir='ltr'><strong>valdee,</strong></span> <span class='ocrx_word' id='word_1_270' title='bbox 783 4437 835 4493; x_wconf 86' lang='lat' dir='ltr'><strong>qul,</strong></span> <span class='ocrx_word' id='word_1_271' title='bbox 843 4442 933 4489; x_wconf 82' lang='lat' dir='ltr'><strong>utpote</strong></span> <span class='ocrx_word' id='word_1_272' title='bbox 942 4435 1078 4480; x_wconf 79' lang='lat' dir='ltr'><strong>Generalis</strong></span> <span class='ocrx_word' id='word_1_273' title='bbox 1089 4434 1230 4490; x_wconf 73' lang='lat' dir='ltr'><strong>Hispaniae</strong></span> <span class='ocrx_word' id='word_1_274' title='bbox 1237 4433 1387 4491; x_wconf 77' lang='lat' dir='ltr'><strong>inquisitor,</strong></span> <span class='ocrx_word' id='word_1_275' title='bbox 1397 4435 1424 4480; x_wconf 85' lang='lat' dir='ltr'><strong>in</strong></span> <span class='ocrx_word' id='word_1_276' title='bbox 1432 4431 1512 4479; x_wconf 72' lang='lat' dir='ltr'><strong>Curia</strong></span> <span class='ocrx_word' id='word_1_277' title='bbox 1518 4434 1592 4480; x_wconf 87' lang='lat' dir='ltr'><strong>Prin·</strong></span> 
     </span>
     <span class='ocr_line' id='line_1_31' title="bbox 360 4508 937 4564; baseline 0.003 -14"><span class='ocrx_word' id='word_1_278' title='bbox 360 4508 425 4562; x_wconf 76' lang='lat' dir='ltr'><strong>ciple</strong></span> <span class='ocrx_word' id='word_1_279' title='bbox 434 4508 583 4553; x_wconf 75' lang='lat' dir='ltr'><strong>vallisoleti</strong></span> <span class='ocrx_word' id='word_1_280' title='bbox 593 4509 648 4554; x_wconf 81' lang='lat' dir='ltr'><strong>iere</strong></span> <span class='ocrx_word' id='word_1_281' title='bbox 657 4521 760 4564; x_wconf 72' lang='lat' dir='ltr'><strong>semper</strong></span> <span class='ocrx_word' id='word_1_282' title='bbox 769 4510 937 4553; x_wconf 74' lang='lat' dir='ltr'><strong>versabatur.</strong></span> 
     </span>
    </p>

    <p class='ocr_par' dir='ltr' id='par_1_10' title="bbox 357 4578 1589 4709">
     <span class='ocr_line' id='line_1_32' title="bbox 398 4578 1589 4636; baseline -0.003 -11"><span class='ocrx_word' id='word_1_283' title='bbox 398 4580 411 4613; x_wconf 76' lang='lat'><strong>⁴</strong></span> <span class='ocrx_word' id='word_1_284' title='bbox 436 4579 577 4625; x_wconf 85' lang='lat' dir='ltr'><strong>Dimidium</strong></span> <span class='ocrx_word' id='word_1_285' title='bbox 586 4580 641 4625; x_wconf 80' lang='lat' dir='ltr'><strong>iere</strong></span> <span class='ocrx_word' id='word_1_286' title='bbox 651 4582 763 4636; x_wconf 72' lang='lat' dir='ltr'><strong>paginae</strong></span> <span class='ocrx_word' id='word_1_287' title='bbox 777 4592 890 4625; x_wconf 78' lang='lat' dir='ltr'><strong>vacuum</strong></span> <span class='ocrx_word' id='word_1_288' title='bbox 905 4579 1026 4625; x_wconf 86' lang='lat' dir='ltr'><strong>relictum</strong></span> <span class='ocrx_word' id='word_1_289' title='bbox 1036 4579 1078 4622; x_wconf 83' lang='lat' dir='ltr'><strong>hie</strong></span> <span class='ocrx_word' id='word_1_290' title='bbox 1093 4584 1141 4630; x_wconf 83' lang='lat' dir='ltr'><strong>eet,</strong></span> <span class='ocrx_word' id='word_1_291' title='bbox 1157 4578 1225 4623; x_wconf 79' lang='lat' dir='ltr'><strong>torte</strong></span> <span class='ocrx_word' id='word_1_292' title='bbox 1237 4583 1265 4622; x_wconf 86' lang='lat' dir='ltr'><strong>ut</strong></span> <span class='ocrx_word' id='word_1_293' title='bbox 1280 4579 1369 4634; x_wconf 75' lang='lat' dir='ltr'><strong>eliqua</strong></span> <span class='ocrx_word' id='word_1_294' title='bbox 1384 4579 1545 4624; x_wconf 77' lang='lat' dir='ltr'><strong>adderentur</strong></span> <span class='ocrx_word' id='word_1_295' title='bbox 1556 4578 1589 4622; x_wconf 87' lang='lat' dir='ltr'><strong>de</strong></span> 
     </span>
     <span class='ocr_line' id='line_1_33' title="bbox 357 4649 1051 4709; baseline -0.003 -14"><span class='ocrx_word' id='word_1_296' title='bbox 357 4649 502 4706; x_wconf 65' lang='lat' dir='ltr'><strong>Onnatenei</strong></span> <span class='ocrx_word' id='word_1_297' title='bbox 512 4650 637 4709; x_wconf 78' lang='lat' dir='ltr'><strong>Collegio,</strong></span> <span class='ocrx_word' id='word_1_298' title='bbox 646 4663 713 4707; x_wconf 78' lang='lat' dir='ltr'><strong>quae</strong></span> <span class='ocrx_word' id='word_1_299' title='bbox 724 4659 812 4697; x_wconf 78' lang='lat' dir='ltr'><strong>tamen</strong></span> <span class='ocrx_word' id='word_1_300' title='bbox 822 4663 873 4696; x_wconf 86' lang='lat' dir='ltr'><strong>non</strong></span> <span class='ocrx_word' id='word_1_301' title='bbox 882 4657 942 4696; x_wconf 78' lang='lat' dir='ltr'><strong>sont</strong></span> <span class='ocrx_word' id='word_1_302' title='bbox 952 4651 1051 4696; x_wconf 72' lang='lat' dir='ltr'><strong>addite.</strong></span> 
     </span>
    </p>

    <p class='ocr_par' dir='ltr' id='par_1_11' title="bbox 398 4721 901 4780">
     <span class='ocr_line' id='line_1_34' title="bbox 398 4721 901 4780; baseline 0.002 -13"><span class='ocrx_word' id='word_1_303' title='bbox 398 4721 411 4754; x_wconf 82' lang='lat'>⁸</span> <span class='ocrx_word' id='word_1_304' title='bbox 436 4723 505 4768; x_wconf 84' lang='lat' dir='ltr'><strong>Vide</strong></span> <span class='ocrx_word' id='word_1_305' title='bbox 514 4734 602 4778; x_wconf 76' lang='lat' dir='ltr'><strong>supra.</strong></span> <span class='ocrx_word' id='word_1_306' title='bbox 612 4733 632 4769; x_wconf 87' lang='lat' dir='ltr'><strong>t.</strong></span> <span class='ocrx_word' id='word_1_307' title='bbox 645 4735 680 4778; x_wconf 75' lang='grc' dir='ltr'><strong>ιν,</strong></span> <span class='ocrx_word' id='word_1_308' title='bbox 690 4736 752 4780; x_wconf 73' lang='lat' dir='ltr'><strong>pag.</strong></span> <span class='ocrx_word' id='word_1_309' title='bbox 761 4723 844 4777; x_wconf 61' lang='lat' dir='ltr'><strong>mn.</strong></span> <span class='ocrx_word' id='word_1_310' title='bbox 853 4723 901 4768; x_wconf 69' lang='lat' dir='ltr'><strong>oet.</strong></span> 
     </span>
    </p>
   </div>
   <div class='ocr_carea' id='block_1_5' title="bbox 0 0 1873 5400">
    <p class='ocr_par' dir='ltr' id='par_1_12' title="bbox 0 0 1873 5400">
     <span class='ocr_line' id='line_1_35' title="bbox 0 0 1873 5400; baseline 0 0"><span class='ocrx_word' id='word_1_311' title='bbox 0 0 1873 5400; x_wconf 95' lang='lat' dir='ltr'><strong> </strong></span> 
     </span>
    </p>
   </div>
  </div>
 </body>
</html>
