3717 5400
807 441 871 498 Au.
893 441 963 500 taba
1463 441 1497 498 71

268 586 361 649 alios
375 593 517 666 praeter
532 595 675 650 nostros
691 585 957 665 ludimagistros
970 584 1107 649 Perusii
1120 586 1265 663 vellent,
1283 595 1320 647 ut
1342 593 1417 647 tota
1437 586 1498 648 illa

257 709 405 756 summa
420 692 578 772 Collegio
594 703 715 772 posset
730 691 922 773 applicari;
938 692 1087 755 sednon
1107 708 1232 754 omnes
1245 690 1403 769 eiusdem
1419 707 1495 753 sen·

265 800 399 862 tentiae
418 809 532 862 erant.

332 905 398 967 160.
442 903 592 986 Scripsit
617 914 736 970 autem
762 907 986 970 Gubernator
1007 917 1042 970 et
1062 906 1296 985 magistratus
1322 905 1437 967 denuo
1462 905 1497 967 in

265 1011 409 1088 Urbem,
434 1025 473 1075 ut
493 1012 618 1076 stabile
638 1013 771 1093 aliquid
792 1014 1015 1094 impetraret;
1038 1012 1124 1076 nihil
1148 1023 1268 1075 tamen
1288 1022 1407 1074 actum
1431 1019 1495 1089 est,

262 1120 428 1200 quamvis
443 1130 478 1182 et
492 1120 634 1182 abbatia
650 1121 826 1200 quaedam
840 1121 1025 1184 vacaverit
1040 1120 1076 1182 in
1090 1135 1180 1199 agro
1190 1119 1370 1199 perusino,
1387 1120 1497 1182 nomi·

261 1241 309 1288 ne
322 1225 503 1304 Mognano
522 1223 542 1304 ¹,
559 1243 651 1306 quae
665 1227 711 1290 ad
724 1227 942 1290 dotationem
953 1226 1101 1306 Collegii
1116 1225 1221 1289 valde
1235 1233 1435 1306 opportuna
1446 1226 1497 1288 vi·

260 1330 422 1409 debatur,
440 1333 523 1412 quia
538 1334 696 1396 nonnulli
711 1333 866 1398 Praelati
877 1332 936 1412 J'us
956 1332 1099 1412 aliquod
1118 1333 1186 1396 sibi
1207 1342 1409 1411 competere
1429 1330 1496 1411 aje-

262 1438 361 1517 bant,
375 1448 410 1503 et
421 1440 473 1503 eis
486 1440 682 1520 pacificatis
694 1441 850 1521 prospici
859 1439 1018 1518 Collegio
1028 1440 1220 1518 videretur;
1231 1439 1433 1503 Cardinalis
1445 1449 1496 1502 ta·

261 1562 345 1608 men
369 1544 578 1625 Perusiam,
602 1557 805 1611 nostrorum
825 1547 996 1627 penuriae
1014 1546 1245 1626 compatiens,
1268 1546 1361 1608 bono
1377 1547 1496 1609 animo

259 1661 405 1715 nostros
419 1670 498 1716 esse
508 1652 665 1732 iubebat,
682 1665 717 1717 et
731 1655 762 1716 si
782 1655 840 1716 vel
859 1653 1002 1716 unicum
1017 1669 1146 1732 panem
1161 1652 1319 1730 haberet,
1336 1670 1417 1715 cum
1437 1670 1497 1716 no·

261 1759 348 1822 stris
362 1759 559 1823 divisurum
578 1777 657 1823 esse
673 1761 917 1840 pollicebatur.
1117 1766 1119 1770 “

326 1865 393 1928 161.
437 1867 680 1947 Quarumdam
708 1867 924 1932 familiarum
952 1867 1114 1930 homines
1142 1875 1245 1930 erant
1271 1865 1424 1930 fallaciis
1453 1885 1496 1930 ac

259 1971 483 2036 illusionibus
499 1975 681 2038 hominum
696 1975 867 2056 'decepti
881 1991 963 2038 cum
973 1975 1099 2056 quibus
1111 1975 1235 2038 crebro
1247 1974 1494 2054 loquebantur,

261 2087 298 2140 et
313 2080 452 2143 animas
467 2093 691 2145 mortuorum
707 2099 786 2145 esse
800 2082 982 2163 putabant.
999 2081 1046 2144 Hi
1061 2090 1180 2144 autem
1194 2098 1277 2144 cum
1291 2079 1328 2143 P.
1345 2080 1494 2144 Everar·

257 2185 306 2248 do
334 2186 603 2266 confiterentur,
634 2208 655 2251 a
684 2198 783 2252 tanto
813 2205 935 2252 errore
962 2189 1102 2252 liberati
1128 2187 1280 2251 suerunt.
1312 2187 1494 2266 Quaedam

259 2292 370 2356 etiam
384 2277 430 2357 ad
444 2293 551 2358 fidem
565 2297 790 2375 pertinentia,
808 2305 843 2359 et
858 2296 999 2376 quidem
1013 2295 1135 2374 magni
1149 2295 1328 2372 momenti,
1340 2295 1378 2358 in
1392 2311 1435 2356 ca
1450 2294 1495 2357 ci·

258 2400 374 2462 vitate
389 2401 435 2463 ab
449 2403 574 2465 eodem
590 2401 695 2466 Patre
711 2413 836 2466 curata
850 2411 943 2466 sunt.
957 2403 1076 2483 Aliqui
1088 2405 1195 2466 etiam
1209 2412 1394 2482 apostatae
1407 2421 1428 2465 a
1439 2418 1490 2464 re·

257 2506 462 2586 ligionibuS,
479 2510 540 2588 qui
556 2526 638 2572 curn
652 2525 783 2588 magno
798 2509 968 2572 scandalo
983 2510 1165 2587 vivebant,
1189 2509 1234 2572 ad
1248 2509 1395 2572 meliora
1411 2523 1495 2572 con·

255 2612 339 2676 silia
354 2615 460 2678 saluti
472 2615 646 2679 viciniora
657 2617 806 2680 rediere.
822 2617 954 2696 Aliqui,
968 2617 1030 2696 qui
1043 2617 1215 2679 militares
1230 2616 1372 2678 ordines
1385 2616 1492 2679 duxe-

257 2731 353 2799 rant,
380 2719 535 2800 ejusdem
557 2724 803 2787 exhortatione
823 2725 936 2787 vitam
955 2725 993 2787 in
1016 2724 1141 2787 melius
1161 2734 1434 2787 commutarunt:
1459 2732 1494 2787 et

256 2844 350 2891 unus
364 2846 408 2891 ex
431 2829 483 2892 eis
497 2832 775 2910 capuccinorum
790 2832 954 2911 religioni
975 2848 1054 2893 sese
1070 2831 1197 2893 dedere
1212 2830 1382 2893 decrevit.
1400 2831 1490 2909 Qua-

256 2946 341 2998 tuor
355 2936 462 2999 etiam
476 2938 591 3001 bonae
606 2938 734 3002 indolis
746 2939 895 3019 juvenes
909 2938 1124 3001 Societatem
1139 2937 1278 3017 ingredi
1289 2939 1489 3018 cupiebant,

253 3060 408 3122 quorum
430 3056 549 3107 tamen
565 3046 740 3109 desideria
756 3046 940 3124 probanda
963 3045 1095 3107 diutius
1114 3045 1193 3107 visa
1213 3054 1305 3107 sunt.
1330 3044 1429 3107 Multi
1447 3046 1491 3107 si-

254 3149 340 3227 gnis
360 3151 448 3213 satis
473 3152 696 3216 evidentibus
718 3152 833 3215 Deum
858 3152 1115 3232 protectionem
1137 3162 1281 3215 nostrae
1303 3150 1491 3215 Societatis

253 3258 459 3336 suscepisse
470 3258 539 3321 sibi
552 3260 825 3338 persuadebant.

323 3362 390 3425 162.
434 3362 523 3428 Cum
552 3375 670 3429 autem
700 3366 905 3429 testimonia
936 3366 1121 3429 civitatum
1149 3375 1184 3428 et
1212 3366 1492 3429 Universitatum

255 3467 296 3531 P.
306 3468 465 3547 ignatius
473 3482 597 3535 contra
609 3471 807 3535 Parisiense
819 3472 1012 3551 decretum,
1024 3483 1063 3535 ut
1075 3472 1237 3552 superius
1252 3471 1418 3549 diximuS,
1431 3488 1490 3551 po·

257 3576 439 3655 stulasset,
456 3578 584 3641 civitas
600 3578 778 3658 perusina,
801 3580 836 3643 id
855 3590 919 3657 est,
936 3580 1073 3659 priores
1091 3579 1220 3642 artium
1239 3576 1251 3608 ³
1271 3588 1307 3641 et
1325 3580 1446 3658 populi
1466 3576 1489 3657 ⁴,

248 3680 335 3761 *ejus
349 3684 506 3747 civitatis
520 3686 673 3765 nornine,
691 3684 729 3748 P.
755 3684 893 3765 ignatio
915 3686 1134 3766 scripserunt
1155 3687 1371 3749 luculentum
1392 3686 1491 3749 testi·

256 3790 417 3855 monium
427 3791 470 3855 de
482 3792 639 3871 Collegio
650 3802 773 3857 nostro
786 3793 958 3856 Perusino
970 3792 1170 3870 reddentes;
1183 3800 1218 3855 et
1230 3794 1321 3855 inter
1333 3802 1488 3870 caetera,

247 3896 353 3976 quod
375 3898 560 3962 charitatis
581 3910 615 3962 et
637 3899 853 3962 christianae
873 3899 1081 3977 disciplinae
1102 3915 1269 3961 numeros
1289 3916 1411 3962 omnes
1431 3917 1489 3964 ex·

262 4074 363 4085 *—

302 4176 309 4206 ¹
339 4173 390 4227 Slc;
401 4174 498 4219 rectius
508 4176 575 4219 sorte
586 4174 731 4228 Magnana,
741 4187 791 4218 non
801 4176 877 4229 longe
890 4176 923 4218 ab
938 4175 1001 4217 urbe
1019 4174 1118 4218 Perusii
1130 4174 1163 4218 ad
1171 4174 1324 4218 orientalem
1335 4187 1408 4220 oram
1418 4177 1490 4222 lacus

257 4246 414 4291 Trasimenl.

298 4319 311 4350 ¹
339 4318 388 4369 Sic;
399 4320 496 4363 rectius
506 4324 636 4369 tamen,ut
648 4330 680 4361 ex
691 4319 858 4372 sequentibus
868 4320 1010 4373 colligitur,
1020 4320 1193 4363 daemonum.

298 4390 311 4423 ⁸
338 4389 381 4435 Sic
392 4391 454 4434 dicti
464 4391 523 4444 qula
535 4390 569 4433 “sl
580 4391 707 4445 eleggono
717 4392 784 4434 delle
795 4392 855 4435 Arri
866 4397 892 4433 et
907 4390 1015 4443 collegii
1030 4391 1099 4435 della
1118 4390 1212 4444 Cina„
1227 4390 1256 4435 C.
1271 4390 1417 4443 Cttsrotrr,
1426 4395 1443 4436 1.
1456 4402 1490 4449 c.,

253 4466 299 4509 lib.
310 4472 338 4517 11,
347 4474 406 4516 cap.
415 4462 437 4516 8,
449 4462 497 4505 De'
506 4460 665 4515 Magistrum
674 4462 839 4517 dependenti
849 4464 923 4506 dalla
934 4463 1004 4507 Sede
1013 4464 1166 4518 Apostolica
1177 4464 1224 4507 cire
1231 4473 1296 4506 sono
1305 4464 1333 4506 al
1341 4466 1489 4517 regglmen-

252 4538 282 4578 to
292 4534 324 4579 di
337 4534 481 4589 Peruggta.

296 4608 308 4639 Α
335 4606 369 4649 “ll
381 4612 452 4649 terzo
462 4603 626 4657 nagistrum.
641 4616 721 4649 overo
733 4602 871 4663 Conslglio,
882 4616 927 4648 era
940 4606 1071 4650 nomlnato
1080 4607 1100 4649 il
1112 4605 1245 4659 Consloello
1259 4606 1284 4649 dl
1302 4611 1421 4651 trecento
1434 4607 1489 4651 Clt·

247 4678 363 4731 tudina,
374 4678 418 4730 lm,
430 4677 494 4720 ibin.
