3717 5400
791 481 856 538 An.
879 480 949 539 1555
1450 478 1489 539 29

251 626 433 689 meliorem
447 643 524 690 esse
536 628 787 706 quaerendam.
805 625 883 690 Non
895 625 1103 706 displicebat
1116 624 1151 688 id
1164 623 1201 688 P.
1216 623 1367 704 Ignatio,
1379 634 1486 687 aucto

251 733 359 798 valde
374 735 612 813 collegialium
627 753 774 798 numero
790 735 884 812 (nam
901 734 947 798 ad
961 743 1104 796 centum
1117 743 1151 794 et
1166 732 1314 810 triginta
1329 730 1367 793 P.
1385 730 1486 810 lgna·

251 839 325 906 tius
339 841 532 904 ascendere
551 844 742 920 volnerati:
760 859 843 904 nam
858 841 997 906 numeri
1018 840 1193 904 rationem
1209 838 1372 902 Pontifex
1388 840 1485 904 turbi-

252 954 354 1014 tttsus
368 947 405 1012 in
420 949 617 1028 quantitate
633 949 825 1012 dotationis
843 947 1027 1012 videbatur
1045 945 1063 1009 ¹.

311 1053 363 1116 50.
407 1053 476 1118 Sed
493 1055 635 1120 demum
649 1057 736 1120 nihil
751 1073 885 1132 eorum,
912 1072 1002 1135 quae
1018 1055 1303 1132 suggerebantur
1325 1053 1487 1118 Pontifici

252 1160 290 1226 in
305 1163 373 1226 bac
388 1172 500 1242 parte,
517 1164 703 1243 probabat;
720 1164 812 1228 unde
824 1163 928 1228 facile
941 1160 1068 1241 conjici
1081 1171 1231 1241 poterat,
1250 1179 1319 1224 non
1335 1161 1484 1226 libenter

251 1283 336 1336 eum
348 1269 491 1348 collegii·
504 1269 707 1349 hujusmodi
719 1271 938 1334 dotationem
953 1287 1030 1332 esse
1045 1268 1234 1346 facturum
1251 1277 1286 1330 et
1301 1269 1354 1331 ita
1367 1269 1484 1332 minus

250 1375 288 1438 in
303 1375 378 1438 dies
388 1377 536 1439 subsidii
547 1377 752 1457 temporalis
764 1379 808 1440 ab
821 1395 863 1440 eo
875 1377 1099 1457 sperabatur;
1113 1386 1148 1438 et
1158 1375 1325 1468 quamvis·
1333 1385 1484 1455 quatuor

249 1481 311 1546 illa
326 1483 536 1546 ducatorum
551 1485 672 1562 millia,
689 1502 780 1564 quae
796 1485 833 1548 Ρ.
850 1483 987 1549 Natalis
1009 1502 1103 1548 anno
1119 1483 1311 1563 praeterito
1334 1500 1396 1562 per
1419 1482 1485 1545 Co·

250 1588 372 1652 mitem
388 1589 607 1654 Melitensem
620 1593 775 1669 miserat,
793 1601 1002 1672 recuperata
1014 1601 1133 1653 essent
1147 1589 1169 1663 ’ς
1188 1601 1221 1652 et
1234 1590 1303 1652 alia
1315 1590 1484 1669 quingen-

250 1706 300 1772 ta,
317 1712 408 1775 quae
424 1699 480 1760 vel
495 1697 553 1760 ille
575 1698 633 1760 vel
653 1696 729 1777 ejus
748 1715 871 1776 gener,
889 1697 1053 1761 dominus
1067 1696 1273 1775 Ruigomez‚
1291 1694 1481 1774 adjecerat,

252 1811 400 1883 propter
416 1804 650 1885 dispendium.
668 1805 762 1884 quod
777 1821 921 1884 passum
932 1814 1009 1867 erat
1026 1803 1223 1882 Collegium
1235 1802 1341 1882 (quod
1356 1804 1486 1865 multos

249 1925 392 1974 menses
406 1911 495 1974 haec
511 1912 639 1974 solutio
656 1911 765 1976 dilata
780 1909 922 1990 fuerat);
939 1909 1056 1974 omnia
1069 1909 1143 1988 jam
1159 1926 1317 1988 expensa
1331 1918 1433 1972 erant
1449 1918 1484 1972 et

249 2033 380 2082 census
395 2018 536 2097 collegii
551 2018 696 2082 venditi:
715 2035 780 2082 nec
797 2018 937 2093 mirum,
954 2035 1036 2080 cum
1050 2017 1118 2080 hoc
1133 2033 1225 2080 anno
1242 2028 1316 2079 tam
1329 2032 1416 2079 cara
1430 2033 1484 2078 es·

249 2131 307 2192 set
320 2141 474 2202 annona,
492 2133 531 2187 ut
542 2141 669 2188 saccus
684 2125 852 2188 frumenti
866 2125 943 2204 ipso
957 2123 1122 2202 Augusto
1134 2140 1254 2186 mense
1269 2130 1349 2186 octo
1365 2123 1485 2185 aureis

249 2241 428 2298 emeretur
448 2229 470 2304 ³3
495 2241 529 2294 et
548 2243 667 2295 tamen
687 2249 755 2294 non
774 2234 887 2295 solum
903 2229 1030 2294 domus
1049 2240 1083 2294 et
1103 2229 1290 2310 collegium
1309 2237 1483 2304 nostrum,

248 2337 313 2400 sed
329 2346 363 2399 et
378 2338 623 2416 germanicum
637 2339 754 2415 etiarn,
778 2350 815 2401 ut
837 2336 1004 2414 diximus
1027 2353 1137 2417 prope
1156 2337 1361 2400 destitutum
1376 2333 1399 2414 ⁴,
1421 2336 1483 2399 hu·

247 2444 357 2508 meris
371 2442 561 2508 Societatis
576 2445 804 2508 incumberet:
822 2453 857 2507 et
872 2461 954 2508 cum
967 2462 1014 2506 ex
1027 2445 1159 2507 nostris
1172 2444 1208 2508 in
1223 2444 1328 2506 domo
1349 2442 1482 2522 profes·

248 2567 371 2614 sorum
386 2561 421 2614 et
436 2551 586 2630 collegio
598 2551 671 2614 fere
684 2562 827 2616 centum
842 2562 875 2616 et
888 2551 1071 2630 octoginta
1085 2551 1153 2614 hoc
1168 2562 1337 2613 autumno
1352 2561 1482 2628 essent,

248 2657 489 2740 quadraginta
505 2659 564 2723 alii
586 2661 641 2722 vel
661 2661 920 2740 quinquaginta
941 2659 979 2723 in
1000 2658 1068 2722 hoc
1089 2657 1303 2721 Germanico
1325 2656 1483 2737 collegio

247 2775 354 2831 erant
383 2766 616 2845 sustentandi;
646 2774 681 2829 et
709 2765 947 2830 conductitiae
976 2765 1101 2831 domus
1128 2766 1312 2844 utriusque
1339 2765 1481 2843 collegii

248 2867 428 2953 [pretium]
444 2872 517 2935 fere
538 2873 584 2936 ad
598 2872 811 2953 quingentos
833 2890 961 2939 aureos
982 2872 1207 2936 ascendebat.
1229 2870 1328 2950 Quae
1347 2870 1484 2935 Romae

246 2996 295 3042 ex
308 2979 544 3059 eleemosynis
559 2980 680 3045 haberi
696 2988 871 3060 poterant,
889 2980 936 3043 ad
949 2988 1114 3059 quartam
1132 2989 1270 3057 partem
1284 2995 1403 3041 rerum
1424 2996 1481 3041 ne·

246 3085 487 3149 cessariarum
503 3103 574 3148 non
590 3087 841 3162 ascendebam
858 3096 892 3149 et
908 3086 958 3150 ita
980 3104 1045 3149 sex
1059 3086 1117 3148 vel
1136 3095 1271 3164 septem
1290 3084 1400 3147 millia
1422 3085 1482 3147 du-

246 3200 411 3257 catorum
426 3193 520 3255 aeris
534 3194 639 3256 alieni
655 3205 841 3257 contracta
857 3203 950 3270 sunt,
967 3210 1033 3256 nec
1048 3194 1120 3256 ulla
1134 3192 1227 3254 ratio
1239 3193 1393 3254 humana
1405 3192 1481 3255 sine

244 3299 419 3381 peculiari
434 3280 501 3363 Dei
516 3300 649 3363 auxilio
666 3300 712 3363 ad
727 3300 816 3364 haec
832 3317 941 3381 opera
956 3299 1189 3363 sustentanda
1208 3297 1370 3363 sufficere
1383 3298 1481 3362 vide·

245 3403 363 3469 batur.
380 3404 450 3471 Sed
465 3407 622 3469 omnium
641 3408 817 3471 redituum
838 3408 928 3483 loco,
952 3423 1034 3486 spes
1054 3406 1090 3467 in
1113 3407 1189 3469 solo
1208 3406 1285 3469 Deo
1307 3406 1482 3469 collocata

244 3522 336 3591 erat,
354 3512 455 3593 cujus
470 3514 584 3576 honor
606 3514 642 3577 in
665 3523 856 3592 augmento
872 3514 998 3577 harum
1015 3514 1121 3577 trium
1137 3514 1321 3576 domorum
1335 3530 1481 3594 quaere·

246 3617 364 3683 batur.

307 3726 358 3790 51.
404 3725 473 3791 Sed
492 3726 668 3796 Dominus
688 3728 876 3791 videbatur
898 3728 1051 3806 plurima
1071 3728 1163 3791 bona
1186 3728 1328 3807 ingenia
1342 3744 1387 3790 ex
1409 3726 1482 3790 An·

244 3832 324 3912 glia
341 3841 377 3896 et
396 3832 583 3911 Hibernia,
603 3834 742 3911 Prusia,
768 3834 883 3911 Gotia‚
901 3833 1030 3912 Dania,
1053 3832 1177 3909 Slesia,
1201 3835 1382 3907 Bohemia‚
1407 3834 1481 3897 Mo·

244 3940 349 4004 ravia
362 3948 398 4003 et
408 3941 487 4003 aliis
499 3940 712 4005 Germaniae
723 3942 928 4022 provinciiS,
945 3942 1004 4004 vei
1014 3940 1059 4004 ad
1070 3939 1285 4005 Societatem
1299 3950 1458 4004 nostram
1470 3939 1482 3969 ⁵

289 4144 297 4176 Ι
326 4144 393 4189 Vide
404 4156 491 4200 supra.
502 4156 564 4200 pag.
577 4145 609 4196 10.
619 4156 644 4188 n.
653 4144 686 4189 10.

286 4218 298 4249 ¹
326 4215 394 4261 Vide
405 4227 493 4272 supra.
502 4224 520 4260 t.
530 4228 566 4269 rr.
577 4228 638 4271 pag.
650 4216 698 4269 1175,
710 4228 733 4258 n.
746 4216 806 4261 tuoe.

285 4288 298 4321 ²
327 4288 436 4343 Saepius
447 4288 574 4332 Polancus
584 4289 682 4335 litteris
695 4294 751 4333 toto
767 4289 816 4335 boe
832 4300 900 4337 anno
913 4289 1027 4344 seriptis.
1037 4297 1066 4333 ut
1083 4299 1138 4335 tum
1153 4298 1310 4343 nostrorum,
1325 4293 1483 4346 praesertim

242 4362 327 4418 quiin
338 4360 427 4406 Sicilia
438 4362 621 4413 versabantur.
637 4362 782 4408 numeriam
798 4369 965 4407 externorum
980 4360 1168 4407 liberalitatem
1184 4364 1322 4417 excitaret¹
1338 4366 1418 4409 talem
1432 4364 1482 4407 Ro·

242 4444 305 4479 mae
315 4443 432 4477 annonae
442 4432 621 4476 difficultatem
633 4443 690 4475 esse
700 4432 738 4477 ait
749 4441 777 4476 ut
789 4433 911 4477 frumenti
919 4444 1011 4479 saccus
1021 4433 1052 4485 (il
1067 4434 1149 4476 rabbo
1166 4435 1195 4476 dt
1211 4446 1305 4488 grano,
1319 4435 1385 4489 quod
1402 4435 1483 4480 etiam

243 4507 342 4559 ragglo
351 4516 367 4548 a
377 4504 485 4549 Polanci
495 4503 611 4547 librariis
621 4503 762 4557 scribitur).
773 4504 816 4559 qui
828 4510 940 4560 quatuor
949 4506 1022 4559 juliis
1031 4512 1154 4549 constare
1164 4508 1273 4561 solebat,
1284 4506 1329 4551 vix
1339 4515 1398 4551 octo
1410 4508 1484 4563 J'ullls

244 4575 442 4633 possitlraberi.

287 4648 299 4679 ⁸
329 4646 421 4701 snpra,
432 4656 493 4701 pag.
505 4644 537 4699 10.
548 4656 573 4689 n.
584 4644 617 4690 to.

285 4718 298 4749 ὅ
327 4718 436 4771 Quinam
446 4728 478 4760 ex
489 4717 529 4761 his
539 4716 687 4771 regionibus
698 4716 855 4763 Societatem
866 4719 913 4763 hoc
926 4726 1041 4773 tempore
1058 4719 1169 4771 ingressi
1185 4727 1245 4764 sunt
1261 4721 1415 4776 aperiemus,
1426 4731 1484 4765 cum
