3717 5400
339 423 376 484 72
806 427 934 486 Cnaon.
954 425 1032 486 Soc.
1052 427 1124 499 Jas.

339 571 514 650 pleverint
535 574 757 636 testabantur
773 573 794 636 ⁸.
813 573 891 652 lpse
910 574 1018 636 etiam
1037 572 1279 652 Vicelegatus,
1301 573 1362 652 qui
1383 582 1468 635 tunc
1491 583 1574 636 erat

339 677 538 759 Episcopus
553 680 769 760 CenetensiS,
786 681 907 744 scribit
921 681 1037 744 eidem
1050 679 1147 744 Patri
1161 680 1312 760 ignatio,
1324 679 1403 742 Deo
1416 696 1459 741 ac
1475 680 1569 743 dein·

340 784 383 847 de
399 787 467 865 ipsi
481 786 580 850 Patri
597 805 639 850 ac
655 789 799 864 nostris,
821 788 880 868 qui
894 787 1063 851 Perusiae
1081 788 1331 865 versabantur,
1352 787 1452 850 cives
1467 805 1565 871 peru-

340 891 439 955 sinos
458 893 649 956 admodum
671 893 855 956 devinctos
881 911 971 970 esse,
997 903 1072 956 tum
1094 902 1239 974 propter
1260 895 1432 956 virtutum
1452 911 1569 957 exem·

340 1000 410 1078 pla,
426 1008 501 1063 tum
516 1010 661 1080 propter
677 1011 821 1064 sanctas
841 1002 1000 1081 ipsorum
1014 1001 1184 1078 actiones;
1206 1001 1283 1063 sive
1304 1001 1388 1064 dum
1406 1001 1569 1063 ecclesia-

339 1105 439 1168 sticis
464 1104 681 1187 Praepositis
700 1117 735 1171 et
756 1107 999 1170 saecularibus
1016 1108 1138 1170 utilem
1159 1117 1294 1171 navant
1315 1124 1471 1187 operam,
1494 1108 1571 1170 sive

339 1212 424 1275 dum
449 1214 612 1294 publicae
638 1215 781 1278 utilitati
804 1214 955 1277 diversis
978 1214 1103 1278 officiis
1127 1214 1338 1291 inserviunt;
1359 1223 1394 1276 et
1417 1213 1571 1293 explicat

340 1321 536 1384 ministeria
559 1320 763 1385 Societatis:
781 1321 948 1384 Vicarius
965 1322 1073 1384 etiam
1095 1321 1274 1400 Episcopi,
1298 1321 1442 1384 Marcus
1462 1320 1570 1385 Anto·

342 1429 420 1490 nius
435 1427 626 1506 OradinuS,
643 1429 882 1491 testimonium
897 1426 1013 1490 reddit
1027 1428 1208 1506 eximium,
1230 1437 1269 1489 ut
1288 1446 1333 1491 ex
1352 1427 1428 1507 ejus
1446 1429 1579 1491 litteris.

342 1534 455 1597 videri
474 1544 601 1614 potest.

405 1641 472 1703 163.
516 1640 651 1704 Decem
678 1651 795 1704 autem
821 1642 901 1720 viri,
928 1642 988 1721 qui
1011 1641 1266 1721 rempublicam
1295 1642 1392 1704 illam
1427 1642 1571 1706 admini-

315 1731 318 1736 ’
341 1758 456 1812 strant
470 1747 493 1826 ³,
511 1759 545 1811 et
560 1749 660 1812 multi
677 1749 736 1811 alii
751 1749 951 1828 optimateS,
965 1749 1048 1812 dum
1064 1747 1108 1811 ad
1123 1747 1307 1812 Summum
1318 1748 1524 1812 Pontificem
1537 1760 1572 1811 et

342 1855 387 1919 ad
402 1853 610 1918 Cardinales
625 1856 785 1919 scribunt
800 1854 846 1918 ad
861 1855 1091 1918 obtinendam
1106 1855 1264 1934 Collegio
1281 1867 1402 1918 nostro
1418 1857 1572 1935 aliquam

343 1963 571 2035 dotationem,
588 1973 622 2025 et
637 1980 679 2025 ea
694 1963 730 2024 in
745 1981 784 2026 re
798 1962 1007 2026 beneficium
1021 1963 1086 2025 toti
1100 1961 1272 2026 Societati
1294 1962 1371 2025 fieri
1384 1961 1572 2038 affirmant,

344 2069 439 2132 aliud
450 2081 608 2149 agentes,
622 2071 846 2150 praeclarum
856 2071 965 2132 etiam
975 2071 1215 2133 testimonium
1224 2068 1434 2148 deCollegio
1443 2069 1570 2132 ferunt.

407 2176 472 2238 164.
516 2174 687 2256 Religiosi
712 2177 947 2256 quorumdam
967 2176 1130 2240 ordinum
1153 2177 1437 2240 benevolentiam
1466 2178 1573 2239 etiam

342 2283 474 2344 nostris
489 2283 713 2362 exhibebant,
729 2292 849 2346 ettam
863 2283 965 2347 Prior
980 2283 1123 2348 Ordinis
1134 2282 1178 2347 D.
1194 2283 1385 2362 Dominici,
1398 2300 1505 2362 quam
1520 2283 1572 2348 In·

345 2389 544 2468 quisitionis
571 2389 861 2467 Commissarius,
891 2389 990 2454 Patri
1017 2390 1201 2454 Everardo
1229 2392 1429 2470 peramicos
1452 2406 1491 2453 se
1518 2390 1577 2453 de-

345 2498 607 2578 monstrabant,
624 2499 786 2578 quamvis
801 2497 969 2562 Vicarius
988 2499 1233 2562 existimasset
1241 2496 1318 2577 ejus
1332 2498 1476 2561 Ordinis
1496 2497 1573 2560 reli·

346 2604 468 2682 giosos
482 2606 599 2668 minus
614 2607 807 2669 benevolos
821 2606 924 2668 nobis
943 2624 1032 2680 esse,
1049 2606 1143 2685 quod
1157 2623 1217 2668 res
1235 2603 1443 2684 Hieronymi
1466 2602 1574 2667 Savo·

348 2714 495 2775 narolae
511 2713 712 2792 improbare
724 2714 925 2777 videremur
936 2722 960 2772 ⁸.
973 2713 1124 2792 Quidam
1139 2725 1259 2777 autem
1271 2715 1502 2776 concionator
1515 2710 1579 2775 Or-

348 2816 441 2880 dinis
456 2817 649 2881 Servorum
664 2820 700 2881 in
715 2820 855 2899 publica
871 2820 1042 2882 concione
1062 2830 1124 2882 aut
1137 2820 1288 2882 lectione
1303 2838 1378 2897 sua,
1396 2820 1488 2881 inter
1506 2820 1575 2880 alia

349 2925 491 3003 pietatis
506 2943 625 3006 opera,
643 2925 838 3005 Collegium
853 2936 1015 2989 nostrum
1031 2925 1239 2989 Perusinum
1262 2944 1332 2989 666
1351 2926 1582 2989 mediocriter·

350 3033 622 3096 commendavit.

413 3138 480 3201 165.
524 3139 644 3221 Aliqui
670 3151 788 3204 tamen
811 3140 955 3205 Ordinis
977 3139 1099 3204 Sancti
1122 3139 1309 3204 Francisci
1329 3151 1364 3203 et
1386 3140 1576 3219 Augustini

352 3247 510 3325 religiosi
524 3248 724 3309 contrarios
739 3266 776 3310 se
791 3248 924 3311 nostris
938 3249 1179 3328 praestabant;
1201 3247 1262 3310 alii
1282 3249 1421 3311 ratione
1441 3263 1575 3322 eorum,

352 3354 412 3433 qui
425 3352 629 3433 frequenter
648 3356 683 3416 in
703 3357 834 3434 templo
853 3364 978 3418 nostro
1002 3364 1226 3418 sacramenta
1252 3355 1490 3433 accipiebant;
1518 3356 1577 3417 alii

353 3459 489 3522 ratione
504 3462 712 3535 studiorum,
730 3472 764 3524 et
779 3462 922 3541 quidam
938 3462 1046 3525 etiam
1059 3460 1181 3524 Sancti
1192 3460 1371 3524 Dominici
1383 3462 1584 3523 monachus

352 3584 460 3646 supra
489 3567 583 3629 vires
614 3578 756 3631 nostras
780 3568 848 3631 hoc
876 3568 1074 3631 studiorum
1102 3584 1231 3631 munus
1260 3584 1339 3630 esse
1368 3566 1575 3630 affirmabat.

353 3674 475 3753 Longe
491 3684 610 3738 tamen
625 3675 727 3738 aliter
743 3675 870 3738 civitas
884 3676 1071 3753 sentiebat,
1086 3686 1125 3739 ut
1140 3674 1305 3738 diximus.
1672 3663 1676 3668 ’

417 3779 483 3842 166.
528 3780 609 3844 Fuit
634 3782 850 3861 capuccinus
873 3782 1018 3862 quidam
1039 3782 1286 3860 concionator,
1314 3782 1373 3861 qui
1394 3781 1585 3862 quinquies

354 3904 395 3949 eo
412 3887 448 3949 in
462 3888 592 3966 populo
608 3904 737 3967 magno
753 3906 834 3951 cum
849 3890 1022 3969 applausu
1037 3888 1269 3951 concionatus
1283 3900 1348 3964 est,
1366 3899 1401 3952 et
1415 3888 1452 3951 in
1463 3886 1584 3968 conju·

352 3993 448 4072 gatis
463 3994 627 4056 crebrum
647 4012 749 4055 usum
772 4004 1075 4058 sacramentorum
1097 3995 1333 4076 reprehendit,
1359 4005 1393 4057 et
1413 4011 1452 4058 se
1473 3994 1580 4057 admi-

354 4100 428 4161 rari
443 4100 594 4177 dicebat,
611 4116 688 4162 esse
704 4101 909 4164 sacerdotes
924 4102 1062 4180 aliquos
1077 4111 1150 4164 tam
1172 4102 1396 4182 praecipites
1419 4111 1457 4164 ut
1477 4118 1581 4163 omne

396 4306 404 4336 ¹
434 4302 505 4346 idem
515 4304 546 4345 de
557 4304 605 4346 ltoc
617 4304 764 4349 testimonio
774 4304 909 4349 dicendum
920 4306 993 4349 nobis
1002 4313 1042 4349 est
1052 4316 1084 4349 ac
1092 4306 1123 4348 de
1134 4305 1295 4350 salmantino
1306 4306 1416 4349 diximus
1426 4306 1452 4348 in
1461 4305 1589 4349 Litterae

356 4374 585 4427 Quadrimastres,
596 4380 613 4418 t.
624 4386 661 4427 ru,
671 4386 731 4429 pag.
742 4376 790 4421 5l8.
800 4384 888 4420 annot.
899 4377 921 4420 t.

397 4447 408 4478 ἱ
435 4444 500 4490 “Tra
509 4448 516 4489 l
527 4445 676 4501 Magistrati
687 4448 735 4491 che
745 4459 812 4491 anno
822 4448 980 4501 dipendenza
990 4450 1062 4493 dalla
1072 4450 1146 4493 Citra
1156 4457 1182 4493 et
1194 4452 1233 4493 ne'
1243 4452 1323 4505 tempi
1332 4450 1433 4505 passati
1442 4456 1469 4493 et
1480 4450 1518 4494 ne'
1527 4460 1586 4503 pre-

357 4518 432 4571 senti,
443 4517 512 4561 tiene
522 4518 630 4571 ilprimo
641 4519 717 4573 luogo
729 4520 746 4562 ii
757 4518 912 4573 Magistrato
922 4521 961 4563 de'
976 4522 1070 4575 Priori,
1082 4522 1089 4564 i
1101 4522 1170 4575 quali
1185 4533 1248 4566 sono
1264 4522 1329 4565 dicct
1345 4523 1370 4565 in
1385 4532 1501 4576 nurnero,
1517 4520 1588 4565 onde-

357 4589 501 4633 chiumonsi
510 4586 667 4641 Decemviri,
679 4596 706 4633 et
716 4602 777 4633 sono
788 4598 895 4634 estrattr
905 4601 953 4642 per
962 4601 1078 4644 sacco...
1089 4592 1231 4643 Caisroirr,
1243 4593 1307 4635 ibid.

399 4658 410 4691 ³
443 4658 605 4702 Viderentur
616 4660 694 4705 habet
706 4674 760 4713 ms..
772 4663 816 4705 sed
828 4674 901 4707 error
910 4671 950 4705 cst
961 4664 1216 4707 manifestus—Vide
1227 4676 1314 4718 supra,
1324 4672 1342 4705 t.
1354 4674 1390 4712 iu.
1398 4675 1458 4718 pap.
1466 4663 1500 4716 at,
1512 4662 1586 4711 nat.
