3717 5400
836 491 900 550 Aa.
922 491 992 550 1555
1140 488 1146 498 ’
1475 495 1531 555 157

297 653 377 700 cum
392 637 436 700 de
455 637 616 700 oratione
635 636 824 714 dominica,
844 637 1006 717 symbolo
1026 638 1221 717 apostolico
1236 648 1270 701 et
1290 639 1412 703 decem
1430 658 1532 721 prae·

298 744 410 824 ceptis
422 761 466 806 ea
480 743 613 807 diceret
628 751 648 821 ¹,
666 759 757 823 quae
771 743 876 807 valde
891 743 937 806 ad
956 761 1031 808 rem
1050 745 1239 824 faciebant,
1262 763 1391 826 urgere
1406 763 1535 828 perge·

297 850 358 912 bat
372 861 410 913 ut
424 850 461 913 in
475 852 593 913 locum
608 850 815 929 ampliorem
835 867 873 912 se
888 851 1183 914 concionaturum
1200 851 1424 932 transferret;
1449 853 1531 934 quia

297 967 415 1019 tamen
430 955 544 1019 Roma
559 956 761 1021 admonitus
774 954 891 1020 fuerat
905 975 949 1020 ne
964 957 1000 1020 in
1020 958 1107 1020 locis
1122 959 1320 1023 celebribus
1343 959 1535 1025 conciona-

298 1073 405 1142 retur,
422 1063 570 1127 libenter
584 1063 742 1143 perrexit
762 1062 799 1125 in
813 1063 971 1126 oratorio
992 1063 1186 1128 domestico
1207 1066 1424 1145 concionari;
1447 1085 1534 1131 nam

298 1181 473 1250 occupato
489 1169 526 1233 in
541 1168 619 1232 aliis
634 1170 740 1233 rebus
754 1169 995 1250 compluribus
1011 1171 1230 1234 commodius
1245 1172 1280 1234 id
1295 1184 1383 1236 erat.
1400 1171 1451 1237 lbi
1467 1191 1527 1237 au·

296 1285 379 1354 tem,
397 1277 478 1340 licet
494 1275 747 1340 confertissimi
760 1285 890 1355 essent,
907 1293 1046 1340 summa
1063 1294 1143 1341 cum
1159 1279 1354 1342 attentione
1374 1297 1455 1344 eum
1470 1298 1531 1344 au·

296 1384 451 1462 diebant,
469 1393 508 1447 ut
522 1384 590 1464 ipsi
606 1383 743 1464 seipsos
757 1384 862 1448 valde
875 1385 1090 1447 mirarentur
1103 1397 1136 1447 et
1150 1385 1185 1447 in
1198 1385 1443 1450 aedificatione
1456 1405 1530 1450 cre-

296 1501 446 1554 scerent.
474 1490 513 1554 ln
538 1490 689 1553 emenda
714 1500 833 1554 tamen
854 1491 959 1554 domo
985 1489 1202 1570 Argentensi
1230 1493 1481 1572 impedimenta
1507 1513 1528 1558 a

295 1597 479 1677 daemone,
489 1598 547 1660 cui
555 1614 645 1677 opus
655 1597 741 1660 illud
752 1598 971 1678 displicebat,
988 1599 1133 1660 inventa
1146 1609 1237 1677 sunt,
1249 1610 1282 1662 et
1294 1600 1342 1663 ita
1355 1601 1423 1664 hoc
1435 1618 1534 1664 anno

295 1705 447 1783 transigi
462 1706 592 1782 emptio
608 1722 679 1767 non
694 1705 819 1785 potuit.

355 1811 399 1875 Et
414 1811 502 1874 haec
518 1811 561 1874 de
577 1810 793 1890 Argentensi
809 1812 1009 1890 collegiolo.

614 2237 679 2301 DE
700 2234 932 2301 COLLEGIO
955 2235 1198 2301 PATAVlNO

351 2559 421 2624 449,
465 2559 568 2623 Initio
583 2558 686 2640 hujus
701 2560 785 2623 anni
805 2567 970 2638 praeerat
991 2557 1151 2636 Collegio
1170 2543 1344 2619 Patauino
1359 2555 1397 2620 P.
1420 2558 1528 2639 Joan*

293 2685 357 2731 nes
376 2667 536 2748 Baptista
550 2667 729 2731 Tavonus.
748 2665 861 2731 Gravi
886 2675 921 2727 et
946 2664 1081 2728 exitiali
1106 2663 1228 2727 morbo
1255 2662 1431 2728 laboravit
1458 2664 1527 2728 hoc

293 2792 387 2838 anno
420 2773 625 2851 Patavium,
653 2784 688 2837 et
716 2792 795 2837 eam
825 2774 869 2835 ob
892 2789 1039 2835 causam
1059 2772 1217 2833 maxima
1237 2787 1320 2850 pars
1346 2771 1528 2835 hominum

291 2881 337 2944 ad
351 2880 440 2943 alias
456 2880 620 2944 civitates
635 2890 696 2944 aut
710 2880 826 2957 villas
843 2888 978 2959 pestem
994 2877 1175 2957 fugiendo,
1193 2892 1230 2939 se
1247 2878 1475 2958 recipiebant,
1490 2887 1525 2942 et

290 2988 476 3067 apublicis
490 2988 655 3066 negotiis,
679 2986 803 3049 mortis
826 2995 963 3048 terrore
987 2984 1150 3064 perculsi,
1175 2984 1223 3046 illi
1247 2985 1353 3047 etiam
1373 2985 1527 3049 abstine·

289 3094 385 3171 bant,
403 3095 463 3174 qui
477 3094 618 3158 Patavii
632 3100 890 3170 remanserant,
907 3100 942 3153 et
957 3091 1052 3154 domi
1063 3110 1100 3153 se
1112 3092 1268 3172 plerique
1281 3092 1526 3158 continebant.

288 3199 525 3264 Nihilominus
551 3200 663 3263 nostri
688 3201 724 3263 in
748 3199 879 3279 templo
901 3198 938 3261 in
964 3197 1148 3260 audiendis
1174 3196 1454 3261 confessionibus
1479 3217 1521 3261 eo

288 3318 445 3387 tempore
461 3309 625 3387 occupati
639 3315 752 3385 erant,
768 3307 827 3369 vel
841 3306 880 3368 in
894 3306 1119 3368 sanctissimo
1135 3303 1266 3367 Christi
1282 3304 1441 3385 Corpore
1456 3306 1519 3367 mi-

287 3415 483 3478 nistrando
501 3414 572 3478 Alii
587 3414 681 3477 enim
695 3413 863 3476 nolebant
879 3412 914 3474 id
928 3412 1099 3492 temporis
1114 3410 1202 3473 haec
1218 3422 1444 3475 sacramenta
1460 3414 1523 3475 mi-

287 3520 452 3585 nistrare.
468 3520 570 3584 Multi
584 3535 671 3599 ergo
687 3520 733 3584 ad
747 3519 936 3583 ecclesiam
956 3527 1116 3581 nostram
1136 3518 1397 3581 concurrebant
1416 3519 1521 3599 trepi-

288 3629 424 3704 dantes
437 3628 584 3709 perinde
596 3629 680 3690 acsi
695 3644 792 3690 mors
806 3627 875 3689 illis
888 3624 1117 3705 impenderet,
1135 3636 1169 3687 et
1185 3626 1221 3687 in
1237 3625 1310 3687 suis
1326 3624 1525 3689 afflictioni·

288 3736 354 3799 bus
369 3736 534 3799 solatium
558 3753 579 3797 a
598 3735 729 3798 nostris
750 3744 784 3797 et
804 3732 976 3795 auxilium
997 3731 1225 3812 quaerebant.
1248 3729 1394 3794 Consilii
1416 3732 1525 3795 etiam

289 3842 451 3924 capiendi
465 3842 585 3922 gratia
600 3842 804 3921 frequenter
815 3838 1043 3902 accedebant.
1058 3838 1187 3901 Multas
1200 3837 1440 3901 confessiones
1451 3856 1523 3901 non

287 3952 402 4013 solum
418 3948 552 4028 decem,
569 3959 631 4012 aut
645 3947 775 4027 viginti
790 3963 975 4024 annornm,
999 3945 1061 4009 sed
1079 3946 1266 4024 generales
1285 3944 1380 4007 vitae
1399 3946 1523 4023 totiuS,

286 4058 400 4121 nostri
428 4056 614 4121 audierunt
643 4071 725 4118 curn
753 4069 886 4133 magna
919 4051 1173 4131 poenitentium
1208 4050 1449 4114 consolatione
1478 4068 1526 4114 ac·

286 4163 414 4227 fructu.

343 4269 415 4334 450.
460 4268 554 4333 Ante
580 4287 666 4332 vero
692 4284 799 4348 quam
824 4267 935 4348 pestis
958 4265 1126 4343 saeviret,
1148 4265 1208 4345 qui
1234 4264 1325 4327 soliti
1348 4272 1450 4327 erant
1472 4264 1518 4327 ad

284 4378 473 4441 ecclesiam
487 4385 647 4441 nostram
664 4376 790 4439 crebro
805 4374 992 4451 accedere,
1019 4372 1056 4436 in
1071 4370 1292 4435 confessione
1308 4380 1342 4435 et
1357 4387 1514 4435 commu·

286 4486 391 4548 nione
420 4493 549 4548 octavo
574 4498 713 4564 quoque
737 4481 795 4545 die
822 4478 1080 4561 frequentanda
1110 4478 1286 4541 ferventer
1314 4494 1524 4559 persevera·

327 4728 333 4755 ⁸
363 4726 391 4769 P.
404 4726 522 4771 Andreas
536 4726 725 4779 Bonainsegnu.
