3717 5400
354 503 417 564 692
651 539 659 554 ·
811 503 941 566 Canon.
964 504 1042 565 Soc
1068 505 1139 579 Jns.

360 667 401 712 se
415 667 487 713 non
502 651 655 731 probare
669 649 905 730 significabat,
922 649 985 714 sed
999 661 1204 732 separatura
1224 651 1356 715 habere
1375 650 1535 730 calicem,
1551 663 1592 714 ut

355 774 468 821 exeo
489 755 759 820 Sacramentum
779 758 937 836 daretur,
958 774 1003 821 ne
1024 759 1185 822 custodia
1206 775 1253 821 ex
1271 759 1375 821 altari
1389 773 1592 822 removere·

362 873 432 928 tur.
454 863 499 928 Et
518 864 568 927 ita
587 861 683 928 dedit
709 866 869 928 arculam
894 863 1085 945 quamdam
1109 875 1220 928 aurea
1240 868 1311 928 tela
1332 865 1511 940 vestitam,
1527 864 1586 928 ubi

360 969 633 1036 Sanctissimum
656 969 928 1036 Sacramentum
949 981 1198 1050 reponeretur,
1223 982 1259 1034 et
1282 972 1433 1035 calicem
1456 971 1493 1034 in
1519 987 1590 1052 qno

362 1079 558 1159 particulae
582 1088 837 1158 reponerentur
863 1078 909 1141 ad
929 1078 1230 1157 communionem
1257 1090 1363 1142 etex
1389 1076 1590 1158 hujusmodi

361 1185 494 1250 arculis
505 1193 540 1248 et
554 1185 723 1248 calicibus
734 1183 890 1265 jnsserat
903 1186 1034 1248 multos
1044 1185 1170 1248 confici
1185 1194 1224 1248 ut
1235 1185 1281 1248 ad
1300 1185 1472 1248 ecclesias
1485 1183 1589 1248 Ordi-

363 1303 448 1356 num
469 1291 687 1370 militarium,
709 1308 861 1372 quarum
882 1291 957 1372 ipse
976 1291 1150 1370 Magister
1170 1301 1248 1356 erat
1261 1289 1285 1371 ¹,
1301 1293 1466 1356 mitteret.
1485 1290 1592 1355 Dedit

359 1409 398 1463 et
408 1400 541 1463 nostris
556 1408 724 1480 magnam
739 1409 917 1478 patenam,
936 1412 1044 1480 quam
1057 1399 1095 1462 in
1108 1415 1174 1462 suo
1195 1400 1328 1462 sacello
1352 1398 1516 1478 habebat,
1546 1398 1592 1461 ad

363 1523 534 1586 magnum
558 1521 744 1570 numerum
770 1505 969 1596 hostiarum
990 1506 1223 1586 parvularum
1246 1506 1540 1584 consecrandum,
1553 1515 1590 1568 et

360 1613 498 1678 ferrum
512 1611 690 1694 quoddam
708 1611 872 1676 idoneum
892 1613 939 1676 ad
959 1613 1213 1694 imprimendas
1233 1611 1433 1692 hujusmodi
1459 1613 1594 1676 formas

364 1737 515 1802 ¹parnas3
538 1717 739 1799 hujusmodi
761 1720 867 1783 etiam
890 1737 996 1783 arcas
1016 1719 1113 1784 dedit
1133 1722 1180 1784 ad
1203 1720 1445 1802 reponendum
1469 1718 1591 1785 Sacra·

365 1837 523 1891 mentum
538 1827 575 1890 in
585 1827 746 1890 ecclesiis
760 1824 821 1890 S.t¹
837 1825 984 1891 Antonii
1000 1835 1035 1892 et
1048 1825 1114 1892 Se*
1125 1826 1273 1910 Joanuis
1287 1827 1331 1891 de
1347 1825 1591 1906 Longovarez.

429 1935 517 1998 1657.
560 1933 760 1998 cardinalis
780 1934 902 1998 inians
925 1933 1023 1998 dedit
1043 1935 1113 1997 hoc
1135 1951 1228 2000 anno
1245 1933 1418 1999 Eborensi
1435 1932 1594 2013 Collegio

366 2051 490 2105 nostro
505 2042 693 2120 collegium
707 2041 887 2122 quoddam
898 2041 1067 2118 vicinum,
1080 2041 1174 2123 quod
1185 2041 1222 2104 in
1236 2059 1339 2105 usum
1353 2040 1592 2116 sacerdotum,

367 2149 427 2230 qui
440 2164 547 2212 casus
561 2149 801 2212 conscientiae
817 2148 993 2226 audirent,
1008 2147 1230 2224 aedificabat,
1251 2147 1345 2228 quod
1363 2147 1401 2212 in
1424 2164 1593 2228 magnum

364 2255 558 2320 Eborensis
572 2255 722 2334 Collegil
737 2253 946 2320 beneficium
960 2256 1079 2320 cessit.

431 2361 518 2426 1658.
562 2361 721 2442 Reginae
741 2361 982 2428 confessarius
999 2363 1068 2427 hoc
1087 2381 1174 2426 vere
1188 2363 1336 2443 obierat,
1359 2372 1395 2427 et
1418 2359 1494 2441 ejus
1514 2365 1594 2425 loco

366 2471 473 2534 Dm
484 2471 1349 2552 Torrensempostulabat,necaliuminterim,cui
1357 2469 1593 2547 confiteretur,

363 2588 551 2642 assumere
564 2578 688 2656 voluit,
706 2593 750 2640 ne
762 2576 889 2657 injuria
905 2579 938 2641 ei
951 2577 1050 2641 lieret
1065 2579 1096 2641 si
1110 2587 1234 2658 postea
1249 2579 1519 2658 relinqueretur;
1532 2575 1595 2640 sed

366 2685 507 2749 interim
528 2684 749 2749 confessario
769 2685 881 2765 ipsius
900 2683 1010 2765 Regis
1030 2686 1207 2765 utebatur,
1230 2686 1355 2762 donec,
1377 2693 1415 2749 ut
1430 2683 1595 2766 superius

364 2790 534 2872 diximus,
549 2791 588 2855 P.
605 2790 668 2855 DJ
682 2791 813 2856 Torres
828 2793 863 2856 ln
879 2783 1135 2872 Portugalliam
1149 2794 1259 2857 venit.

430 2899 518 2963 1659.
561 2896 645 2962 Dux
664 2898 878 2979 Bergantiae
900 2898 912 2931 ¹
935 2901 972 2963 in
997 2900 1128 2980 oppido
1149 2916 1213 2964 suo
1229 2899 1507 2965 Villaeviciosae
1524 2895 1595 2963 Do·

363 3014 463 3070 mum
480 3006 744 3085 Professorum,
764 3008 823 3070 ubi
841 3006 997 3087 quinque
1019 3008 1078 3070 vel
1098 3018 1163 3070 sex
1185 3024 1230 3071 ex
1248 3004 1484 3087 eleemosynis
1501 3007 1596 3069 rive·

363 3118 459 3193 rent,
475 3114 629 3194 petebat,
646 3113 796 3178 sednon
810 3114 928 3177 visum
943 3123 998 3177 est
1012 3112 1190 3194 expedire.

433 3218 521 3285 1660.
564 3218 644 3301 Ipso
660 3220 716 3283 dle
735 3220 952 3285 inventionis
966 3219 1050 3286 83³²
1063 3220 1188 3284 Crucis
1203 3234 1326 3284 omnes
1346 3220 1511 3302 professi,
1537 3219 1597 3301 qui

367 3328 404 3391 in
420 3326 525 3393 dotno
539 3326 601 3393 S.¹¹
618 3326 732 3391 Rochi
746 3329 998 3407 versabantur,
1023 3340 1110 3393 vota
1128 3345 1194 3392 sua
1209 3338 1440 3407 renovarunt,
1462 3328 1597 3392 scilicet

368 3432 406 3500 P.
428 3436 584 3521 Joannes
602 3433 737 3525 Nunez,
759 3435 913 3500 nondum
931 3444 1164 3499 consecratus
1177 3434 1399 3515 Patriarcha,
1416 3444 1452 3499 et
1466 3434 1505 3499 P.
1526 3434 1598 3498 An·

363 3536 474 3607 dreas
490 3541 532 3606 de
549 3540 697 3622 Ovied0,
716 3546 750 3606 et
765 3539 890 3605 Patres
905 3542 1110 3607 Gonsalvus
1124 3543 1169 3605 de
1183 3540 1321 3607 Silvera
1337 3551 1372 3605 et
1393 3542 1599 3606 Gonzalvus

370 3650 449 3714 Vaz
465 3666 545 3713 cum
560 3650 637 3730 ipso
651 3647 691 3713 P.
708 3648 940 3729 Provincia1i3
961 3650 1126 3731 quamvis
1145 3650 1235 3713 haec
1254 3650 1443 3713 renovatio
1461 3666 1533 3712 non
1552 3649 1597 3711 ad

370 3757 551 3837 professos
570 3758 632 3820 sed
651 3758 697 3821 ad
715 3757 950 3821 scholasticos
968 3756 1179 3837 pertinebat.
1200 3756 1352 3820 Emissio
1378 3766 1497 3819 autem
1517 3755 1597 3819 sim-

367 3864 515 3945 pliciutn
530 3868 708 3943 votorum,
731 3880 822 3944 quae
837 3874 916 3943 post
931 3863 1188 3943 professionem
1202 3862 1278 3926 lieri
1293 3863 1437 3941 debent,
1460 3864 1519 3925 illa
1534 3860 1599 3925 Pa·

364 3970 482 4034 tribus
520 3968 691 4049 professis
717 3970 967 4051 injungebatur
979 3968 1002 4033 ⁸.
1036 3969 1126 4034 Cum
1154 3979 1272 4033 autem
1296 3968 1598 4047 constitutionem,

411 4244 420 4281 l
449 4244 498 4289 “Oe
513 4244 658 4290 Meetrados
671 4246 718 4289 dus
728 4244 829 4290 ordene
843 4244 972 4291 Militares
986 4246 1019 4290 de
1034 4245 1148 4299 Cltriero,
1164 4244 1299 4300 Statiano,
1309 4258 1324 4290 e
1334 4246 1409 4299 Avlr,
1422 4246 1574 4299 incorporeo
1585 4256 1602 4289 ι

366 4328 457 4371 coroa,
470 4328 518 4372 por
527 4317 663 4367 lecnldede
679 4317 823 4371 Pontificio,
835 4318 926 4373 deque
937 4326 990 4363 tem
999 4330 1015 4362 a
1026 4317 1229 4371 administracao
1239 4330 1253 4361 e
1264 4328 1401 4373 noverum,
1411 4316 1502 4371 Soosn,
1512 4316 1605 4360 Htrto·

375 4392 417 4434 ria
428 4389 601 4444 genealogica
611 4390 646 4431 ela
659 4389 725 4433 Casa
735 4389 804 4433 Real
814 4389 993 4444 Porrugueea,
1002 4397 1021 4435 t.
1029 4401 1067 4443 nt,
1078 4392 1120 4435 lib.
1128 4401 1165 4443 rv,
1175 4402 1233 4443 cap.
1244 4392 1280 4433 tt.

411 4461 422 4494 ¹
449 4460 608 4505 Theodosius
619 4460 649 4503 de
663 4460 806 4515 Braganea,
818 4462 850 4505 de
861 4462 974 4517 quolam
985 4464 1088 4517 saepius
1099 4462 1124 4505 ln
1135 4463 1184 4506 hoc
1196 4462 1329 4506 Chronico.
1471 4493 1474 4497 ι

409 4526 421 4564 ¹
448 4532 568 4577 clariore
578 4534 643 4577 haec
651 4533 802 4582 evaderent.
814 4532 835 4577 sl
846 4536 1065 4578 concionarentur
1075 4535 1121 4579 lta:
1133 4535 1260 4588 quamvls
1269 4534 1335 4578 neec
1342 4533 1481 4577 renovatio
1488 4533 1524 4576 nd
1531 4531 1608 4577 scleo-

364 4604 479 4649 lastlcos
491 4604 655 4660 pertinebat,
671 4616 722 4648 non
738 4604 774 4647 erl
787 4604 936 4660 professos,
949 4606 1046 4659 qulbus
1060 4608 1090 4650 iel
1102 4609 1211 4649 tantuna
1226 4606 1421 4660 injungebatur
1434 4608 1464 4647 nt
1478 4608 1541 4648 oola
1552 4604 1605 4649 ille

367 4676 507 4731 simplicia
521 4678 683 4724 emitterent.
696 4686 765 4729 qnae
775 4679 836 4731 post
849 4678 1048 4731 professionem
1063 4680 1154 4721 eenrttr'
1163 4678 1282 4731 debent...
1292 4677 1378 4721 -Vlde
1392 4678 1489 4721 cartes
1498 4677 1534 4720 de
1545 4674 1605 4721 San

370 4748 489 4801 Ignncio,
500 4754 518 4793 t.
527 4760 553 4803 r,
563 4758 616 4803 pag
635 4748 670 4797 92¹:
681 4754 706 4791 ct
720 4746 926 4793 Constitutionre
938 4750 994 4793 Soc.
1004 4750 1104 4805 Jes.,'in
1117 4746 1174 4793 tine.
