<?xml version="1.0" encoding="UTF-8"?>
<!DOCTYPE html PUBLIC "-//W3C//DTD XHTML 1.0 Transitional//EN"
    "http://www.w3.org/TR/xhtml1/DTD/xhtml1-transitional.dtd">
<html xmlns="http://www.w3.org/1999/xhtml" xml:lang="en" lang="en">
 <head>
  <title>
</title>
<meta http-equiv="Content-Type" content="text/html;charset=utf-8" />
  <meta name='ocr-system' content='tesseract 3.04.00' />
  <meta name='ocr-capabilities' content='ocr_page ocr_carea ocr_par ocr_line ocrx_word'/>
</head>
<body>
  <div class='ocr_page' id='page_1' title='image "./vitaignatiiloio01polagoog_0548.png"; bbox 0 0 3717 5400; ppageno 0'>
   <div class='ocr_carea' id='block_1_1' title="bbox 406 496 1186 571">
    <p class='ocr_par' dir='ltr' id='par_1_1' title="bbox 406 496 1186 571">
     <span class='ocr_line' id='line_1_1' title="bbox 406 496 1186 571; baseline -0.003 -14"><span class='ocrx_word' id='word_1_1' title='bbox 406 498 463 557; x_wconf 70' lang='lat'>542</span> <span class='ocrx_word' id='word_1_2' title='bbox 862 496 991 558; x_wconf 81' lang='lat' dir='ltr'>Canon.</span> <span class='ocrx_word' id='word_1_3' title='bbox 1012 497 1089 556; x_wconf 86' lang='lat' dir='ltr'><strong>Soc.</strong></span> <span class='ocrx_word' id='word_1_4' title='bbox 1114 498 1186 571; x_wconf 79' lang='lat' dir='ltr'>Jes.</span> 
     </span>
    </p>
   </div>
   <div class='ocr_carea' id='block_1_2' title="bbox 324 643 1639 4046">
    <p class='ocr_par' dir='ltr' id='par_1_2' title="bbox 407 643 1638 833">
     <span class='ocr_line' id='line_1_2' title="bbox 407 643 1638 723; baseline -0.002 -15"><span class='ocrx_word' id='word_1_5' title='bbox 407 645 676 721; x_wconf 67' lang='lat' dir='ltr'>transmarinas</span> <span class='ocrx_word' id='word_1_6' title='bbox 699 644 736 707; x_wconf 89' lang='lat' dir='ltr'>P.</span> <span class='ocrx_word' id='word_1_7' title='bbox 763 643 941 723; x_wconf 86' lang='lat' dir='ltr'>ignatium</span> <span class='ocrx_word' id='word_1_8' title='bbox 967 644 1153 721; x_wconf 90' lang='lat' dir='ltr'>consuluit,</span> <span class='ocrx_word' id='word_1_9' title='bbox 1178 653 1212 706; x_wconf 90' lang='lat' dir='ltr'>et</span> <span class='ocrx_word' id='word_1_10' title='bbox 1228 644 1285 707; x_wconf 90' lang='lat' dir='ltr'>ille</span> <span class='ocrx_word' id='word_1_11' title='bbox 1299 644 1493 723; x_wconf 89' lang='lat' dir='ltr'>pleniorem</span> <span class='ocrx_word' id='word_1_12' title='bbox 1509 643 1555 705; x_wconf 91' lang='lat' dir='ltr'>ad</span> <span class='ocrx_word' id='word_1_13' title='bbox 1569 643 1638 705; x_wconf 88' lang='lat' dir='ltr'>hoc</span> 
     </span>
     <span class='ocr_line' id='line_1_3' title="bbox 408 750 1173 833; baseline -0.001 -18"><span class='ocrx_word' id='word_1_14' title='bbox 408 761 443 815; x_wconf 90' lang='lat' dir='ltr'>et</span> <span class='ocrx_word' id='word_1_15' title='bbox 458 752 717 833; x_wconf 86' lang='lat' dir='ltr'>expressiorem</span> <span class='ocrx_word' id='word_1_16' title='bbox 733 752 939 814; x_wconf 82' lang='lat' dir='ltr'>facultatem</span> <span class='ocrx_word' id='word_1_17' title='bbox 954 752 1022 831; x_wconf 87' lang='lat' dir='ltr'>ipsi</span> <span class='ocrx_word' id='word_1_18' title='bbox 1036 750 1133 815; x_wconf 81' lang='lat' dir='ltr'>dedit</span> <span class='ocrx_word' id='word_1_19' title='bbox 1151 750 1173 814; x_wconf 87' lang='lat'>¹.</span> 
     </span>
    </p>

    <p class='ocr_par' dir='ltr' id='par_1_3' title="bbox 402 856 1639 1993">
     <span class='ocr_line' id='line_1_4' title="bbox 451 856 1639 923; baseline -0.003 -1"><span class='ocrx_word' id='word_1_20' title='bbox 451 858 538 923; x_wconf 76' lang='lat'>1480.</span> <span class='ocrx_word' id='word_1_21' title='bbox 582 858 686 923; x_wconf 91' lang='lat' dir='ltr'>Circa</span> <span class='ocrx_word' id='word_1_22' title='bbox 716 860 809 921; x_wconf 73' lang='lat'>12.³¹²²</span> <span class='ocrx_word' id='word_1_23' title='bbox 829 860 922 921; x_wconf 91' lang='lat' dir='ltr'>diem</span> <span class='ocrx_word' id='word_1_24' title='bbox 944 858 1130 922; x_wconf 84' lang='lat' dir='ltr'>Februarii</span> <span class='ocrx_word' id='word_1_25' title='bbox 1150 857 1346 922; x_wconf 86' lang='lat' dir='ltr'>Montillam</span> <span class='ocrx_word' id='word_1_26' title='bbox 1366 856 1403 922; x_wconf 90' lang='lat' dir='ltr'>P.</span> <span class='ocrx_word' id='word_1_27' title='bbox 1422 857 1639 920; x_wconf 89' lang='lat' dir='ltr'>Franciscus</span> 
     </span>
     <span class='ocr_line' id='line_1_5' title="bbox 406 962 1637 1045; baseline -0.002 -16"><span class='ocrx_word' id='word_1_28' title='bbox 406 968 516 1045; x_wconf 88' lang='lat' dir='ltr'>venit,</span> <span class='ocrx_word' id='word_1_29' title='bbox 534 974 664 1030; x_wconf 89' lang='lat' dir='ltr'>etcum</span> <span class='ocrx_word' id='word_1_30' title='bbox 679 965 938 1029; x_wconf 88' lang='lat' dir='ltr'>Marchionissa</span> <span class='ocrx_word' id='word_1_31' title='bbox 955 962 966 995; x_wconf 88' lang='lat'>¹</span> <span class='ocrx_word' id='word_1_32' title='bbox 983 982 1053 1028; x_wconf 91' lang='lat' dir='ltr'>non</span> <span class='ocrx_word' id='word_1_33' title='bbox 1073 982 1188 1045; x_wconf 91' lang='lat' dir='ltr'>pauca</span> <span class='ocrx_word' id='word_1_34' title='bbox 1207 965 1252 1028; x_wconf 88' lang='lat' dir='ltr'>de</span> <span class='ocrx_word' id='word_1_35' title='bbox 1267 964 1323 1027; x_wconf 92' lang='lat' dir='ltr'>his</span> <span class='ocrx_word' id='word_1_36' title='bbox 1342 964 1524 1040; x_wconf 88' lang='lat' dir='ltr'>tractavit,</span> <span class='ocrx_word' id='word_1_37' title='bbox 1546 982 1637 1045; x_wconf 90' lang='lat' dir='ltr'>quae</span> 
     </span>
     <span class='ocr_line' id='line_1_6' title="bbox 406 1070 1636 1152; baseline -0.001 -17"><span class='ocrx_word' id='word_1_38' title='bbox 406 1073 452 1136; x_wconf 92' lang='lat' dir='ltr'>ad</span> <span class='ocrx_word' id='word_1_39' title='bbox 467 1075 596 1137; x_wconf 89' lang='lat' dir='ltr'>bonam</span> <span class='ocrx_word' id='word_1_40' title='bbox 612 1071 754 1137; x_wconf 90' lang='lat' dir='ltr'>ditionis</span> <span class='ocrx_word' id='word_1_41' title='bbox 774 1070 849 1152; x_wconf 87' lang='lat' dir='ltr'>ejus</span> <span class='ocrx_word' id='word_1_42' title='bbox 869 1072 1161 1150; x_wconf 80' lang='lat' dir='ltr'>gubernationem</span> <span class='ocrx_word' id='word_1_43' title='bbox 1187 1071 1421 1152; x_wconf 86' lang='lat' dir='ltr'>pertinebant;</span> <span class='ocrx_word' id='word_1_44' title='bbox 1439 1081 1474 1134; x_wconf 90' lang='lat' dir='ltr'>et</span> <span class='ocrx_word' id='word_1_45' title='bbox 1496 1080 1636 1151; x_wconf 91' lang='lat' dir='ltr'>praeter</span> 
     </span>
     <span class='ocr_line' id='line_1_7' title="bbox 406 1176 1636 1261; baseline -0.002 -17"><span class='ocrx_word' id='word_1_46' title='bbox 406 1179 493 1244; x_wconf 90' lang='lat' dir='ltr'>duos</span> <span class='ocrx_word' id='word_1_47' title='bbox 506 1178 741 1261; x_wconf 65' lang='lat' dir='ltr'>jurisperitos</span> <span class='ocrx_word' id='word_1_48' title='bbox 759 1196 847 1259; x_wconf 92' lang='lat' dir='ltr'>quos</span> <span class='ocrx_word' id='word_1_49' title='bbox 859 1178 933 1258; x_wconf 87' lang='lat' dir='ltr'>jam</span> <span class='ocrx_word' id='word_1_50' title='bbox 958 1178 1122 1256; x_wconf 88' lang='lat' dir='ltr'>habebat,</span> <span class='ocrx_word' id='word_1_51' title='bbox 1139 1180 1248 1242; x_wconf 91' lang='lat' dir='ltr'>alium</span> <span class='ocrx_word' id='word_1_52' title='bbox 1267 1187 1306 1241; x_wconf 92' lang='lat' dir='ltr'>ut</span> <span class='ocrx_word' id='word_1_53' title='bbox 1327 1178 1530 1259; x_wconf 84' lang='lat' dir='ltr'>designaret</span> <span class='ocrx_word' id='word_1_54' title='bbox 1543 1176 1636 1241; x_wconf 90' lang='lat' dir='ltr'>Mar·</span> 
     </span>
     <span class='ocr_line' id='line_1_8' title="bbox 406 1286 1635 1367; baseline -0.001 -18"><span class='ocrx_word' id='word_1_55' title='bbox 406 1286 608 1351; x_wconf 89' lang='lat' dir='ltr'>chionissae</span> <span class='ocrx_word' id='word_1_56' title='bbox 628 1286 815 1367; x_wconf 85' lang='lat' dir='ltr'>persuasit,</span> <span class='ocrx_word' id='word_1_57' title='bbox 832 1287 949 1349; x_wconf 86' lang='lat' dir='ltr'>virum</span> <span class='ocrx_word' id='word_1_58' title='bbox 965 1286 1162 1349; x_wconf 86' lang='lat' dir='ltr'>eruditione</span> <span class='ocrx_word' id='word_1_59' title='bbox 1177 1296 1212 1349; x_wconf 90' lang='lat' dir='ltr'>et</span> <span class='ocrx_word' id='word_1_60' title='bbox 1232 1286 1435 1367; x_wconf 87' lang='lat' dir='ltr'>integritate</span> <span class='ocrx_word' id='word_1_61' title='bbox 1454 1295 1635 1366; x_wconf 87' lang='lat' dir='ltr'>praestan·</span> 
     </span>
     <span class='ocr_line' id='line_1_9' title="bbox 404 1392 1636 1473; baseline -0.002 -16"><span class='ocrx_word' id='word_1_62' title='bbox 404 1403 486 1472; x_wconf 90' lang='lat' dir='ltr'>tem,</span> <span class='ocrx_word' id='word_1_63' title='bbox 502 1395 547 1457; x_wconf 93' lang='lat' dir='ltr'>ad</span> <span class='ocrx_word' id='word_1_64' title='bbox 559 1392 823 1457; x_wconf 87' lang='lat' dir='ltr'>exonerandam</span> <span class='ocrx_word' id='word_1_65' title='bbox 836 1392 1118 1457; x_wconf 86' lang='lat' dir='ltr'>Marchionissae</span> <span class='ocrx_word' id='word_1_66' title='bbox 1130 1394 1398 1471; x_wconf 70' lang='lat' dir='ltr'>conscientiam,</span> <span class='ocrx_word' id='word_1_67' title='bbox 1410 1412 1493 1457; x_wconf 90' lang='lat' dir='ltr'>nam</span> <span class='ocrx_word' id='word_1_68' title='bbox 1505 1394 1564 1473; x_wconf 91' lang='lat' dir='ltr'>qui</span> <span class='ocrx_word' id='word_1_69' title='bbox 1575 1394 1636 1455; x_wconf 91' lang='lat' dir='ltr'>ali·</span> 
     </span>
     <span class='ocr_line' id='line_1_10' title="bbox 404 1499 1636 1582; baseline -0.002 -19"><span class='ocrx_word' id='word_1_70' title='bbox 404 1499 488 1582; x_wconf 92' lang='lat' dir='ltr'>quid</span> <span class='ocrx_word' id='word_1_71' title='bbox 503 1500 651 1581; x_wconf 89' lang='lat' dir='ltr'>injuriae</span> <span class='ocrx_word' id='word_1_72' title='bbox 676 1502 734 1563; x_wconf 90' lang='lat' dir='ltr'>vel</span> <span class='ocrx_word' id='word_1_73' title='bbox 754 1501 872 1563; x_wconf 92' lang='lat' dir='ltr'>damni</span> <span class='ocrx_word' id='word_1_74' title='bbox 899 1502 1137 1580; x_wconf 87' lang='lat' dir='ltr'>patiebantur,</span> <span class='ocrx_word' id='word_1_75' title='bbox 1165 1519 1227 1582; x_wconf 85' lang='lat' dir='ltr'>per</span> <span class='ocrx_word' id='word_1_76' title='bbox 1244 1502 1310 1564; x_wconf 89' lang='lat' dir='ltr'>hos</span> <span class='ocrx_word' id='word_1_77' title='bbox 1329 1500 1509 1565; x_wconf 88' lang='lat' dir='ltr'>ministros</span> <span class='ocrx_word' id='word_1_78' title='bbox 1529 1500 1636 1580; x_wconf 93' lang='lat' dir='ltr'>impe-</span> 
     </span>
     <span class='ocr_line' id='line_1_11' title="bbox 402 1606 1635 1687; baseline -0.002 -16"><span class='ocrx_word' id='word_1_79' title='bbox 402 1619 498 1671; x_wconf 86' lang='lat' dir='ltr'>trare</span> <span class='ocrx_word' id='word_1_80' title='bbox 514 1608 617 1671; x_wconf 79' lang='lat' dir='ltr'>facile</span> <span class='ocrx_word' id='word_1_81' title='bbox 633 1618 796 1687; x_wconf 88' lang='lat' dir='ltr'>poterant</span> <span class='ocrx_word' id='word_1_82' title='bbox 812 1620 849 1671; x_wconf 92' lang='lat' dir='ltr'>ut</span> <span class='ocrx_word' id='word_1_83' title='bbox 866 1608 928 1683; x_wconf 79' lang='lat' dir='ltr'>eiS,</span> <span class='ocrx_word' id='word_1_84' title='bbox 946 1617 1050 1687; x_wconf 91' lang='lat' dir='ltr'>prout</span> <span class='ocrx_word' id='word_1_85' title='bbox 1065 1610 1157 1671; x_wconf 90' lang='lat' dir='ltr'>ratio</span> <span class='ocrx_word' id='word_1_86' title='bbox 1174 1609 1343 1686; x_wconf 90' lang='lat' dir='ltr'>dictabat,</span> <span class='ocrx_word' id='word_1_87' title='bbox 1361 1606 1559 1671; x_wconf 88' lang='lat' dir='ltr'>satisfieret.</span> <span class='ocrx_word' id='word_1_88' title='bbox 1575 1606 1635 1669; x_wconf 92' lang='lat' dir='ltr'>Ad</span> 
     </span>
     <span class='ocr_line' id='line_1_12' title="bbox 402 1714 1634 1795; baseline 0 -18"><span class='ocrx_word' id='word_1_89' title='bbox 402 1716 618 1779; x_wconf 84' lang='lat' dir='ltr'>visitandam</span> <span class='ocrx_word' id='word_1_90' title='bbox 635 1716 740 1777; x_wconf 86' lang='lat' dir='ltr'>etiam</span> <span class='ocrx_word' id='word_1_91' title='bbox 755 1732 857 1777; x_wconf 87' lang='lat' dir='ltr'>suam</span> <span class='ocrx_word' id='word_1_92' title='bbox 873 1714 1042 1778; x_wconf 91' lang='lat' dir='ltr'>ditionem</span> <span class='ocrx_word' id='word_1_93' title='bbox 1056 1716 1244 1795; x_wconf 92' lang='lat' dir='ltr'>quemdam</span> <span class='ocrx_word' id='word_1_94' title='bbox 1256 1716 1364 1779; x_wconf 87' lang='lat' dir='ltr'>alium</span> <span class='ocrx_word' id='word_1_95' title='bbox 1375 1714 1634 1778; x_wconf 87' lang='lat' dir='ltr'>Marchionissa</span> 
     </span>
     <span class='ocr_line' id='line_1_13' title="bbox 403 1819 1634 1903; baseline -0.003 -16"><span class='ocrx_word' id='word_1_96' title='bbox 403 1824 509 1901; x_wconf 89' lang='lat' dir='ltr'>misit,</span> <span class='ocrx_word' id='word_1_97' title='bbox 528 1832 565 1886; x_wconf 93' lang='lat' dir='ltr'>ut</span> <span class='ocrx_word' id='word_1_98' title='bbox 586 1840 628 1885; x_wconf 89' lang='lat' dir='ltr'>eo</span> <span class='ocrx_word' id='word_1_99' title='bbox 647 1821 855 1900; x_wconf 85' lang='lat' dir='ltr'>fungeretur</span> <span class='ocrx_word' id='word_1_100' title='bbox 877 1821 1003 1900; x_wconf 87' lang='lat' dir='ltr'>officio,</span> <span class='ocrx_word' id='word_1_101' title='bbox 1026 1840 1095 1902; x_wconf 90' lang='lat' dir='ltr'>quo</span> <span class='ocrx_word' id='word_1_102' title='bbox 1116 1823 1195 1902; x_wconf 89' lang='lat' dir='ltr'>ipsa</span> <span class='ocrx_word' id='word_1_103' title='bbox 1215 1833 1253 1885; x_wconf 93' lang='lat' dir='ltr'>ut</span> <span class='ocrx_word' id='word_1_104' title='bbox 1273 1823 1438 1903; x_wconf 89' lang='lat' dir='ltr'>princeps</span> <span class='ocrx_word' id='word_1_105' title='bbox 1456 1820 1557 1901; x_wconf 84' lang='lat' dir='ltr'>iungi</span> <span class='ocrx_word' id='word_1_106' title='bbox 1576 1819 1634 1883; x_wconf 92' lang='lat' dir='ltr'>de·</span> 
     </span>
     <span class='ocr_line' id='line_1_14' title="bbox 402 1931 518 1993; baseline -0.026 0"><span class='ocrx_word' id='word_1_107' title='bbox 402 1931 518 1993; x_wconf 89' lang='lat' dir='ltr'>bebat.</span> 
     </span>
    </p>

    <p class='ocr_par' dir='ltr' id='par_1_4' title="bbox 324 2034 1633 2866">
     <span class='ocr_line' id='line_1_15' title="bbox 445 2034 1633 2115; baseline -0.003 -15"><span class='ocrx_word' id='word_1_108' title='bbox 445 2034 531 2100; x_wconf 76' lang='lat'>1481.</span> <span class='ocrx_word' id='word_1_109' title='bbox 575 2036 640 2100; x_wconf 90' lang='lat' dir='ltr'>His</span> <span class='ocrx_word' id='word_1_110' title='bbox 656 2046 773 2099; x_wconf 89' lang='lat' dir='ltr'>autem</span> <span class='ocrx_word' id='word_1_111' title='bbox 784 2037 987 2115; x_wconf 89' lang='lat' dir='ltr'>transactis,</span> <span class='ocrx_word' id='word_1_112' title='bbox 1001 2038 1115 2099; x_wconf 90' lang='lat' dir='ltr'>voluit</span> <span class='ocrx_word' id='word_1_113' title='bbox 1130 2036 1245 2099; x_wconf 91' lang='lat' dir='ltr'>eidem</span> <span class='ocrx_word' id='word_1_114' title='bbox 1267 2034 1304 2099; x_wconf 89' lang='lat' dir='ltr'>P.</span> <span class='ocrx_word' id='word_1_115' title='bbox 1326 2036 1521 2099; x_wconf 88' lang='lat' dir='ltr'>Francisco</span> <span class='ocrx_word' id='word_1_116' title='bbox 1541 2034 1633 2097; x_wconf 91' lang='lat' dir='ltr'>Mar-</span> 
     </span>
     <span class='ocr_line' id='line_1_16' title="bbox 401 2141 1633 2223; baseline -0.001 -18"><span class='ocrx_word' id='word_1_117' title='bbox 401 2144 580 2206; x_wconf 87' lang='lat' dir='ltr'>chionissa</span> <span class='ocrx_word' id='word_1_118' title='bbox 601 2142 770 2217; x_wconf 88' lang='lat' dir='ltr'>confiteri;</span> <span class='ocrx_word' id='word_1_119' title='bbox 793 2160 836 2207; x_wconf 91' lang='lat' dir='ltr'>ac</span> <span class='ocrx_word' id='word_1_120' title='bbox 857 2143 983 2207; x_wconf 92' lang='lat' dir='ltr'>deinde</span> <span class='ocrx_word' id='word_1_121' title='bbox 1003 2143 1197 2223; x_wconf 88' lang='lat' dir='ltr'>postulavit</span> <span class='ocrx_word' id='word_1_122' title='bbox 1217 2144 1261 2207; x_wconf 89' lang='lat' dir='ltr'>ab</span> <span class='ocrx_word' id='word_1_123' title='bbox 1283 2141 1406 2206; x_wconf 92' lang='lat' dir='ltr'>eodem</span> <span class='ocrx_word' id='word_1_124' title='bbox 1426 2142 1530 2205; x_wconf 90' lang='lat' dir='ltr'>Patre</span> <span class='ocrx_word' id='word_1_125' title='bbox 1551 2159 1633 2205; x_wconf 89' lang='lat' dir='ltr'>con·</span> 
     </span>
     <span class='ocr_line' id='line_1_17' title="bbox 324 2246 1631 2333; baseline 0 -22"><span class='ocrx_word' id='word_1_126' title='bbox 324 2264 326 2267; x_wconf 85' lang='lat'>·</span> <span class='ocrx_word' id='word_1_127' title='bbox 402 2249 589 2313; x_wconf 86' lang='lat' dir='ltr'>fessarium</span> <span class='ocrx_word' id='word_1_128' title='bbox 605 2251 805 2331; x_wconf 88' lang='lat' dir='ltr'>quemdam,</span> <span class='ocrx_word' id='word_1_129' title='bbox 822 2260 857 2313; x_wconf 88' lang='lat' dir='ltr'>et</span> <span class='ocrx_word' id='word_1_130' title='bbox 868 2249 1068 2328; x_wconf 85' lang='lat' dir='ltr'>assignavit</span> <span class='ocrx_word' id='word_1_131' title='bbox 1083 2249 1188 2312; x_wconf 57' lang='grc' dir='ltr'>ΒΜ</span> <span class='ocrx_word' id='word_1_132' title='bbox 1201 2249 1376 2333; x_wconf 90' lang='lat' dir='ltr'>Joannem</span> <span class='ocrx_word' id='word_1_133' title='bbox 1387 2249 1473 2313; x_wconf 89' lang='lat' dir='ltr'>dela</span> <span class='ocrx_word' id='word_1_134' title='bbox 1485 2247 1591 2312; x_wconf 91' lang='lat' dir='ltr'>Plaza</span> <span class='ocrx_word' id='word_1_135' title='bbox 1607 2246 1631 2311; x_wconf 85' lang='lat'>¹.</span> 
     </span>
     <span class='ocr_line' id='line_1_18' title="bbox 401 2355 1631 2437; baseline -0.002 -18"><span class='ocrx_word' id='word_1_136' title='bbox 401 2355 502 2419; x_wconf 93' lang='lat' dir='ltr'>Duos</span> <span class='ocrx_word' id='word_1_137' title='bbox 517 2358 622 2420; x_wconf 87' lang='lat' dir='ltr'>etiam</span> <span class='ocrx_word' id='word_1_138' title='bbox 639 2357 788 2437; x_wconf 89' lang='lat' dir='ltr'>relinqui</span> <span class='ocrx_word' id='word_1_139' title='bbox 810 2358 921 2419; x_wconf 92' lang='lat' dir='ltr'>voluit</span> <span class='ocrx_word' id='word_1_140' title='bbox 936 2356 1061 2420; x_wconf 91' lang='lat' dir='ltr'>eadem</span> <span class='ocrx_word' id='word_1_141' title='bbox 1085 2357 1358 2435; x_wconf 90' lang='lat' dir='ltr'>Marchionissa,</span> <span class='ocrx_word' id='word_1_142' title='bbox 1380 2357 1440 2436; x_wconf 93' lang='lat' dir='ltr'>qui</span> <span class='ocrx_word' id='word_1_143' title='bbox 1455 2357 1573 2435; x_wconf 86' lang='lat' dir='ltr'>legere</span> <span class='ocrx_word' id='word_1_144' title='bbox 1588 2371 1631 2418; x_wconf 90' lang='lat' dir='ltr'>ac</span> 
     </span>
     <span class='ocr_line' id='line_1_19' title="bbox 400 2460 1631 2544; baseline -0.002 -17"><span class='ocrx_word' id='word_1_145' title='bbox 400 2464 556 2527; x_wconf 88' lang='lat' dir='ltr'>scribere</span> <span class='ocrx_word' id='word_1_146' title='bbox 571 2474 605 2527; x_wconf 92' lang='lat' dir='ltr'>et</span> <span class='ocrx_word' id='word_1_147' title='bbox 621 2464 851 2527; x_wconf 88' lang='lat' dir='ltr'>christianam</span> <span class='ocrx_word' id='word_1_148' title='bbox 877 2464 1078 2527; x_wconf 90' lang='lat' dir='ltr'>doctrinam</span> <span class='ocrx_word' id='word_1_149' title='bbox 1093 2464 1262 2543; x_wconf 92' lang='lat' dir='ltr'>populum</span> <span class='ocrx_word' id='word_1_150' title='bbox 1277 2474 1311 2526; x_wconf 89' lang='lat' dir='ltr'>et</span> <span class='ocrx_word' id='word_1_151' title='bbox 1332 2480 1463 2544; x_wconf 91' lang='lat' dir='ltr'>pueros</span> <span class='ocrx_word' id='word_1_152' title='bbox 1476 2460 1552 2542; x_wconf 85' lang='lat' dir='ltr'>ejus</span> <span class='ocrx_word' id='word_1_153' title='bbox 1571 2462 1631 2525; x_wconf 94' lang='lat' dir='ltr'>do·</span> 
     </span>
     <span class='ocr_line' id='line_1_20' title="bbox 372 2570 1630 2652; baseline -0.002 -18"><span class='ocrx_word' id='word_1_154' title='bbox 372 2646 374 2652; x_wconf 22' lang='grc' dir='ltr'>Ι</span> <span class='ocrx_word' id='word_1_155' title='bbox 400 2580 531 2635; x_wconf 88' lang='lat' dir='ltr'>cerent.</span> <span class='ocrx_word' id='word_1_156' title='bbox 545 2570 625 2652; x_wconf 91' lang='lat' dir='ltr'>Ipsa</span> <span class='ocrx_word' id='word_1_157' title='bbox 639 2589 724 2634; x_wconf 89' lang='lat' dir='ltr'>vero</span> <span class='ocrx_word' id='word_1_158' title='bbox 739 2588 821 2634; x_wconf 90' lang='lat' dir='ltr'>cum</span> <span class='ocrx_word' id='word_1_159' title='bbox 836 2571 917 2634; x_wconf 80' lang='lat' dir='ltr'>D.¹¹²</span> <span class='ocrx_word' id='word_1_160' title='bbox 940 2571 1121 2649; x_wconf 90' lang='lat' dir='ltr'>Theresia,</span> <span class='ocrx_word' id='word_1_161' title='bbox 1133 2587 1269 2647; x_wconf 91' lang='lat' dir='ltr'>sorore,</span> <span class='ocrx_word' id='word_1_162' title='bbox 1283 2570 1508 2633; x_wconf 86' lang='lat' dir='ltr'>donationem</span> <span class='ocrx_word' id='word_1_163' title='bbox 1520 2570 1630 2643; x_wconf 91' lang='lat' dir='ltr'>illam,</span> 
     </span>
     <span class='ocr_line' id='line_1_21' title="bbox 399 2675 1631 2760; baseline -0.001 -20"><span class='ocrx_word' id='word_1_164' title='bbox 399 2676 442 2742; x_wconf 90' lang='lat' dir='ltr'>de</span> <span class='ocrx_word' id='word_1_165' title='bbox 458 2696 527 2759; x_wconf 89' lang='lat' dir='ltr'>qua</span> <span class='ocrx_word' id='word_1_166' title='bbox 543 2681 648 2760; x_wconf 87' lang='lat' dir='ltr'>paulo</span> <span class='ocrx_word' id='word_1_167' title='bbox 664 2686 745 2742; x_wconf 87' lang='lat' dir='ltr'>ante</span> <span class='ocrx_word' id='word_1_168' title='bbox 761 2678 985 2742; x_wconf 89' lang='lat' dir='ltr'>meminimus</span> <span class='ocrx_word' id='word_1_169' title='bbox 999 2675 1022 2756; x_wconf 76' lang='lat'>⁴,</span> <span class='ocrx_word' id='word_1_170' title='bbox 1040 2678 1134 2742; x_wconf 84' lang='lat' dir='ltr'>iecit.</span> <span class='ocrx_word' id='word_1_171' title='bbox 1151 2676 1197 2742; x_wconf 90' lang='lat' dir='ltr'>Et</span> <span class='ocrx_word' id='word_1_172' title='bbox 1212 2680 1279 2742; x_wconf 88' lang='lat' dir='ltr'>hoc</span> <span class='ocrx_word' id='word_1_173' title='bbox 1296 2677 1418 2741; x_wconf 92' lang='lat' dir='ltr'>habuit</span> <span class='ocrx_word' id='word_1_174' title='bbox 1438 2677 1551 2741; x_wconf 87' lang='lat' dir='ltr'>debile</span> <span class='ocrx_word' id='word_1_175' title='bbox 1567 2676 1631 2740; x_wconf 90' lang='lat' dir='ltr'>ini·</span> 
     </span>
     <span class='ocr_line' id='line_1_22' title="bbox 399 2784 946 2866; baseline -0.002 -18"><span class='ocrx_word' id='word_1_176' title='bbox 399 2787 486 2850; x_wconf 88' lang='lat' dir='ltr'>tium</span> <span class='ocrx_word' id='word_1_177' title='bbox 501 2787 698 2866; x_wconf 89' lang='lat' dir='ltr'>Collegium</span> <span class='ocrx_word' id='word_1_178' title='bbox 713 2784 946 2849; x_wconf 85' lang='lat' dir='ltr'>Montillense.</span> 
     </span>
    </p>

    <p class='ocr_par' dir='ltr' id='par_1_5' title="bbox 398 2891 1630 3295">
     <span class='ocr_line' id='line_1_23' title="bbox 442 2891 1630 2974; baseline -0.002 -18"><span class='ocrx_word' id='word_1_179' title='bbox 442 2893 530 2956; x_wconf 80' lang='lat'>1482.</span> <span class='ocrx_word' id='word_1_180' title='bbox 574 2892 728 2957; x_wconf 87' lang='lat' dir='ltr'>Ducissa</span> <span class='ocrx_word' id='word_1_181' title='bbox 741 2894 783 2958; x_wconf 88' lang='lat' dir='ltr'>de</span> <span class='ocrx_word' id='word_1_182' title='bbox 796 2893 923 2971; x_wconf 77' lang='lat' dir='ltr'>ArcoS,</span> <span class='ocrx_word' id='word_1_183' title='bbox 938 2893 1014 2974; x_wconf 89' lang='lat' dir='ltr'>ejus</span> <span class='ocrx_word' id='word_1_184' title='bbox 1024 2893 1096 2958; x_wconf 91' lang='lat' dir='ltr'>filia</span> <span class='ocrx_word' id='word_1_185' title='bbox 1110 2891 1133 2972; x_wconf 79' lang='lat'>³,</span> <span class='ocrx_word' id='word_1_186' title='bbox 1146 2894 1248 2957; x_wconf 91' lang='lat' dir='ltr'>simul</span> <span class='ocrx_word' id='word_1_187' title='bbox 1259 2911 1340 2956; x_wconf 91' lang='lat' dir='ltr'>cum</span> <span class='ocrx_word' id='word_1_188' title='bbox 1353 2901 1465 2956; x_wconf 91' lang='lat' dir='ltr'>matre</span> <span class='ocrx_word' id='word_1_189' title='bbox 1474 2891 1630 2956; x_wconf 90' lang='lat' dir='ltr'>Sanctis·</span> 
     </span>
     <span class='ocr_line' id='line_1_24' title="bbox 398 2999 1628 3080; baseline -0.002 -17"><span class='ocrx_word' id='word_1_190' title='bbox 398 2999 525 3063; x_wconf 87' lang='lat' dir='ltr'>simam</span> <span class='ocrx_word' id='word_1_191' title='bbox 539 3001 801 3065; x_wconf 88' lang='lat' dir='ltr'>Eucharistiam</span> <span class='ocrx_word' id='word_1_192' title='bbox 816 3017 897 3064; x_wconf 86' lang='lat' dir='ltr'>cum</span> <span class='ocrx_word' id='word_1_193' title='bbox 913 3017 1044 3080; x_wconf 87' lang='lat' dir='ltr'>magna</span> <span class='ocrx_word' id='word_1_194' title='bbox 1061 3002 1302 3064; x_wconf 90' lang='lat' dir='ltr'>consolatione</span> <span class='ocrx_word' id='word_1_195' title='bbox 1323 3001 1471 3080; x_wconf 83' lang='lat' dir='ltr'>accepit,</span> <span class='ocrx_word' id='word_1_196' title='bbox 1495 3009 1531 3061; x_wconf 92' lang='lat' dir='ltr'>et</span> <span class='ocrx_word' id='word_1_197' title='bbox 1546 3009 1628 3079; x_wconf 91' lang='lat' dir='ltr'>post</span> 
     </span>
     <span class='ocr_line' id='line_1_25' title="bbox 399 3105 1630 3186; baseline -0.002 -16"><span class='ocrx_word' id='word_1_198' title='bbox 399 3108 538 3172; x_wconf 86' lang='lat' dir='ltr'>Pascha</span> <span class='ocrx_word' id='word_1_199' title='bbox 553 3109 810 3172; x_wconf 85' lang='lat' dir='ltr'>constituerunt</span> <span class='ocrx_word' id='word_1_200' title='bbox 826 3119 864 3171; x_wconf 91' lang='lat' dir='ltr'>ut</span> <span class='ocrx_word' id='word_1_201' title='bbox 884 3109 997 3171; x_wconf 89' lang='lat' dir='ltr'>nostri</span> <span class='ocrx_word' id='word_1_202' title='bbox 1021 3108 1219 3172; x_wconf 89' lang='lat' dir='ltr'>Montillam</span> <span class='ocrx_word' id='word_1_203' title='bbox 1238 3109 1412 3184; x_wconf 87' lang='lat' dir='ltr'>venirent,</span> <span class='ocrx_word' id='word_1_204' title='bbox 1436 3107 1480 3168; x_wconf 90' lang='lat' dir='ltr'>de</span> <span class='ocrx_word' id='word_1_205' title='bbox 1502 3105 1630 3186; x_wconf 89' lang='lat' dir='ltr'>quibus</span> 
     </span>
     <span class='ocr_line' id='line_1_26' title="bbox 399 3214 1464 3295; baseline 0.001 -18"><span class='ocrx_word' id='word_1_206' title='bbox 399 3216 474 3295; x_wconf 89' lang='lat' dir='ltr'>ipsa</span> <span class='ocrx_word' id='word_1_207' title='bbox 490 3215 750 3278; x_wconf 89' lang='lat' dir='ltr'>Marchionissa</span> <span class='ocrx_word' id='word_1_208' title='bbox 766 3215 966 3294; x_wconf 87' lang='lat' dir='ltr'>spiritualia</span> <span class='ocrx_word' id='word_1_209' title='bbox 980 3214 1151 3278; x_wconf 84' lang='lat' dir='ltr'>exercitia</span> <span class='ocrx_word' id='word_1_210' title='bbox 1167 3225 1245 3278; x_wconf 90' lang='lat' dir='ltr'>erat</span> <span class='ocrx_word' id='word_1_211' title='bbox 1261 3224 1464 3295; x_wconf 87' lang='lat' dir='ltr'>acceptura.</span> 
     </span>
    </p>

    <p class='ocr_par' dir='ltr' id='par_1_6' title="bbox 395 3304 1629 4046">
     <span class='ocr_line' id='line_1_27' title="bbox 460 3304 1629 3404; baseline 0 -19"><span class='ocrx_word' id='word_1_212' title='bbox 460 3321 547 3386; x_wconf 81' lang='lat'>1483.</span> <span class='ocrx_word' id='word_1_213' title='bbox 593 3321 758 3385; x_wconf 77' lang='lat' dir='ltr'>Pervenit</span> <span class='ocrx_word' id='word_1_214' title='bbox 780 3321 985 3385; x_wconf 78' lang='lat' dir='ltr'>cordubam</span> <span class='ocrx_word' id='word_1_215' title='bbox 1002 3321 1074 3385; x_wconf 72' lang='lat' dir='ltr'>21.a</span> <span class='ocrx_word' id='word_1_216' title='bbox 1092 3321 1280 3385; x_wconf 75' lang='lat' dir='ltr'>Februarii</span> <span class='ocrx_word' id='word_1_217' title='bbox 1304 3331 1338 3385; x_wconf 85' lang='lat' dir='ltr'>et</span> <span class='ocrx_word' id='word_1_218' title='bbox 1362 3339 1489 3386; x_wconf 76' lang='lat' dir='ltr'>curare</span> <span class='ocrx_word' id='word_1_219' title='bbox 1511 3304 1629 3404; x_wconf 77' lang='lat' dir='ltr'>&#39;coepit</span> 
     </span>
     <span class='ocr_line' id='line_1_28' title="bbox 399 3429 1628 3510; baseline -0.001 -17"><span class='ocrx_word' id='word_1_220' title='bbox 399 3439 435 3493; x_wconf 89' lang='lat' dir='ltr'>ut</span> <span class='ocrx_word' id='word_1_221' title='bbox 450 3430 707 3493; x_wconf 90' lang='lat' dir='ltr'>dissensionem</span> <span class='ocrx_word' id='word_1_222' title='bbox 724 3447 766 3492; x_wconf 86' lang='lat' dir='ltr'>ac</span> <span class='ocrx_word' id='word_1_223' title='bbox 782 3429 890 3506; x_wconf 90' lang='lat' dir='ltr'>litem,</span> <span class='ocrx_word' id='word_1_224' title='bbox 908 3447 998 3510; x_wconf 87' lang='lat' dir='ltr'>quae</span> <span class='ocrx_word' id='word_1_225' title='bbox 1013 3439 1091 3493; x_wconf 90' lang='lat' dir='ltr'>erat</span> <span class='ocrx_word' id='word_1_226' title='bbox 1106 3430 1198 3492; x_wconf 91' lang='lat' dir='ltr'>inter</span> <span class='ocrx_word' id='word_1_227' title='bbox 1213 3429 1432 3509; x_wconf 90' lang='lat' dir='ltr'>Episcopum</span> <span class='ocrx_word' id='word_1_228' title='bbox 1452 3439 1486 3494; x_wconf 92' lang='lat' dir='ltr'>et</span> <span class='ocrx_word' id='word_1_229' title='bbox 1505 3431 1628 3494; x_wconf 86' lang='lat' dir='ltr'>civita·</span> 
     </span>
     <span class='ocr_line' id='line_1_29' title="bbox 397 3535 1626 3618; baseline 0.002 -20"><span class='ocrx_word' id='word_1_230' title='bbox 397 3549 467 3599; x_wconf 92' lang='lat' dir='ltr'>tem</span> <span class='ocrx_word' id='word_1_231' title='bbox 483 3535 750 3614; x_wconf 88' lang='lat' dir='ltr'>cordubensem,</span> <span class='ocrx_word' id='word_1_232' title='bbox 769 3537 959 3600; x_wconf 89' lang='lat' dir='ltr'>occasione</span> <span class='ocrx_word' id='word_1_233' title='bbox 972 3536 1176 3599; x_wconf 86' lang='lat' dir='ltr'>scholarum</span> <span class='ocrx_word' id='word_1_234' title='bbox 1194 3536 1334 3615; x_wconf 87' lang='lat' dir='ltr'>collegii</span> <span class='ocrx_word' id='word_1_235' title='bbox 1348 3537 1471 3616; x_wconf 91' lang='lat' dir='ltr'>nostri,</span> <span class='ocrx_word' id='word_1_236' title='bbox 1485 3554 1626 3618; x_wconf 89' lang='lat' dir='ltr'>compo·</span> 
     </span>
     <span class='ocr_line' id='line_1_30' title="bbox 396 3641 1627 3724; baseline 0 -18"><span class='ocrx_word' id='word_1_237' title='bbox 396 3653 495 3707; x_wconf 90' lang='lat' dir='ltr'>neret</span> <span class='ocrx_word' id='word_1_238' title='bbox 510 3641 534 3723; x_wconf 76' lang='lat'>⁶,</span> <span class='ocrx_word' id='word_1_239' title='bbox 551 3643 715 3724; x_wconf 88' lang='lat' dir='ltr'>quamvis</span> <span class='ocrx_word' id='word_1_240' title='bbox 730 3653 813 3706; x_wconf 91' lang='lat' dir='ltr'>tunc</span> <span class='ocrx_word' id='word_1_241' title='bbox 828 3660 900 3707; x_wconf 90' lang='lat' dir='ltr'>non</span> <span class='ocrx_word' id='word_1_242' title='bbox 916 3643 1040 3706; x_wconf 89' lang='lat' dir='ltr'>habuit</span> <span class='ocrx_word' id='word_1_243' title='bbox 1054 3643 1198 3723; x_wconf 92' lang='lat' dir='ltr'>plenum</span> <span class='ocrx_word' id='word_1_244' title='bbox 1215 3660 1421 3708; x_wconf 90' lang='lat' dir='ltr'>successum</span> <span class='ocrx_word' id='word_1_245' title='bbox 1439 3644 1529 3707; x_wconf 92' lang='lat' dir='ltr'>haec</span> <span class='ocrx_word' id='word_1_246' title='bbox 1550 3661 1627 3707; x_wconf 91' lang='lat' dir='ltr'>sen·</span> 
     </span>
     <span class='ocr_line' id='line_1_31' title="bbox 396 3748 1625 3830; baseline 0.001 -18"><span class='ocrx_word' id='word_1_247' title='bbox 396 3751 505 3813; x_wconf 90' lang='lat' dir='ltr'>tentia</span> <span class='ocrx_word' id='word_1_248' title='bbox 526 3751 649 3830; x_wconf 79' lang='lat' dir='ltr'>ipsiuS,</span> <span class='ocrx_word' id='word_1_249' title='bbox 672 3767 756 3813; x_wconf 92' lang='lat' dir='ltr'>nam</span> <span class='ocrx_word' id='word_1_250' title='bbox 779 3750 849 3814; x_wconf 51' lang='lat'>275</span> <span class='ocrx_word' id='word_1_251' title='bbox 875 3748 1033 3828; x_wconf 88' lang='lat' dir='ltr'>ejusdem</span> <span class='ocrx_word' id='word_1_252' title='bbox 1059 3750 1191 3813; x_wconf 90' lang='lat' dir='ltr'>mensis</span> <span class='ocrx_word' id='word_1_253' title='bbox 1213 3749 1431 3814; x_wconf 91' lang='lat' dir='ltr'>Placentiam</span> <span class='ocrx_word' id='word_1_254' title='bbox 1451 3750 1625 3828; x_wconf 83' lang='lat' dir='ltr'>discessit,</span> 
     </span>
     <span class='ocr_line' id='line_1_32' title="bbox 396 3855 1625 3937; baseline 0.005 -23"><span class='ocrx_word' id='word_1_255' title='bbox 396 3866 499 3934; x_wconf 81' lang='lat' dir='ltr'>prout</span> <span class='ocrx_word' id='word_1_256' title='bbox 514 3874 594 3920; x_wconf 93' lang='lat' dir='ltr'>cum</span> <span class='ocrx_word' id='word_1_257' title='bbox 610 3855 789 3937; x_wconf 87' lang='lat' dir='ltr'>Episcopo</span> <span class='ocrx_word' id='word_1_258' title='bbox 804 3855 1010 3920; x_wconf 87' lang='lat' dir='ltr'>Placentino</span> <span class='ocrx_word' id='word_1_259' title='bbox 1027 3857 1270 3919; x_wconf 90' lang='lat' dir='ltr'>constituerat.</span> <span class='ocrx_word' id='word_1_260' title='bbox 1290 3855 1392 3920; x_wconf 87' lang='lat' dir='ltr'>Prius</span> <span class='ocrx_word' id='word_1_261' title='bbox 1407 3868 1526 3920; x_wconf 88' lang='lat' dir='ltr'>tamen</span> <span class='ocrx_word' id='word_1_262' title='bbox 1541 3875 1625 3920; x_wconf 92' lang='lat' dir='ltr'>con-</span> 
     </span>
     <span class='ocr_line' id='line_1_33' title="bbox 395 3963 1628 4046; baseline 0.002 -20"><span class='ocrx_word' id='word_1_263' title='bbox 395 3963 506 4026; x_wconf 88' lang='lat' dir='ltr'>stituit</span> <span class='ocrx_word' id='word_1_264' title='bbox 521 3975 559 4026; x_wconf 92' lang='lat' dir='ltr'>ut</span> <span class='ocrx_word' id='word_1_265' title='bbox 574 3965 678 4026; x_wconf 91' lang='lat' dir='ltr'>lectio</span> <span class='ocrx_word' id='word_1_266' title='bbox 694 3981 841 4027; x_wconf 89' lang='lat' dir='ltr'>casuum</span> <span class='ocrx_word' id='word_1_267' title='bbox 856 3963 1094 4027; x_wconf 89' lang='lat' dir='ltr'>conscientiae</span> <span class='ocrx_word' id='word_1_268' title='bbox 1109 3966 1145 4026; x_wconf 92' lang='lat' dir='ltr'>in</span> <span class='ocrx_word' id='word_1_269' title='bbox 1167 3963 1354 4028; x_wconf 88' lang='lat' dir='ltr'>lectionem</span> <span class='ocrx_word' id='word_1_270' title='bbox 1374 3981 1501 4028; x_wconf 90' lang='lat' dir='ltr'>cursus</span> <span class='ocrx_word' id='word_1_271' title='bbox 1515 3965 1628 4046; x_wconf 89' lang='lat' dir='ltr'>philo·</span> 
     </span>
    </p>
   </div>
   <div class='ocr_carea' id='block_1_3' title="bbox 393 4167 1628 4796">
    <p class='ocr_par' dir='ltr' id='par_1_7' title="bbox 393 4167 1628 4296">
     <span class='ocr_line' id='line_1_34' title="bbox 434 4167 1628 4224; baseline -0.001 -13"><span class='ocrx_word' id='word_1_272' title='bbox 434 4170 443 4200; x_wconf 87' lang='lat'>¹</span> <span class='ocrx_word' id='word_1_273' title='bbox 473 4169 519 4213; x_wconf 85' lang='lat' dir='ltr'>His</span> <span class='ocrx_word' id='word_1_274' title='bbox 530 4169 687 4223; x_wconf 83' lang='lat' dir='ltr'>respondere</span> <span class='ocrx_word' id='word_1_275' title='bbox 698 4169 822 4212; x_wconf 86' lang='lat' dir='ltr'>videntur</span> <span class='ocrx_word' id='word_1_276' title='bbox 832 4177 952 4224; x_wconf 84' lang='lat' dir='ltr'>putentes</span> <span class='ocrx_word' id='word_1_277' title='bbox 962 4169 1078 4222; x_wconf 83' lang='lat' dir='ltr'>litterae,</span> <span class='ocrx_word' id='word_1_278' title='bbox 1089 4179 1153 4223; x_wconf 82' lang='lat' dir='ltr'>quas</span> <span class='ocrx_word' id='word_1_279' title='bbox 1164 4169 1246 4212; x_wconf 75' lang='lat' dir='ltr'>habes</span> <span class='ocrx_word' id='word_1_280' title='bbox 1255 4169 1281 4212; x_wconf 85' lang='lat' dir='ltr'>in</span> <span class='ocrx_word' id='word_1_281' title='bbox 1293 4168 1388 4212; x_wconf 72' lang='lat' dir='ltr'>Curias</span> <span class='ocrx_word' id='word_1_282' title='bbox 1398 4169 1431 4212; x_wconf 79' lang='lat' dir='ltr'>de</span> <span class='ocrx_word' id='word_1_283' title='bbox 1441 4167 1497 4211; x_wconf 82' lang='lat' dir='ltr'>San</span> <span class='ocrx_word' id='word_1_284' title='bbox 1507 4168 1628 4222; x_wconf 74' lang='lat' dir='ltr'>Ignacr&#39;o,</span> 
     </span>
     <span class='ocr_line' id='line_1_35' title="bbox 393 4241 661 4296; baseline 0 -12"><span class='ocrx_word' id='word_1_285' title='bbox 393 4241 661 4296; x_wconf 66' lang='lat' dir='ltr'>t.vr,pag.58et436.</span> 
     </span>
    </p>

    <p class='ocr_par' dir='ltr' id='par_1_8' title="bbox 433 4309 1402 4366">
     <span class='ocr_line' id='line_1_36' title="bbox 433 4309 1402 4366; baseline -0.002 -10"><span class='ocrx_word' id='word_1_286' title='bbox 433 4313 444 4345; x_wconf 78' lang='grc' dir='ltr'>Ι</span> <span class='ocrx_word' id='word_1_287' title='bbox 471 4311 660 4357; x_wconf 83' lang='lat' dir='ltr'>Marchionissa</span> <span class='ocrx_word' id='word_1_288' title='bbox 670 4314 701 4356; x_wconf 90' lang='lat' dir='ltr'>de</span> <span class='ocrx_word' id='word_1_289' title='bbox 712 4313 816 4366; x_wconf 79' lang='lat' dir='ltr'>Priego,</span> <span class='ocrx_word' id='word_1_290' title='bbox 830 4311 895 4356; x_wconf 82' lang='lat' dir='ltr'>Dua.</span> <span class='ocrx_word' id='word_1_291' title='bbox 907 4312 1052 4356; x_wconf 73' lang='lat' dir='ltr'>catharina</span> <span class='ocrx_word' id='word_1_292' title='bbox 1062 4311 1214 4356; x_wconf 81' lang='lat' dir='ltr'>Fernandez</span> <span class='ocrx_word' id='word_1_293' title='bbox 1233 4311 1263 4356; x_wconf 87' lang='lat' dir='ltr'>de</span> <span class='ocrx_word' id='word_1_294' title='bbox 1275 4309 1402 4355; x_wconf 76' lang='lat' dir='ltr'>Corduba.</span> 
     </span>
    </p>

    <p class='ocr_par' dir='ltr' id='par_1_9' title="bbox 393 4381 1627 4581">
     <span class='ocr_line' id='line_1_37' title="bbox 432 4381 1626 4438; baseline -0.001 -12"><span class='ocrx_word' id='word_1_295' title='bbox 432 4385 444 4417; x_wconf 62' lang='grc' dir='ltr'><strong>ὅ</strong></span> <span class='ocrx_word' id='word_1_296' title='bbox 471 4383 538 4428; x_wconf 88' lang='lat' dir='ltr'>Vide</span> <span class='ocrx_word' id='word_1_297' title='bbox 549 4396 637 4438; x_wconf 81' lang='lat' dir='ltr'>supra.</span> <span class='ocrx_word' id='word_1_298' title='bbox 646 4391 664 4429; x_wconf 92' lang='lat' dir='ltr'>t.</span> <span class='ocrx_word' id='word_1_299' title='bbox 676 4395 711 4436; x_wconf 87' lang='lat' dir='ltr'>ru,</span> <span class='ocrx_word' id='word_1_300' title='bbox 723 4395 784 4438; x_wconf 76' lang='lat' dir='ltr'>pag.</span> <span class='ocrx_word' id='word_1_301' title='bbox 793 4385 842 4432; x_wconf 83' lang='lat'>325.</span> <span class='ocrx_word' id='word_1_302' title='bbox 853 4391 933 4427; x_wconf 88' lang='lat' dir='ltr'>annot</span> <span class='ocrx_word' id='word_1_303' title='bbox 952 4384 970 4434; x_wconf 67' lang='lat' dir='ltr'>ir</span> <span class='ocrx_word' id='word_1_304' title='bbox 979 4390 1005 4427; x_wconf 87' lang='lat' dir='ltr'>et</span> <span class='ocrx_word' id='word_1_305' title='bbox 1017 4391 1036 4427; x_wconf 93' lang='lat' dir='ltr'>t.</span> <span class='ocrx_word' id='word_1_306' title='bbox 1047 4393 1082 4434; x_wconf 82' lang='lat' dir='ltr'>iv,</span> <span class='ocrx_word' id='word_1_307' title='bbox 1091 4395 1154 4438; x_wconf 74' lang='lat' dir='ltr'>pag.</span> <span class='ocrx_word' id='word_1_308' title='bbox 1164 4384 1321 4438; x_wconf 77' lang='lat' dir='ltr'>praesertim</span> <span class='ocrx_word' id='word_1_309' title='bbox 1329 4383 1378 4436; x_wconf 67' lang='lat'>⁴1⁴3</span> <span class='ocrx_word' id='word_1_310' title='bbox 1387 4387 1413 4425; x_wconf 85' lang='lat' dir='ltr'>et</span> <span class='ocrx_word' id='word_1_311' title='bbox 1422 4381 1518 4426; x_wconf 70' lang='lat' dir='ltr'>Carras</span> <span class='ocrx_word' id='word_1_312' title='bbox 1527 4382 1561 4427; x_wconf 78' lang='lat' dir='ltr'>de</span> <span class='ocrx_word' id='word_1_313' title='bbox 1569 4382 1626 4426; x_wconf 76' lang='lat' dir='ltr'>San</span> 
     </span>
     <span class='ocr_line' id='line_1_38' title="bbox 393 4452 1627 4510; baseline -0.002 -10"><span class='ocrx_word' id='word_1_314' title='bbox 393 4456 511 4510; x_wconf 72' lang='lat' dir='ltr'>rgnacro,</span> <span class='ocrx_word' id='word_1_315' title='bbox 525 4461 544 4499; x_wconf 92' lang='lat' dir='ltr'>t.</span> <span class='ocrx_word' id='word_1_316' title='bbox 559 4469 585 4508; x_wconf 88' lang='lat' dir='ltr'>v,</span> <span class='ocrx_word' id='word_1_317' title='bbox 601 4467 661 4510; x_wconf 77' lang='lat' dir='ltr'>pag.</span> <span class='ocrx_word' id='word_1_318' title='bbox 678 4455 726 4500; x_wconf 79' lang='lat'>518.</span> <span class='ocrx_word' id='word_1_319' title='bbox 742 4455 780 4499; x_wconf 83' lang='lat' dir='ltr'>De</span> <span class='ocrx_word' id='word_1_320' title='bbox 795 4467 825 4500; x_wconf 90' lang='lat' dir='ltr'>eo</span> <span class='ocrx_word' id='word_1_321' title='bbox 841 4456 896 4500; x_wconf 79' lang='lat' dir='ltr'>fuse</span> <span class='ocrx_word' id='word_1_322' title='bbox 911 4456 969 4510; x_wconf 77' lang='lat' dir='ltr'>agit</span> <span class='ocrx_word' id='word_1_323' title='bbox 984 4453 1186 4510; x_wconf 65' lang='lat' dir='ltr'>Sentinatem.</span> <span class='ocrx_word' id='word_1_324' title='bbox 1197 4466 1229 4510; x_wconf 91' lang='lat' dir='ltr'>c.,</span> <span class='ocrx_word' id='word_1_325' title='bbox 1244 4461 1271 4498; x_wconf 89' lang='lat' dir='ltr'>et</span> <span class='ocrx_word' id='word_1_326' title='bbox 1282 4454 1452 4508; x_wconf 76' lang='lat' dir='ltr'>Pantouaui,</span> <span class='ocrx_word' id='word_1_327' title='bbox 1468 4452 1627 4508; x_wconf 74' lang='lat' dir='ltr'>Menotogro,</span> 
     </span>
     <span class='ocr_line' id='line_1_39' title="bbox 393 4527 588 4581; baseline -0.015 -10"><span class='ocrx_word' id='word_1_328' title='bbox 393 4535 411 4571; x_wconf 89' lang='lat' dir='ltr'>t.</span> <span class='ocrx_word' id='word_1_329' title='bbox 423 4539 458 4580; x_wconf 89' lang='lat' dir='ltr'>iv,</span> <span class='ocrx_word' id='word_1_330' title='bbox 470 4537 531 4581; x_wconf 79' lang='lat' dir='ltr'>pag.</span> <span class='ocrx_word' id='word_1_331' title='bbox 542 4527 588 4569; x_wconf 80' lang='grc'>184.</span> 
     </span>
    </p>

    <p class='ocr_par' dir='ltr' id='par_1_10' title="bbox 432 4597 879 4653">
     <span class='ocr_line' id='line_1_40' title="bbox 432 4597 879 4653; baseline -0.004 -11"><span class='ocrx_word' id='word_1_332' title='bbox 432 4600 444 4632; x_wconf 80' lang='lat'><strong>⁴</strong></span> <span class='ocrx_word' id='word_1_333' title='bbox 472 4599 539 4642; x_wconf 90' lang='lat' dir='ltr'>Vide</span> <span class='ocrx_word' id='word_1_334' title='bbox 549 4610 638 4652; x_wconf 82' lang='lat' dir='ltr'>supra,</span> <span class='ocrx_word' id='word_1_335' title='bbox 650 4610 709 4653; x_wconf 78' lang='lat' dir='ltr'>pag.</span> <span class='ocrx_word' id='word_1_336' title='bbox 720 4599 767 4650; x_wconf 74' lang='lat'>533,</span> <span class='ocrx_word' id='word_1_337' title='bbox 779 4611 802 4642; x_wconf 90' lang='grc' dir='ltr'>ιι.</span> <span class='ocrx_word' id='word_1_338' title='bbox 816 4597 879 4641; x_wconf 72' lang='lat' dir='ltr'>lust.</span> 
     </span>
    </p>

    <p class='ocr_par' dir='ltr' id='par_1_11' title="bbox 431 4669 970 4724">
     <span class='ocr_line' id='line_1_41' title="bbox 431 4669 970 4724; baseline 0.002 -12"><span class='ocrx_word' id='word_1_339' title='bbox 431 4671 443 4704; x_wconf 79' lang='grc' dir='ltr'>Ι</span> <span class='ocrx_word' id='word_1_340' title='bbox 471 4671 535 4714; x_wconf 87' lang='lat' dir='ltr'>Vide</span> <span class='ocrx_word' id='word_1_341' title='bbox 546 4681 634 4724; x_wconf 85' lang='lat' dir='ltr'>supra,</span> <span class='ocrx_word' id='word_1_342' title='bbox 645 4677 663 4713; x_wconf 90' lang='lat' dir='ltr'>t.</span> <span class='ocrx_word' id='word_1_343' title='bbox 675 4681 711 4720; x_wconf 88' lang='lat' dir='ltr'>iv,</span> <span class='ocrx_word' id='word_1_344' title='bbox 724 4681 782 4724; x_wconf 81' lang='lat' dir='ltr'>pag.</span> <span class='ocrx_word' id='word_1_345' title='bbox 793 4669 841 4722; x_wconf 70' lang='lat' dir='ltr'>liti,</span> <span class='ocrx_word' id='word_1_346' title='bbox 852 4679 939 4713; x_wconf 85' lang='lat' dir='ltr'>annot.</span> <span class='ocrx_word' id='word_1_347' title='bbox 950 4671 970 4714; x_wconf 82' lang='lat'>2.</span> 
     </span>
    </p>

    <p class='ocr_par' dir='ltr' id='par_1_12' title="bbox 431 4739 878 4796">
     <span class='ocr_line' id='line_1_42' title="bbox 431 4739 878 4796; baseline -0.004 -10"><span class='ocrx_word' id='word_1_348' title='bbox 431 4741 443 4774; x_wconf 61' lang='grc' dir='ltr'><strong>Β</strong></span> <span class='ocrx_word' id='word_1_349' title='bbox 472 4743 538 4787; x_wconf 85' lang='lat' dir='ltr'>Vlde</span> <span class='ocrx_word' id='word_1_350' title='bbox 548 4753 635 4795; x_wconf 81' lang='lat' dir='ltr'>supra,</span> <span class='ocrx_word' id='word_1_351' title='bbox 646 4752 705 4796; x_wconf 73' lang='lat' dir='ltr'>pag.</span> <span class='ocrx_word' id='word_1_352' title='bbox 717 4739 765 4794; x_wconf 75' lang='lat'>520,</span> <span class='ocrx_word' id='word_1_353' title='bbox 779 4753 803 4784; x_wconf 92' lang='lat' dir='ltr'>n.</span> <span class='ocrx_word' id='word_1_354' title='bbox 815 4741 878 4785; x_wconf 75' lang='grc'><strong>1421.</strong></span> 
     </span>
    </p>
   </div>
   <div class='ocr_carea' id='block_1_4' title="bbox 0 0 1864 5400">
    <p class='ocr_par' dir='ltr' id='par_1_13' title="bbox 0 0 1864 5400">
     <span class='ocr_line' id='line_1_43' title="bbox 0 0 1864 5400; baseline 0 6"><span class='ocrx_word' id='word_1_355' title='bbox 0 0 1864 5400; x_wconf 95' lang='lat' dir='ltr'> </span> 
     </span>
    </p>
   </div>
  </div>
 </body>
</html>
