3717 5400
370 460 426 521 toa
819 458 948 518 Canon.
973 456 1049 517 Soc.
1076 462 1146 531 jus.

368 606 476 670 tebat.
493 605 614 685 Aliqui
633 613 819 686 praeterea
840 604 1043 683 extiterunt,
1066 603 1126 685 qui
1148 602 1390 684 spiritualibus
1409 602 1599 669 Exercitiis

368 713 629 778 excolerentur.

433 818 521 883 1357.
563 818 685 883 Mense
698 818 803 902 junio
819 818 858 882 Ρ.
875 816 1054 883 Gonzalez
1069 834 1150 882 cum
1169 817 1207 881 P.
1231 817 1363 882 Basilio
1382 817 1598 896 Cordubam,

370 937 406 990 et
427 926 553 990 deinde
575 924 773 989 Granatam
793 925 1045 1005 discesserunt,
1066 924 1221 1006 quinque
1243 924 1447 989 sacerdotes
1466 937 1500 989 et
1522 926 1602 989 toti·

369 1034 451 1097 dem
476 1032 607 1096 iratres
630 1032 674 1096 de
703 1030 881 1097 Societate
908 1043 1032 1096 nostra
1060 1032 1200 1113 Hispali
1227 1032 1470 1113 relinquendo.
1500 1030 1601 1097 Duos

370 1150 493 1204 autem
507 1140 713 1204 sacerdotes
727 1149 763 1203 et
777 1148 851 1203 tres
871 1141 983 1204 laicos
1005 1140 1135 1204 ibidem
1157 1140 1193 1203 in
1215 1138 1429 1204 Societatem
1451 1139 1602 1204 admise-

369 1258 463 1325 rant,
480 1246 644 1327 quamvis
659 1247 729 1310 alio
746 1263 808 1310 eos
822 1246 1029 1311 dimiserint.

431 1354 475 1418 Et
490 1355 579 1417 haec
601 1354 644 1417 de
665 1352 824 1433 Collegio
844 1352 1059 1433 Hispalensi,
1083 1354 1118 1416 in
1144 1371 1214 1434 quo
1239 1362 1359 1417 tamen
1383 1370 1449 1417 nec
1475 1355 1603 1418 domus

370 1461 514 1543 propria
529 1478 596 1524 nec
610 1460 672 1524 ulli
687 1459 821 1523 reditus
835 1469 909 1524 toto
924 1460 994 1523 hoc
1009 1478 1103 1524 anno
1119 1460 1230 1524 habiti
1244 1460 1397 1525 suerunt.

455 1888 520 1953 DE
537 1885 732 1955 NOSTRIS
753 1886 883 1953 APUD
904 1886 970 1951 S.¹¹¹
998 1888 1163 1953 LUCAM
1183 1885 1520 1955 RESIDENTIBUS

437 2210 524 2276 1358.
567 2211 771 2292 Antequam
786 2211 997 2291 Hispalense
1012 2210 1209 2289 Collegium
1229 2211 1468 2290 inchoaretur,
1490 2216 1605 2279 nostri

371 2320 408 2383 in
424 2320 553 2401 oppido
568 2318 628 2381 ga
660 2319 780 2383 Lucae
795 2319 838 2381 de
853 2318 1071 2381 Barrameda
1087 2317 1300 2396 residebant,
1316 2336 1465 2381 numero
1486 2321 1602 2399 pauci,

375 2427 459 2508 quia
474 2435 629 2508 quatuor
642 2427 701 2489 vel
715 2426 869 2507 quinque
884 2435 1033 2503 tantum;
1050 2423 1199 2488 sednon
1222 2425 1392 2488 inutiliter
1412 2426 1448 2489 in
1471 2444 1511 2489 ea
1534 2425 1604 2490 Do-

376 2534 463 2598 mini
477 2534 581 2597 vinca
599 2532 845 2612 versabantur;
862 2549 943 2595 cum
959 2540 994 2595 et
1014 2531 1296 2596 confessionibus
1318 2540 1352 2595 et
1371 2532 1604 2612 praedicatio-

371 2642 477 2704 nibus
491 2650 526 2704 et
539 2640 754 2704 christianae
770 2639 956 2704 doctrinae
971 2638 1199 2720 explicationi
1219 2638 1407 2720 diligenter
1428 2640 1605 2704 incumbe-

373 2758 464 2811 rent.
477 2748 522 2812 Et
534 2758 607 2810 tam
618 2766 664 2810 ex
674 2748 819 2828 palati0,
832 2748 893 2811 ubi
904 2747 1024 2812 Duces
1035 2746 1198 2810 Medinae
1211 2746 1390 2828 Sydoniae
1402 2747 1606 2812 etComites

374 2853 520 2918 Nieblae
536 2853 544 2884 ¹
561 2871 684 2918 eorum
699 2870 807 2934 opera
820 2856 970 2917 multum
982 2853 1182 2930 utebantur,
1197 2871 1303 2934 quam
1315 2872 1359 2916 ex
1371 2855 1448 2934 ipso
1460 2857 1604 2935 populo,

375 2961 435 3042 qui
449 2961 533 3025 huic
547 2959 640 3025 Duci
655 2961 817 3025 subditus
832 2971 896 3039 est,
918 2961 1074 3024 fructum
1095 2972 1298 3042 coeperunt.
1319 2961 1412 3025 Hinc
1432 2971 1550 3025 autem
1571 2972 1606 3026 et

374 3069 548 3149 magister
562 3067 740 3148 Azebed0,
761 3067 931 3132 sacerdos
946 3075 981 3130 et
1000 3067 1036 3130 in
1058 3067 1246 3131 rhetoricis
1267 3067 1412 3148 egregie
1433 3070 1606 3132 exercita-

373 3189 442 3254 ωε,
464 3184 499 3238 et
520 3175 691 3240 Melchior
706 3174 860 3253 Marcus,
882 3173 1083 3255 praefectus
1105 3175 1320 3239 musicorum
1334 3173 1458 3255 Ducis,
1476 3176 1606 3241 admis-

372 3284 406 3347 si
421 3283 457 3346 in
471 3281 685 3346 Societatem
699 3281 841 3345 suerunt
855 3284 877 3344 ¹.

438 3389 526 3452 1359.
570 3388 738 3452 Evocatis
753 3399 871 3452 autem
886 3389 952 3451 sub
968 3388 1107 3452 initium
1128 3389 1211 3452 anni
1233 3387 1337 3469 hujus
1358 3388 1395 3452 P.
1417 3389 1604 3471 Alphonso

373 3497 419 3562 de
434 3496 541 3560 Avila
556 3505 590 3558 et
604 3495 814 3575 quibusdam
829 3496 908 3559 aliis
928 3504 966 3559 ut
985 3494 1161 3575 Hispalim
1181 3495 1355 3574 venirent,
1380 3497 1607 3578 quemadmo-

373 3605 459 3668 dum
475 3603 637 3684 superius
651 3601 805 3666 diximus
820 3600 844 3680 ³,
860 3603 991 3666 missus
1010 3602 1076 3666 luit
1091 3602 1127 3665 in
1143 3603 1211 3666 hoc
1226 3604 1396 3683 oppidum
1418 3604 1455 3667 15
1476 3604 1607 3687 Janua·

372 3712 420 3776 rii
434 3710 447 3741 ⁴
460 3712 498 3775 Ρ.
515 3710 671 3792 Joannes
686 3710 817 3774 Paulus
833 3727 914 3772 cum
931 3709 1009 3772 aliis
1022 3709 1205 3788 fratribus
1220 3727 1370 3790 quorum
1382 3727 1474 3775 unus
1490 3729 1607 3776 sacer·

371 3817 441 3882 dos
455 3827 532 3881 erat
547 3814 570 3895 ⁸,
587 3825 625 3880 ut
644 3825 943 3897 prosequerentur
963 3833 1055 3897 quae
1075 3817 1164 3880 bene
1183 3826 1309 3896 coepta
1332 3817 1379 3881 ibi
1397 3817 1538 3882 fuerant
1560 3819 1605 3881 ad

374 3925 443 3989 Dei
457 3925 609 4004 gloriam
624 3934 658 3987 et
672 3925 792 4004 populi
807 3924 1005 3987 utilitatem.
1022 3922 1103 3988 Fuit
1119 3933 1238 3987 autem
1252 3925 1382 3988 missus
1395 3923 1433 3988 P.
1446 3924 1603 4008 Joannes

373 4032 506 4096 Paulus
520 4049 601 4094 cum
614 4031 721 4094 sociis
736 4030 891 4094 secundo
907 4029 1050 4094 flumine
1064 4041 1103 4094 ut
1119 4031 1166 4094 ad
1180 4040 1320 4109 portum
1336 4028 1395 4094 gn
1416 4030 1536 4096 Lucae
1555 4032 1608 4096 sic

373 4140 619 4220 pervenirent3
635 4145 670 4201 et
689 4147 791 4201 tanta
809 4147 1004 4218 tempestas
1023 4145 1149 4200 exorta
1169 4145 1234 4217 est,
1255 4146 1293 4201 ut
1315 4139 1422 4202 etiam
1444 4139 1480 4201 in
1503 4139 1609 4202 brevi

416 4342 426 4376 Ι
453 4341 616 4397 Vldesupra,
627 4348 647 4388 t.
658 4354 694 4398 ιν,
704 4355 764 4398 pag.
776 4343 824 4395 tos,
835 4355 861 4386 n.
871 4343 922 4387 994.

414 4415 426 4447 ⁸
453 4414 520 4458 Vide
531 4415 606 4466 ibid„
615 4426 676 4469 pag.
685 4415 734 4470 467,
744 4427 769 4459 n.
780 4415 848 4459 998.-
858 4415 956 4460 Nomen
967 4415 1026 4459 huic
1037 4414 1107 4470 ung.
1118 4415 1240 4460 Acebedo
1250 4422 1308 4460 erat
1319 4415 1423 4460 Petrus.

415 4487 427 4520 ³
455 4485 519 4540 Peg.
529 4487 577 4539 tut,
589 4497 615 4530 n.
627 4487 701 4531 1³16.-

414 4562 426 4593 Δ
454 4557 543 4601 Verba
552 4559 585 4602 15
593 4557 727 4613 Jortuarii
736 4558 856 4613 apposuit
867 4559 900 4602 ad
911 4570 984 4603 oram
995 4560 1107 4614 paginae
1117 4559 1256 4606 Polancus.

415 4629 427 4662 ὅ
455 4630 526 4673 Haec
541 4629 621 4672 etiam
637 4641 698 4672 cum
712 4629 936 4686 alitssratribus,
952 4640 1066 4684 quoru-n
1083 4642 1153 4675 unus
1167 4634 1294 4678 sacerdos
1309 4637 1368 4677 erat
1383 4633 1424 4678 bic
1435 4634 1503 4678 inter
1519 4635 1602 4679 lineas

372 4701 481 4757 scripsit
491 4699 633 4744 Polancus.
