3717 5400
356 449 417 512 *202
819 454 946 515 Canon.
968 454 1045 514 Soc.
1066 456 1137 527 Jus.

362 608 506 663 zassent
519 617 600 663 curn
615 601 763 665 honesta
786 602 1004 680 celebritate,
1028 601 1117 665 albis
1139 601 1298 664 vestibus
1321 618 1419 664 more
1441 617 1593 666 romano

362 724 443 771 eum
457 706 657 786 induerunt,
675 726 718 772 ac
733 708 859 772 deinde
873 709 1048 773 Ducissae
1063 709 1232 786 Bibouae,
1250 717 1287 772 ut
1301 708 1371 789 ipsi
1388 709 1590 787 inserviret,

356 814 665 894 commendarunt,
683 825 717 878 et
730 815 820 879 bene
835 833 900 879 suo
916 815 1113 879 ministerio
1127 813 1355 895 fungebatur.

420 919 492 984 588.
535 920 708 1002 Cupiebat
722 920 872 986 Pro-rex
886 932 924 985 ut
939 922 1083 1002 quidam
1098 920 1174 1001 ejus
1185 939 1324 1001 servus,
1334 919 1486 1002 juvenis,
1499 923 1592 986 cbri-

362 1030 500 1092 stianus
518 1027 732 1108 efficeretur,
757 1038 792 1092 et
812 1029 862 1092 ita
884 1028 929 1092 ad
952 1029 1149 1110 Collegium
1172 1039 1333 1093 nostrum
1354 1029 1450 1094 misit
1471 1039 1510 1093 ut
1531 1030 1592 1093 ali-

358 1136 516 1217 quandiu
531 1137 625 1200 ineo
641 1145 858 1216 versaretur,
874 1147 909 1200 et
927 1155 967 1200 se
981 1137 1027 1200 ad
1042 1136 1147 1200 fidem
1161 1135 1293 1201 Christi
1312 1137 1535 1217 disponeret;
1557 1147 1591 1199 et

355 1242 525 1323 quamvis
540 1242 597 1304 ille
612 1251 685 1306 tam
700 1243 899 1306 obstinatus
914 1244 1078 1323 accessit,
1094 1254 1133 1306 ut
1153 1244 1270 1323 potius
1284 1244 1412 1306 vivens
1432 1244 1594 1306 comburi

358 1368 468 1431 quam
484 1350 700 1414 christianus
714 1349 790 1413 fieri
810 1351 928 1430 vellet,
951 1360 990 1414 ut
1009 1351 1085 1431 ipse
1104 1353 1313 1427 testabatur,
1337 1361 1456 1414 tamen
1474 1350 1592 1429 gratia

361 1457 430 1520 Dei
444 1456 684 1536 pervicaciam
698 1455 773 1536 ejus
788 1467 990 1537 superante,
1008 1457 1224 1521 christianus
1241 1456 1387 1521 effectus
1401 1465 1465 1537 est,
1488 1465 1523 1520 et
1542 1457 1592 1520 in-

361 1572 517 1626 structus
532 1580 575 1626 ac
589 1563 800 1642 baptizatus
817 1563 1114 1642 quemadmodum
1130 1575 1164 1628 et
1179 1565 1237 1627 ille
1251 1565 1367 1646 prior3
1383 1573 1418 1627 et
1430 1562 1591 1645 Collegio

355 1686 443 1733 cum
457 1687 588 1749 magno
603 1670 743 1734 fervore
759 1680 793 1734 et
807 1671 969 1751 proiectu
984 1670 1039 1733 sui
1053 1671 1201 1751 spiritus
1215 1672 1444 1748 inserviebat;
1456 1687 1523 1734 nec
1537 1687 1592 1733 so·

360 1781 433 1840 lum
454 1777 603 1853 nostriS,
625 1777 688 1840 sed
712 1785 748 1840 et
769 1778 927 1841 externis
949 1776 1186 1841 aedificationi
1208 1787 1296 1841 erat.
1320 1777 1461 1840 Tertius
1481 1777 1590 1840 etiam

361 1900 569 1960 saracenus
586 1883 721 1946 aDuce
739 1884 895 1947 Bibouae
915 1884 1057 1963 missus,
1079 1884 1272 1947 instructus
1293 1884 1400 1947 simili
1419 1883 1525 1948 modo
1547 1901 1591 1947 ac

357 1990 560 2071 baptizatus
572 1998 635 2068 est,
647 1991 762 2053 bonae
773 1989 1053 2069 indolisJuvenis
1065 2000 1099 2054 et
1110 1991 1213 2055 bonis
1225 1991 1384 2055 moribus
1394 1989 1587 2071 praeditus.

420 2096 492 2161 589.
534 2095 669 2160 Nobilis
685 2097 828 2176 quidam
846 2115 890 2161 ac
909 2099 1011 2161 dives
1028 2097 1171 2178 juvenis
1197 2099 1476 2179 panormitanus
1498 2109 1590 2178 post·

357 2221 470 2284 quam
484 2204 655 2267 exercitia
670 2204 765 2284 apud
779 2214 921 2268 nostros
936 2206 1145 2285 accepisset,
1162 2207 1198 2269 in
1211 2204 1432 2284 Religionem
1455 2203 1589 2285 Capuc-

361 2311 537 2386 cinorum,
554 2310 600 2373 ad
614 2328 722 2390 quam
733 2308 806 2388 jam
822 2321 927 2375 antea
944 2329 1142 2392 propensus
1155 2322 1244 2390 erat,
1262 2312 1445 2392 ingressus
1464 2320 1532 2390 est;
1557 2321 1592 2374 et

366 2418 508 2497 quidem
523 2419 648 2498 procul
663 2418 707 2480 ab
722 2418 809 2481 urbe
824 2436 887 2480 sua
912 2417 933 2496 ¹,
954 2437 999 2482 ne
1022 2420 1308 2498 consanguineos
1327 2419 1468 2482 vicinos
1486 2418 1591 2482 habe·

367 2534 432 2586 ret.
447 2523 506 2587 Ad
520 2525 665 2588 eosdem
679 2525 865 2604 religiosos
879 2526 969 2588 alius
981 2525 1137 2606 quidam,
1152 2525 1311 2589 confiteri
1323 2526 1458 2603 solituS,
1472 2541 1589 2588 acces-

359 2631 419 2710 sit,
435 2640 473 2692 ut
488 2629 565 2694 Deo
581 2631 733 2712 quietius
748 2633 883 2695 servire
898 2641 1030 2714 posset.

421 2737 491 2801 590.
537 2738 736 2819 Adjunctus
752 2750 805 2802 est
820 2740 926 2804 etiam
941 2739 1111 2805 Societati
1126 2749 1269 2804 nostrae
1280 2740 1430 2804 Carolus
1441 2739 1586 2818 Regius,
1637 2779 1640 2783 ι

356 2844 561 2926 quindecim
575 2846 634 2907 vel
648 2846 829 2909 sexdecim
843 2865 957 2911 annos
971 2857 1087 2924 natus,
1106 2864 1210 2928 quem
1222 2846 1297 2927 jam
1311 2846 1449 2926 pridem
1462 2844 1589 2909 Petrus

361 2951 496 3033 Regius
510 2954 522 2985 ¹
535 2950 611 3032 ejus
624 2952 736 3015 frater
751 2963 1016 3033 praecesserat;
1033 2955 1069 3017 in
1083 2953 1350 3017 humanioribus
1366 2953 1493 3017 litteris
1513 2970 1590 3015 eru·

359 3059 456 3122 ditus
471 3059 558 3122 satis
572 3070 661 3137 erat,
685 3077 752 3122 nec
771 3070 937 3138 parentes
959 3059 1045 3139 ejus,
1070 3060 1129 3140 qui
1152 3078 1224 3123 non
1248 3060 1365 3123 minus
1391 3060 1521 3139 pietate
1544 3077 1589 3121 ac

357 3165 537 3245 sanguine
557 3167 693 3230 nobiles
713 3177 826 3243 erant,
854 3184 956 3230 suurn
981 3185 1194 3231 consensum
1217 3168 1251 3230 ei
1270 3168 1501 3246 denegarunt.
1518 3165 1591 3230 Alii

362 3274 563 3352 complures
578 3284 613 3336 et
627 3275 795 3353 egregiae
810 3272 939 3337 indolis
950 3272 1099 3354 juvenes
1113 3276 1207 3338 bona
1219 3291 1282 3354 spe
1294 3291 1338 3336 ae
1353 3282 1588 3337 sacramento·

363 3396 441 3442 rum
455 3396 533 3455 usu,
551 3396 631 3443 cum
646 3380 740 3443 idem
753 3383 986 3461 postularent,
1003 3381 1229 3445 fovebantur.

356 3529 360 3535 -
420 3486 491 3548 591.
535 3486 716 3549 Exercitia
741 3488 940 3567 spiritualia
959 3488 1080 3551 multis
1098 3490 1389 3568 proponebantur
1408 3488 1590 3568 utriusque

400 3694 407 3725 ¹
436 3694 478 3737 “se
487 3693 511 3735 n'
521 3693 588 3736 audo
600 3694 625 3737 al
636 3692 784 3736 desiderato
795 3698 919 3736 conuento
930 3693 991 3736 delll
1002 3693 1068 3737 dettl
1080 3694 1219 3748 capucclni,
1232 3704 1283 3737 nou
1293 3704 1309 3736 n
1318 3695 1405 3748 quello
1415 3693 1494 3736 che’b
1505 3692 1591 3736 ulciuo

358 3765 411 3808 alla
422 3766 496 3818 citra,
507 3776 549 3809 ma
559 3765 600 3807 un·
609 3766 677 3809 altro
688 3764 729 3808 cb·
740 3764 825 3808 hanno
836 3764 902 3807 detti
912 3764 989 3808 fratri
1006 3765 1032 3808 ln
1047 3764 1294 3818 eastroglouanne,
1311 3766 1426 3819 Angelus
1442 3764 1594 3814 Pulllelnus,

355 3846 484 3892 utsupra.

398 3909 410 3939 ἱ
436 3909 529 3953 Petrus
539 3908 635 3961 Regius
646 3909 756 3953 senior...
769 3916 842 3952 ortus
852 3915 892 3951 ost
900 3908 1021 3953 Panormi
1030 3921 1062 3952 ex
1070 3909 1229 3953 nobilissimo
1239 3908 1379 3962 Regiorum
1389 3914 1416 3951 et
1426 3906 1591 3951 afflictorum

357 3991 462 4033 genere,
472 3979 578 4032 Joannls
589 3980 691 4036 Aloysli
708 3980 782 4033 Regii
793 3980 904 4023 filiorum
921 3987 984 4024 natu
999 3981 1127 4024 minimus.
1144 3980 1219 4024 Auno
1234 3979 1345 4023 secundo
1362 3985 1421 4034 post
1436 3978 1591 4023 Panormum

351 4052 489 4095 'invectam
500 4050 657 4095 Societatem
668 4052 736 4095 luter
746 4052 843 4105 primos
854 4057 943 4095 nostro
953 4062 1059 4095 numero
1074 4063 1102 4095 se
1112 4052 1239 4106 adiunxit,
1254 4051 1407 4105 parentibus
1417 4050 1528 4094 maxime
1538 4050 1592 4093 lae·

359 4126 400 4175 tls,
410 4124 476 4178 quod
487 4126 597 4178 plumam
608 4124 722 4167 familiae
733 4124 814 4167 veluti
825 4124 918 4173 lacem,
930 4123 995 4167 utin
1006 4124 1138 4167 societate
1154 4124 1341 4177 praefulgeret.
1350 4122 1406 4166 Deo
1416 4122 1590 4167 dedicauerat.

359 4195 420 4238 Post
431 4195 560 4239 biennium
570 4205 637 4238 anno
649 4195 702 4239 1553
710 4207 727 4238 a
738 4194 769 4237 B.
782 4194 884 4248 ignatio
896 4196 1004 4239 Romam
1014 4201 1147 4245 evocatus.
1159 4196 1243 4249 ibique
1254 4195 1352 4244 latinis,
1365 4194 1476 4245 graecis.
1490 4193 1593 4237 hebrai·

359 4268 408 4320 cis,
420 4267 546 4319 humanis,
557 4266 702 4321 divinlsque
712 4268 809 4311 litteris
818 4268 915 4321 optime
926 4269 1052 4318 excultus,
1063 4270 1203 4311 maximum
1214 4268 1345 4321 ingenium
1354 4276 1455 4309 summa
1471 4276 1529 4309 cum
1538 4276 1595 4309 eru·

357 4338 452 4383 dltloue
464 4338 597 4393 conjunxit
605 4344 631 4382 et
643 4338 710 4383 inter
720 4340 779 4383 aevi
790 4340 829 4383 aui
841 4340 1006 4383 doctissimos
1015 4339 1088 4382 viros
1096 4340 1121 4383 iu
1133 4340 1228 4391 Gallia,
1237 4338 1387 4390 Germania,
1397 4336 1475 4381 ltalia
1486 4337 1591 4382 babitus

355 4417 406 4461 eat,
421 4410 569 4465 fratresque
587 4420 647 4454 suos
663 4410 785 4455 carolum
795 4420 821 4455 et
833 4410 1008 4464 vincentium,
1026 4411 1145 4455 doctrina
1162 4411 1405 4465 praestantissimos
1425 4410 1550 4462 homines,
1565 4410 1592 4453 iu

351 4482 415 4533 losa
425 4482 574 4525 litterarum
583 4483 658 4526 laude
670 4495 793 4536 superare
804 4484 876 4527 visus
886 4490 968 4534 est...„
983 4484 1130 4537 Aourueau.
1145 4483 1307 4526 Provinciae
1325 4482 1433 4526 Siculae
1449 4482 1594 4526 societatis

355 4551 425 4608 Jesu
438 4552 519 4597 Ortus
529 4556 554 4597 el
566 4554 621 4598 Res
630 4558 730 4607 gestae,
740 4562 810 4608 part.
824 4566 842 4607 1,
851 4565 908 4608 cap.
919 4566 963 4608 xv,
974 4566 999 4598 11.
1010 4554 1335 4609 xxxva-Distinguendus
1346 4556 1425 4607 probe
1442 4562 1483 4598 est
1500 4554 1592 4598 Petrus

357 4624 399 4669 bic
410 4624 532 4679 Regiusa
543 4624 623 4669 Petro
634 4625 719 4675 Rlera,
732 4626 804 4680 cuius
815 4626 918 4680 saepius
926 4626 982 4680 lam
990 4627 1086 4670 mentio
1096 4627 1168 4670 iacta
1184 4632 1224 4669 est
1238 4627 1265 4669 iu
1282 4627 1330 4669 boc
1348 4626 1483 4677 caranico,
1498 4627 1593 4680 quique

357 4696 453 4741 Petrus
463 4696 561 4752 Regius
571 4708 752 4751 nunnunquam
764 4700 922 4751 appellatur.
