3717 5400
414 487 470 547 668
872 484 1002 547 Canon.
1022 488 1098 545 Soc.
1119 491 1190 560 jas.

416 632 455 696 P.
471 631 665 696 Francisco
680 633 827 708 Xnvier3
846 649 912 697 nec
927 632 1067 696 difficile
1088 641 1165 696 erat
1187 641 1353 696 cantores
1372 631 1501 696 docere
1520 634 1543 710 ¹,
1566 650 1641 696 curn

416 739 659 820 provectiores
674 738 711 802 in
725 750 830 803 cantu
847 739 947 819 pueri
963 739 1116 820 reliquos
1131 739 1310 802 docerent.

477 845 522 910 Et
537 847 626 910 haec
641 846 685 910 de
700 845 857 926 Collegio
880 844 981 910 Goae
1000 845 1096 910 dicta
1118 845 1305 920 sufficiant,
1318 855 1361 924 ‚et
1383 845 1427 910 de
1449 847 1526 926 ipso
1548 863 1639 909 novo

417 951 537 1017 Indiae
552 951 778 1018 Prouinciali.

896 1377 961 1442 DE
982 1375 1177 1442 NOSTRIS

554 1533 612 1586 QUI
634 1531 791 1592 ORMUZII¹
815 1532 977 1592 ΒΑΖΑΙΝΙ,
1002 1531 1138 1590 ΤΑΝΑΕ,
1162 1531 1318 1589 COCHINI,
1341 1530 1512 1592 CAULANI,

644 1667 689 1712 ET
709 1667 745 1712 IN
766 1666 902 1712 TRACTU
925 1665 1118 1712 contimtum
1139 1667 1184 1712 ET
1205 1648 1258 1712 8.τί
1284 1665 1429 1712 Thomna

933 1800 1144 1846 VERSANTUR

483 2129 571 2194 1841.
615 2129 652 2194 P.
670 2129 848 2194 Antonius
868 2130 911 2194 de
932 2129 1086 2194 Heredia
1102 2131 1170 2195 huc
1184 2147 1280 2193 anno
1299 2129 1373 2196 fere
1393 2138 1469 2193 toto
1491 2128 1648 2194 Ormuzii

426 2235 655 2300 inconsuetis
674 2237 853 2301 exercitiis
873 2248 1067 2317 occupatus
1086 2236 1160 2315 suit,
1183 2247 1218 2300 et
1237 2237 1292 2300 bis
1312 2246 1373 2300 aut
1394 2246 1447 2300 ter
1466 2237 1502 2299 in
1521 2237 1649 2300 hebdo

425 2345 530 2408 mada
546 2345 675 2424 populo
692 2361 772 2407 cum
792 2344 908 2406 fructu
928 2362 999 2406 non
1019 2344 1149 2423 exiguo
1169 2343 1399 2406 concionatus
1419 2352 1490 2422 est,
1511 2350 1546 2406 et
1564 2343 1651 2406 assi·

423 2452 502 2514 duis
528 2450 809 2514 confessionibus
834 2467 876 2513 ac
901 2449 1097 2513 ministerio
1121 2448 1243 2514 SS.¹¹¹²¹e
1270 2449 1517 2513 Eucharistiae
1542 2448 1651 2513 dabat

425 2573 582 2638 operam3
606 2575 687 2620 nam
711 2559 784 2620 sere
805 2566 900 2620 totus
920 2559 1072 2638 populus
1095 2557 1371 2646 christianorum
1391 2557 1428 2620 in
1450 2557 1651 2638 praecipuis

426 2664 510 2729 anni
525 2663 624 2729 sestis
639 2664 935 2729 communicabat,

488 2770 576 2835 1842.
621 2770 782 2850 Quatuor
802 2789 846 2835 ex
868 2772 1040 2835 uxoribus
1058 2774 1116 2835 vel
1134 2771 1342 2835 concubinis
1363 2770 1473 2849 Regis
1492 2770 1651 2836 Orm'uzii

424 2877 500 2958 ejus
520 2896 629 2958 opera
649 2878 694 2941 ad
714 2877 894 2943 Christum
914 2896 1110 2943 conversae
1130 2890 1229 2953 sunt,
1251 2888 1286 2941 et
1305 2879 1454 2959 ipsemet
1474 2878 1555 2948 Rex
1579 2897 1653 2943 non

425 2988 551 3067 procui
566 2986 689 3049 abesse
704 3004 725 3048 a
740 3004 805 3050 sua
821 2986 1055 3051 conversione
1069 2986 1268 3065 videbatur;
1284 2996 1317 3049 et
1329 2997 1454 3049 notatu
1464 2985 1574 3066 digna
1586 2986 1653 3053 fuit

423 3090 489 3155 Dei
516 3091 752 3173 providentia,
780 3110 871 3173 quae
895 3093 1013 3156 voluit
1034 3102 1071 3156 ut
1095 3093 1140 3155 ab
1162 3092 1218 3155 his
1238 3092 1344 3155 etiam
1367 3092 1574 3156 mulieribus
1595 3093 1654 3156 ille

424 3199 657 3276 desereretur,
674 3208 712 3261 ut
732 3200 883 3263 stimulis
902 3199 1101 3263 acrioribus
1120 3197 1197 3262 Rex
1215 3200 1291 3279 ipse
1313 3198 1359 3261 ad
1379 3216 1482 3262 suam
1503 3216 1655 3263 conver·

426 3307 564 3369 sionem
577 3315 774 3384 urgeretur.

488 3411 576 3476 1843.
620 3413 701 3477 Alia
722 3415 843 3487 multa,
871 3422 905 3475 et
924 3412 1066 3493 quidem
1091 3412 1212 3490 magni
1237 3412 1417 3491 momenti,
1444 3412 1487 3490 ei,
1510 3421 1548 3475 ut
1568 3412 1656 3477 scri·

425 3520 487 3599 bit,
505 3519 731 3597 accidebant;
752 3538 843 3600 quae
861 3530 1007 3599 propter
1029 3520 1238 3583 varietatem
1259 3529 1293 3582 et
1314 3519 1579 3583 instabilitatem
1601 3537 1654 3583 re·

424 3644 515 3703 rum,
542 3626 577 3689 in
601 3626 723 3690 eodem
747 3636 842 3689 statu
866 3643 1058 3705 numquam
1083 3626 1376 3705 permanentium,
1392 3626 1559 3691 scribere
1581 3644 1657 3691 non

425 3732 587 3797 audebat.

488 3838 576 3904 1844.
619 3840 670 3903 Eo
691 3840 852 3919 pervenit
871 3838 1003 3903 Paulus
1024 3840 1093 3919 ille,
1115 3842 1199 3905 olim
1220 3841 1368 3921 Giogus,
1390 3858 1411 3903 a
1430 3838 1468 3902 P.
1491 3840 1658 3920 Gaspare

426 3964 633 4027 conversuS,
650 3948 770 4027 quiex
786 3946 1014 4026 Portugaliia,
1031 3958 1069 4011 ut
1084 3948 1237 4011 diximus
1248 3951 1271 4027 ¹,
1288 3949 1324 4011 in
1339 3946 1473 4010 Indiam
1485 3946 1658 4026 redierat,

426 4054 487 4133 qui
508 4054 687 4127 scribebat
709 4071 746 4117 se
767 4054 943 4117 charitate
962 4054 1094 4118 nostris
1113 4054 1452 4135 conjunctissimum,
1474 4053 1556 4117 licet
1575 4070 1658 4133 pro·

426 4168 504 4248 pter
519 4159 796 4224 constitutiones
811 4158 1001 4223 Societatis
1020 4160 1150 4224 nostris
1165 4178 1237 4223 non
1253 4160 1484 4223 cohabitaret.
1503 4158 1660 4225 Praesti·

426 4267 469 4328 tit
484 4277 601 4329 autem
617 4266 820 4345 interpretis
837 4266 1069 4329 ministerium
1083 4266 1182 4330 Patri
1196 4266 1354 4330 Antonio
1371 4265 1414 4329 de
1434 4266 1603 4346 Heredia,
1625 4279 1663 4331 et

426 4372 472 4435 ad
487 4371 672 4435 mendacia
686 4382 721 4435 et
736 4372 880 4436 fraudes
902 4373 1115 4436 daemonum
1135 4372 1353 4452 detegendas
1374 4382 1410 4436 et
1429 4373 1662 4441 seductorum

468 4648 475 4676 ⁴
506 4648 620 4692 habere?

468 4720 479 4751 ²
507 4720 569 4774 Pap.
580 4720 628 4775 652,
639 4732 663 4765 n.
676 4720 735 4765 1787.
