3717 5400
857 479 920 538 Au.
944 480 1015 538 1555
1475 472 1550 540 '³279

314 625 497 690 concitare
522 636 725 706 coeperunt,
747 625 857 688 multa
873 625 981 688 etiam
995 623 1086 688 falsa
1101 623 1355 705 admiscentes;
1378 626 1440 689 sed
1456 626 1548 690 inter

314 740 455 795 caetera
481 730 696 795 affirmantes
725 749 763 794 se
789 733 880 794 velle
910 731 1135 810 Noviomago
1159 731 1300 811 egredi,
1331 733 1362 796 si
1385 731 1549 797 Societas

314 847 437 902 nostra
452 855 495 902 eo
508 838 756 918 ingrederetur
772 838 794 918 ¹;
811 848 846 901 et
861 838 910 901 ita
926 848 1120 918 tempestas
1135 839 1224 903 haec
1244 839 1401 904 secunda
1421 849 1548 904 exorta

314 955 370 1008 est
382 945 530 1026 gravior
544 962 652 1025 quarn
665 945 781 1026 prima
794 951 817 1009 ¹.

374 1051 445 1116 765.
488 1051 679 1132 Rogabant
693 1053 834 1116 interim
849 1053 955 1116 amici
969 1051 1007 1116 Ρ.
1030 1053 1256 1117 Leonardum
1280 1062 1318 1116 ut
1339 1054 1545 1134 aliquandiu

314 1159 694 1238 maneretNoviomagi
705 1168 743 1222 ut
755 1160 881 1224 saltem
891 1157 1141 1240 litterasbujus
1152 1159 1547 1225 donationisconfectas

313 1283 435 1330 secum
448 1267 542 1330 ferre
556 1276 674 1346 posset
690 1265 712 1327 ³.
730 1266 845 1346 Virgo
859 1267 967 1330 etiam
982 1267 1071 1348 ipsa,
1087 1277 1127 1330 ut
1142 1267 1208 1330 sibi
1223 1267 1364 1331 adesset
1379 1268 1415 1330 in
1429 1277 1544 1332 extre·

314 1374 381 1437 mis
396 1374 469 1438 suis
483 1373 754 1438 necessitatibus
768 1373 933 1453 rogabat,
960 1373 1125 1454 quamvis
1150 1373 1326 1438 fatebatur
1352 1391 1392 1437 se
1405 1383 1545 1438 tantum

312 1479 435 1560 gaudii
449 1493 483 1544 et
502 1481 756 1545 consolationis
777 1480 813 1543 in
834 1498 898 1544 suo
924 1481 1032 1543 corde
1057 1481 1191 1544 sentire
1211 1491 1293 1560 post
1316 1481 1545 1546 donationem

312 1589 409 1651 iiiam
422 1587 633 1665 conlectam,
648 1596 686 1649 ut
696 1604 877 1668 nunquam
890 1596 963 1650 tam
977 1589 1069 1650 laeto
1080 1604 1119 1650 se
1131 1587 1239 1650 fuisse
1252 1587 1379 1668 spiritu
1391 1586 1541 1652 affirma-

313 1705 378 1767 rett
392 1705 427 1760 et
435 1695 662 1758 admirationi
674 1696 756 1760 aliis
764 1705 853 1773 erat,
867 1695 973 1776 qaod,
985 1694 1022 1757 in
1033 1694 1202 1758 maximis
1213 1694 1395 1759 doloribus
1409 1704 1444 1758 et
1460 1695 1545 1760 affli-

313 1803 489 1866 ctionibus
517 1802 642 1881 morbi,
668 1812 769 1868 tanta
794 1803 929 1865 laetitia
958 1801 1165 1866 abundaret.
1196 1801 1416 1866 Hortabatur
1437 1803 1546 1867 etiam

314 1925 438 1972 omnes
459 1907 504 1971 ad
525 1909 647 1972 mundi
667 1909 863 1972 vanitatem
883 1906 1193 1985 contemnendam,
1209 1916 1243 1970 et
1258 1908 1305 1970 ad
1323 1905 1544 1973 Deicuitum

313 2015 506 2092 excitabat,
524 2015 715 2096 etquidem
734 2030 814 2078 cum
835 2013 952 2078 fructu
974 2029 1117 2093 magum
1144 2013 1296 2078 addebat
1320 2016 1430 2080 ctiam
1453 2031 1492 2079 se
1506 2018 1546 2080 ti-

312 2137 409 2186 mere
429 2122 525 2202 quod
546 2122 655 2201 digna
675 2139 747 2184 non
761 2131 855 2185 esset
870 2121 983 2184 oculis
996 2121 1070 2184 suis
1084 2120 1207 2185 videre
1221 2121 1332 2184 vitam
1345 2139 1388 2184 ac
1403 2121 1546 2186 modum

311 2229 442 2310 agendi
462 2227 755 2310 SocietatisJesu,
775 2227 838 2292 sed
854 2245 935 2291 cum
951 2227 1062 2291 Moise
1079 2239 1281 2292 contentam
1304 2245 1382 2292 esse
1402 2245 1442 2292 se
1462 2238 1501 2293 ut
1523 2248 1546 2292 a

312 2338 419 2415 longe
430 2353 509 2399 eam
524 2336 640 2399 visam
655 2336 795 2399 salutet.

370 2443 443 2506 766.
485 2441 524 2506 In
539 2452 668 2506 octava
683 2442 739 2505 die
754 2442 794 2506 B.
809 2441 959 2525 Joannis
973 2441 1226 2521 Evangelistae
1240 2443 1392 2505 nuncius
1410 2443 1541 2507 missus

311 2558 366 2613 est
380 2567 402 2612 a
424 2549 691 2628 magistratibus
714 2549 824 2627 urbiS,
851 2547 910 2629 qui
937 2547 974 2611 P.
992 2548 1179 2614 Leonardo
1198 2551 1425 2612 renunciaret
1445 2559 1483 2612 ut
1496 2567 1543 2614 ex

314 2657 402 2721 urbe
417 2657 599 2722 recederet
610 2654 635 2735 ⁴;
653 2657 714 2721 sed
727 2674 806 2721 eum
819 2674 889 2720 non
907 2656 1054 2735 invenit,
1074 2673 1158 2720 nam
1174 2655 1269 2736 apud
1286 2656 1404 2720 virum
1424 2673 1543 2737 quem·

314 2764 397 2827 dam
418 2765 609 2843 primariae
634 2764 839 2843 nobilitatis,
861 2764 921 2844 qui
941 2765 1057 2827 locum
1080 2764 1308 2844 Imperatoris
1327 2763 1543 2845 Noviomagi

313 2872 457 2936 tenebat
471 2880 506 2935 et
520 2872 609 2935 bene
624 2871 667 2934 de
682 2870 859 2935 societate
874 2870 1060 2947 sentiebat,
1077 2881 1160 2933 tunc
1179 2872 1404 2950 versabatur,
1427 2872 1472 2933 ab
1486 2888 1542 2951 eo,

311 2978 460 3057 scilicet,
477 2978 659 3041 invitatus.
677 2976 850 3041 Postridie
865 2978 960 3041 idem
974 2976 1125 3039 nuncius
1136 2975 1295 3053 mittitur,
1310 2976 1374 3040 sed
1386 2978 1468 3057 qula
1483 2994 1542 3042 ex·

311 3094 426 3148 trema
440 3087 560 3148 unctio
575 3085 708 3163 virgini
723 3084 925 3162 aegrotanti
946 3082 958 3115 ⁸
977 3082 1194 3147 conserenda
1214 3093 1302 3163 erat,
1324 3102 1396 3147 non
1415 3095 1469 3147 est
1484 3086 1543 3149 ad·

311 3191 442 3255 missus
456 3191 502 3256 ad
517 3191 729 3270 colloquium
744 3189 861 3253 Patris
872 3190 1061 3267 Leouardi,
1078 3206 1187 3270 quam
1198 3206 1279 3253 cum
1294 3190 1399 3269 virgo
1411 3191 1543 3255 devota

311 3300 520 3379 accepisset,
537 3298 626 3362 dixit
641 3298 921 3361 consolationem
934 3315 974 3360 se
989 3314 1061 3359 non
1076 3296 1254 3360 modicam
1274 3314 1296 3360 a
1315 3297 1468 3361 Domino
1484 3299 1542 3361 ob-

353 3504 361 3535 ¹
395 3503 449 3547 l·loc
460 3502 651 3555 satvrriano,
661 3504 679 3547 ι,
688 3514 720 3555 c..
730 3502 773 3546 unl
784 3506 886 3545 tantum
900 3501 1023 3554 religioso
1037 3501 1170 3554 adscribiu
1186 3500 1291 3548 Polancl
1306 3511 1394 3546 umen
1409 3503 1491 3547 verba
1506 3513 1546 3547 re-

315 3576 439 3629 spondent
450 3574 579 3619 Leonardi
591 3574 699 3619 liesselii
708 3574 802 3627 verbis,
814 3584 879 3628 quae
888 3575 982 3617 suntin
990 3572 1111 3616 Litterae
1119 3572 1224 3625 Quadri
1226 3576 1372 3624 mestres,t.
1380 3584 1418 3623 ιιι,
1426 3586 1456 3628 pa
1460 3586 1486 3628 g.
1494 3575 1543 3619 251.

351 3648 362 3679 Ι
389 3646 455 3690 Erat
465 3654 551 3690 tamen
562 3646 633 3690 cordi
645 3646 747 3700 ignatio
755 3644 897 3699 Collegium
908 3644 1063 3697 Noviomagl
1075 3645 1185 3699 erigere,
1193 3653 1221 3687 ut
1230 3655 1261 3688 ex
1272 3645 1388 3699 pluribus
1398 3657 1414 3687 a
1423 3646 1541 3698 Polaaeo,

308 3728 343 3761 ex
358 3730 431 3769 com,
446 3718 552 3771 scriptis
567 3719 663 3762 litteris
677 3716 787 3761 eruitur.
798 3716 849 3769 Sic,
859 3728 900 3759 ex.
911 3727 959 3769 gr,
977 3716 1023 3759 ta·
1038 3714 1175 3760 Februarii
1190 3717 1322 3761 scribebat
1339 3716 1413 3761 Patri
1429 3716 1543 3763 Caninio:

308 3788 371 3843 “in
381 3790 402 3834 el
413 3790 507 3833 manda
517 3791 571 3833 alla
581 3788 611 3832 R.
622 3788 655 3832 V.
666 3790 692 3833 la
702 3788 777 3843 copia
787 3789 812 3833 dl
824 3799 875 3831 una
888 3790 984 3831 lettera
994 3789 1043 3831 che
1052 3789 1139 3831 ecrlve
1150 3790 1167 3831 il
1179 3787 1207 3830 P.
1217 3787 1363 3837 Leonardo.
1379 3789 1448 3832 nella
1463 3792 1539 3844 quale

308 3860 407 3904 vedere
416 3860 433 3903 ll
445 3860 548 3903 fervore
560 3859 620 3903 delll
630 3858 833 3913 noviomagensi.
843 3866 868 3901 et
880 3860 921 3901 nol
932 3858 1064 3901 crediamo
1074 3858 1120 3900 che
1133 3859 1192 3901 vole
1202 3858 1370 3911 rlsguarlare
1380 3857 1429 3901 Dio
1440 3858 1470 3902 N.
1481 3858 1536 3903 S.li

307 3930 428 3977 desiderii
439 3930 464 3975 di
476 3931 554 3986 quelli
564 3931 611 3977 clia
622 3942 683 3975 sono
693 3932 762 3975 nella
773 3929 967 3985 compararant
978 3931 1064 3983 quella
1070 3930 1143 3973 cltta.
1149 3930 1249 3973 Adesse
1256 3930 1278 3972 si
1286 3930 1372 3973 scrlve
1381 3932 1428 3975 che
1439 3930 1544 3986 vadeno

307 4014 335 4047 ac
346 4006 407 4047 sara
417 4003 565 4057 aspediente
576 4002 699 4046 mandare
709 4002 818 4056 qualche
829 4002 974 4050 sacerdote,
985 4011 1056 4043 come
1066 4002 1176 4044 sarebbe
1187 4002 1204 4044 ιι
1217 4000 1243 4044 Ρ.
1258 4000 1391 4045 Bernardo
1406 4000 1542 4055 (oliverio)

306 4086 322 4119 o
332 4085 396 4118 vero
405 4075 453 4118 che
464 4075 526 4118 vadi
537 4074 554 4117 ll
566 4073 593 4119 P.
605 4072 742 4117 Leonardo
752 4084 799 4128 per
810 4083 904 4125 argere
917 4073 959 4127 piu
970 4074 993 4115 le
1003 4082 1062 4116 core
1073 4078 1100 4115 et
1115 4073 1210 4115 vedere
1222 4073 1282 4115 sesi
1297 4080 1448 4117 meternnno
1465 4073 1491 4116 ln
1500 4084 1540 4117 ea·

305 4157 365 4191 aare
374 4147 466 4191 alcune
476 4146 617 4199 provisioni
628 4145 709 4190 terme
720 4156 766 4201 per
777 4146 795 4189 ll
806 4145 917 4199 collegio
928 4154 954 4187 et
964 4145 1049 4187 allora
1058 4144 1080 4188 ιι
1093 4144 1190 4188 aedera
1200 4144 1225 4187 dl
1235 4143 1345 4188 mandor
1354 4155 1404 4188 nno
1411 4145 1542 4199 (collegio)

306 4217 337 4262 de
348 4219 374 4262 rt
384 4230 398 4261 o
409 4219 435 4261 15
444 4229 561 4273 persone,
576 4218 673 4272 perche
682 4218 708 4261 lo
723 4217 819 4262 merita
828 4218 853 4260 la
863 4217 995 4261 divotione
1010 4215 1071 4258 delli
1086 4215 1239 4269 particulari
1255 4221 1282 4258 et
1292 4216 1311 4259 ll
1323 4223 1440 4271 reapetto
1456 4216 1503 4260 che
1516 4217 1540 4261 ai

305 4290 374 4333 tiene
384 4301 400 4333 a
410 4300 498 4333 essere
507 4289 533 4333 di
542 4290 629 4343 quella
639 4290 706 4333 citra
715 4287 748 4333 V.
760 4288 790 4333 R.
802 4296 827 4331 et
840 4288 857 4331 il
869 4286 945 4331 birro.
957 4286 1116 4330 Theodorico
1127 4293 1154 4329 et
1165 4287 1183 4329 li
1193 4286 1253 4330 duoi
1263 4287 1388 4338 canonici,
1397 4288 1467 4341 quall
1475 4287 1539 4332 tuiti

304 4362 326 4405 sl
338 4360 475 4415 diportano
486 4362 566 4405 molto
576 4362 662 4413 bene„

344 4430 356 4465 ³
386 4430 452 4475 Vide
463 4443 550 4486 supra,
562 4443 621 4486 pag.
633 4432 682 4485 278,
694 4443 717 4475 n.
729 4432 777 4483 763,
788 4439 879 4475 annot.
891 4431 913 4485 3,
924 4439 951 4473 et
961 4431 1038 4482 inira,
1049 4443 1073 4473 n.
1082 4431 1132 4474 770.

345 4504 357 4537 ι
383 4503 520 4558 “scautjes
530 4503 625 4548 asserit
635 4502 905 4555 renatnmtJanuarli
917 4502 970 4546 1555
980 4503 1137 4547 Societatem
1154 4503 1288 4557 Neomago
1303 4504 1399 4558 pellere
1415 4503 1539 4549 statuisse

302 4574 499 4624 (Geecbledenis
519 4586 572 4619 van
593 4575 638 4619 liet
657 4574 763 4619 Blsdom
779 4576 799 4619 ’a
818 4574 1043 4629 Hertogenbosch,
1060 4588 1087 4629 v,
1105 4586 1130 4629 p.
1147 4575 1218 4629 tell„
1238 4573 1451 4629 Banoreaaacaa,
1469 4577 1486 4620 l.
1506 4587 1540 4629 c.,

298 4656 365 4701 part.
374 4646 424 4699 bu,
435 4653 522 4691 annot.
532 4646 681 4691 8.-lbldem
693 4646 761 4699 vide,
772 4655 859 4690 annot.
869 4646 890 4701 2,
902 4646 1118 4700 Noviomarensrs
1128 4644 1239 4691 Senatus
1248 4646 1389 4691 decretam.

347 4720 358 4751 ⁵
385 4720 535 4764 Thereaine.
