3717 5400
350 486 407 543 tta
809 483 937 543 Canon.
959 483 1035 545 Soc.
1056 488 1126 559 Jss.

350 632 497 710 bantur3
514 641 548 695 et
563 640 748 712 tantopere
762 614 963 712 percrebuit
978 646 1101 694 rumor
1115 629 1221 711 hujus
1235 629 1284 711 pii
1299 629 1428 710 operiS,
1452 637 1490 694 ut
1509 626 1585 693 nul·

351 739 407 801 lus
420 737 675 818 propemodum
689 738 726 800 in
741 746 815 801 tota
835 738 921 801 urbe
945 746 1160 817 aegrotaret,
1185 737 1231 801 ad
1251 754 1356 817 quem
1377 737 1491 801 nostri
1511 754 1583 801 non

350 854 633 923 accerserentur,
649 843 841 925 etquidem
855 846 953 908 nullo
968 843 1127 908 adhibito
1143 845 1281 909 delectu
1302 844 1484 924 temporiS,
1504 844 1585 907 sive

353 952 519 1027 interdiu,
539 951 616 1015 sive
635 950 752 1015 media
770 961 875 1014 nocte
894 968 1018 1015 eorum
1042 967 1152 1031 opera
1174 950 1384 1031 indigerent.
1408 950 1452 1015 Et
1473 950 1581 1013 dabat

351 1058 475 1122 divina
490 1058 637 1123 Bonitas
650 1058 746 1122 vires
765 1068 804 1121 ut
824 1058 876 1121 eis
896 1057 1011 1121 nostri
1030 1066 1174 1139 possent
1189 1056 1394 1134 subvenire,
1417 1056 1582 1137 quamvis

348 1165 478 1229 medici
491 1165 681 1228 veniebant
696 1164 743 1229 ad
756 1164 955 1243 Collegium
967 1174 1001 1229 et
1013 1182 1094 1229 cum
1106 1167 1237 1228 nostris
1248 1164 1533 1245 expostulabant,
1547 1173 1581 1227 et

348 1274 498 1336 tolerari
518 1290 590 1336 non
614 1290 720 1353 posse
740 1271 941 1353 hujusmodi
960 1272 1130 1349 laborem,
1154 1280 1188 1335 et
1211 1270 1514 1335 succumbendum
1532 1271 1582 1334 illi

349 1396 443 1457 esse,
458 1380 489 1443 si
503 1379 659 1459 duraret,
676 1378 915 1459 affirmabant,
932 1379 1047 1443 nostri
1067 1388 1202 1456 tamen,
1224 1394 1323 1458 spem
1343 1378 1379 1440 in
1401 1376 1478 1441 Deo
1501 1395 1581 1441 con·

352 1486 543 1563 stituendo,
566 1487 766 1550 animarum
785 1487 890 1551 saluti
916 1486 1041 1550 deesse
1061 1484 1212 1565 gravius
1231 1485 1492 1549 incommodum
1511 1486 1582 1548 exi-

348 1594 554 1673 stimabant,
571 1610 678 1674 quam
692 1594 829 1674 proprii
844 1593 1005 1673 corporis
1019 1592 1225 1656 valetudini.

413 1699 501 1764 1285.
544 1700 763 1764 Animaba‘nt
788 1710 907 1764 autem
929 1710 1160 1780 aegrotantes
1181 1700 1226 1763 ad
1251 1700 1459 1780 patientiam
1479 1708 1514 1761 et
1536 1700 1582 1762 ad

350 1807 505 1871 fructum
519 1826 564 1871 ex
585 1806 789 1872 infirmitate
811 1806 1035 1887 capiendum,
1058 1807 1142 1870 dum
1162 1824 1264 1871 suam
1284 1808 1504 1871 voluntatem
1524 1806 1580 1869 be·

349 1914 529 1995 neplacito
544 1914 665 1978 divino
680 1914 968 1993 conformabant,
989 1924 1023 1977 et
1042 1912 1178 1978 fructus
1198 1914 1280 1977 inde
1299 1913 1513 1994 proveniens
1532 1914 1581 1976 la·

350 2020 485 2100 borem,
502 2021 563 2102 qui
577 2022 706 2086 nimius
725 2021 929 2099 videbatur,
950 2021 1162 2102 praesertim
1181 2022 1218 2084 in
1240 2029 1387 2098 aestate,
1408 2028 1581 2099 tempera·

349 2128 423 2191 bat.
438 2128 560 2209 Aliqui
574 2130 668 2193 enim
683 2131 753 2211 qui,
771 2147 853 2193 cum
866 2130 946 2192 sani
960 2138 1094 2207 essent,
1111 2128 1157 2192 ad
1173 2128 1353 2193 Christum
1368 2127 1496 2191 adduci
1509 2144 1580 2191 non

354 2244 557 2315 potuerant,
581 2237 648 2300 hoc
667 2236 900 2315 aegritudinis
922 2237 1038 2301 medio
1060 2235 1105 2299 ad
1124 2234 1200 2315 ejus
1219 2235 1425 2315 obsequium
1444 2234 1582 2299 reducti

350 2352 449 2422 sunt,
475 2353 615 2406 etcum
639 2344 782 2406 vexatio
807 2344 1024 2406 intellectum
1045 2342 1162 2421 daret,
1183 2358 1399 2422 magnopere
1425 2340 1580 2422 profece-

354 2459 448 2512 runt.
464 2448 553 2513 Erat
569 2459 686 2512 autem
702 2459 802 2513 tanta
816 2448 997 2514 hominum
1009 2448 1209 2513 aedificatio
1221 2457 1367 2530 propter
1377 2449 1470 2513 hanc
1482 2464 1582 2512 exer·

290 2634 293 2640 ,
351 2557 559 2620 citationem
582 2565 618 2619 et
642 2565 741 2619 tanta
765 2557 908 2620 devotio
934 2573 1021 2636 erga
1046 2567 1200 2634 nostros
1222 2566 1261 2619 ut
1285 2574 1356 2619 nou
1378 2556 1580 2619 dubitarent

351 2663 448 2744 quod
470 2665 529 2726 vel
547 2664 705 2744 ipsorum
724 2664 944 2728 orationibus
963 2664 1099 2728 sanitas
1121 2663 1207 2745 ipsis
1228 2672 1323 2727 esset
1348 2663 1581 2736 restituenda,

350 2771 411 2834 vel
437 2771 533 2851 quod
561 2788 670 2851 opera
695 2784 899 2836 nostrorum
923 2771 970 2835 ad
995 2773 1185 2835 coelestem
1210 2780 1244 2834 et
1263 2771 1444 2834 meliorem
1469 2771 1581 2833 vitam

349 2887 469 2941 essent
491 2877 678 2958 dirigendi.
700 2879 745 2942 Et
764 2879 812 2941 ita
833 2895 912 2941 cum
940 2878 1019 2959 quis
1043 2879 1275 2956 moriebatur,
1298 2878 1389 2941 inter
1411 2875 1581 2941 beneficia

350 2985 546 3065 singularia
567 3004 587 3049 a
610 2985 687 3048 Deo
710 2995 858 3065 accepta
881 2986 950 3048 hoc
971 2987 1062 3049 inter
1083 2986 1197 3064 prima
1219 2985 1465 3062 numerabant,
1486 2985 1581 3064 quod

350 3091 479 3172 aliquis
494 3111 540 3156 ex
553 3092 746 3156 benedictis
762 3093 827 3170 (sic
841 3091 935 3154 enim
955 3104 1098 3156 nostros
1116 3091 1309 3169 vocabant)
1330 3092 1380 3154 eis
1399 3092 1582 3170 migranti-

351 3198 416 3262 bus
431 3199 582 3263 adesset.

414 3304 502 3369 1286.
545 3305 725 3384 Pauperes
739 3306 847 3368 etiam
869 3305 1092 3385 inhospitali
1117 3306 1311 3368 visitabant
1333 3315 1368 3368 et
1387 3305 1477 3368 alios
1496 3321 1577 3384 pau·

351 3414 527 3491 perculoS,
544 3413 603 3493 qui
618 3413 653 3474 in
665 3411 806 3491 angulis
816 3412 914 3475 urbis
926 3413 1095 3492 privatim
1104 3411 1286 3493 Jacebant3
1299 3414 1460 3476 detentos
1475 3412 1583 3476 etiarn

349 3518 388 3581 in
401 3519 542 3599 publica
556 3518 735 3596 custodia,
752 3529 924 3582 eteorum
939 3519 1180 3582 confessiones
1195 3520 1396 3596 audiebant,
1413 3531 1446 3584 et
1463 3536 1526 3583 eos
1536 3519 1582 3584 ad

349 3625 507 3689 fructum
528 3643 574 3688 ex
593 3626 668 3689 suis
692 3626 828 3689 catenis
853 3626 1074 3690 educendum
1101 3627 1346 3691 hortabantur.
1370 3626 1426 3690 Ad
1451 3626 1581 3692 festum

352 3739 473 3795 autem
485 3729 623 3796 Natalis
637 3731 792 3811 Domini,
808 3731 939 3796 Rector
955 3733 1126 3813 quosdam
1141 3751 1185 3796 ex
1197 3734 1327 3797 nostris
1338 3734 1383 3797 ad
1399 3750 1581 3798 carcerem

349 3838 447 3904 misit
465 3850 504 3903 ut
522 3857 602 3903 eam
624 3848 829 3903 everrerent
850 3849 885 3902 et
905 3838 1154 3918 emundarent,
1178 3857 1259 3904 cum
1279 3842 1384 3904 valde
1403 3845 1503 3905 locus
1523 3841 1584 3904 ille

349 3946 515 4010 sordidus
534 3955 638 4010 esset.

413 4052 501 4117 1287.
545 4054 599 4118 Ex
614 4053 854 4118 conscientiae
876 4055 1020 4118 casibus
1038 4067 1073 4118 et
1093 4055 1242 4136 privatis
1263 4056 1581 4120 consultationibus

349 4161 500 4224 multum
514 4161 622 4224 etiam
636 4161 863 4226 emolumenti
878 4161 1017 4225 civibus
1032 4162 1100 4226 illis
1117 4162 1278 4226 accessit.

414 4265 502 4331 1288.
545 4266 635 4332 Cum
658 4279 778 4332 autem
801 4268 1001 4349 Episcopus
1025 4267 1242 4332 Placentiam
1266 4269 1423 4333 venisset
1450 4270 1487 4333 in
1512 4271 1581 4334 hac

348 4373 645 4454 Quadragesima,
663 4371 723 4456 [et]
739 4377 950 4455 applausum
970 4375 1103 4438 civium
1122 4375 1269 4440 vidisset
1284 4377 1316 4440 ei
1332 4379 1582 4456 congratulan-

348 4481 439 4546 tium
454 4481 547 4560 quod
566 4478 780 4545 Societatem
799 4480 1016 4545 Placentiam
1031 4482 1252 4562 adduxisset,
1276 4501 1409 4548 novum
1424 4483 1580 4548 animum

347 4587 499 4667 sumpsit
521 4598 685 4668 coeptum
707 4605 797 4669 opus
811 4587 1044 4668 promovendi
1059 4599 1094 4652 et
1109 4589 1274 4668 augendi:
1290 4599 1325 4653 et
1339 4591 1459 4654 statim
1474 4589 1582 4655 Prae·

348 4703 463 4757 torem
477 4693 633 4757 civitatis
654 4705 688 4759 et
703 4707 886 4758 senatores
906 4697 1124 4776 alloquutus,
1142 4697 1178 4759 in
1199 4697 1268 4760 situ
1290 4697 1516 4762 convenienti
1535 4698 1583 4764 ad
