3717 5400
342 476 379 533 9⁴
799 482 928 543 Canon.
950 483 1027 542 Soc.
1047 483 1118 556 Jns.

404 626 476 690 245.
519 625 822 710 Archiepiscopus
838 631 943 694 etiam
959 629 1106 710 Ragusii
1130 630 1137 661 ¹
1164 639 1198 694 et
1223 631 1381 710 Legatos
1405 629 1482 710 ejus
1497 631 1574 695 Rei-

343 734 507 813 publicae
522 735 566 798 de
590 737 740 816 collegio
760 738 798 800 in
817 738 877 800 illa
897 736 1043 800 civitate
1058 737 1273 802 instituendo
1293 738 1387 801 serio
1407 737 1573 817 agebant,

344 843 508 920 quamvis
531 842 715 923 hucusque
738 861 797 907 res
817 862 890 908 non
918 845 1097 908 maturuit.
1129 844 1443 925 Conquerebantur
1467 846 1573 908 etiam

343 945 618 1028 Maceratenses,
637 950 731 1030 quod
745 968 816 1015 non
831 969 874 1014 eo
890 952 996 1032 aliqui
1018 961 1135 1015 essent
1154 952 1254 1014 missi
1274 969 1295 1013 a
1316 951 1353 1014 P.
1375 950 1512 1031 ignatio
1528 952 1572 1016 ad

344 1055 534 1134 collegium
547 1056 795 1121 inchoandum.

402 1163 448 1226 Et
463 1163 553 1226 haec
567 1163 611 1227 de
626 1165 833 1229 Lauretano
848 1166 1006 1246 Collegio
1022 1167 1093 1232 sint
1108 1167 1203 1231 dicta
1218 1169 1239 1227 ¹.

638 1591 702 1656 DE
725 1591 960 1658 COLLEGIO
982 1592 1280 1659 FLORENTINO

400 1910 473 1974 246.
516 1913 594 1977 Hoc
609 1932 703 1978 anno
718 1915 756 1978 P.
773 1914 977 1979 Ludovicus
988 1915 999 1946 ³
1011 1916 1174 1996 praefuit,
1191 1925 1230 1980 ut
1240 1917 1346 1980 etiarn
1357 1917 1570 1996 praeceden-

344 2019 449 2098 tibus,
466 2021 625 2101 Collegio
639 2022 857 2086 Florentino.
873 2023 1057 2087 Accedere
1072 2033 1190 2087 autem
1207 2025 1253 2087 ad
1267 2023 1455 2088 Societatis
1474 2025 1571 2088 insti-

343 2138 458 2219 tutum
480 2128 550 2192 duo
570 2139 631 2193 aut
651 2141 724 2193 tres
743 2148 788 2194 ex
802 2131 933 2194 nostris
954 2131 1176 2194 scholasticis
1197 2133 1466 2212 constituerunt,
1487 2150 1571 2213 quo·

342 2253 420 2299 rum
437 2235 550 2316 major
565 2237 707 2300 natione
732 2238 903 2318 hispanus
928 2236 1103 2316 Ducissae
1128 2240 1165 2302 in
1191 2237 1304 2302 officio
1330 2240 1500 2304 nobilium
1522 2242 1571 2304 in·

343 2344 533 2423 serviebat,
551 2343 828 2425 christophorus
841 2344 872 2407 T
872 2345 1015 2408 rusillus
1039 2343 1052 2375 ⁴
1076 2346 1231 2423 nomine;
1258 2355 1293 2408 et
1314 2347 1477 2427 quamvis
1497 2346 1571 2427 eius

342 2452 574 2530 consaguinei
589 2452 757 2532 lacrymis
782 2461 816 2515 et
837 2453 1023 2532 promissis
1037 2469 1117 2516 eum
1132 2465 1391 2533 oppugnarent,
1420 2454 1507 2518 nihil
1520 2464 1571 2518 ta·
1613 2483 1620 2500 ·

342 2576 422 2621 men
436 2557 672 2638 profecerunt.
689 2560 733 2623 Et
747 2560 862 2638 primo
884 2575 1024 2639 quoque
1048 2569 1207 2640 tempore
1231 2560 1394 2641 cupiebat
1420 2561 1567 2626 admitti.

341 2666 396 2730 Ex
410 2665 466 2729 his
481 2676 599 2730 autem
613 2665 726 2731 tribus
741 2663 752 2697 ⁵
766 2683 888 2731 morae
901 2667 1091 2747 impatiens
1111 2677 1195 2731 vota
1216 2665 1370 2732 Domino
1390 2685 1570 2751 nuncupa·

341 2774 404 2851 vit,
422 2773 528 2854 quod,
545 2791 626 2837 cum
646 2775 799 2853 primum
824 2774 1049 2837 occasionem
1073 2784 1201 2838 nactus
1225 2785 1330 2851 esset,
1357 2775 1569 2842 Societatem

341 2881 568 2958 ingressurus
584 2891 671 2945 erat.

399 2986 470 3050 247.
520 2987 791 3052 Confessionum
824 2989 950 3052 messis
982 3005 1122 3069 semper
1150 2989 1390 3055 abundantem
1414 2990 1568 3055 fructum

340 3095 468 3159 attulit.
485 3094 657 3159 Foemina
682 3094 869 3176 quaedam,
893 3113 984 3176 quae
1008 3096 1122 3176 primo
1146 3097 1279 3159 nostris
1304 3097 1469 3161 confessa
1483 3107 1568 3161 tunc

339 3202 465 3281 suerat,
481 3202 533 3265 sic
547 3212 760 3281 compuncta
774 3202 852 3280 suit,
869 3212 906 3265 ut
921 3220 967 3265 ex
982 3221 1020 3266 se
1035 3202 1123 3266 alios
1147 3203 1306 3281 metiens
1328 3203 1460 3267 diceret
1479 3220 1569 3267 saxo

339 3309 519 3372 duriorem
540 3325 618 3371 esse
643 3308 702 3388 qui
727 3317 849 3371 nostra
865 3309 901 3371 in
926 3309 1077 3373 ecclesia
1102 3319 1250 3389 peccata
1272 3309 1470 3373 confitendo
1498 3328 1569 3374 non

340 3424 609 3479 converteretur
618 3415 664 3478 ad
675 3412 879 3478 Dominum.
892 3415 1056 3495 Aliquae,
1071 3433 1160 3496 quae
1172 3415 1258 3479 viris
1274 3416 1430 3480 nondum
1444 3435 1570 3498 nupse-

338 3529 431 3601 rant,
448 3522 590 3584 hortatu
606 3530 809 3583 nostrorum
824 3539 863 3584 se
877 3519 945 3584 Dei
965 3522 1111 3585 servitio
1136 3523 1172 3584 in
1193 3523 1366 3605 reiigione
1391 3524 1570 3603 mancipa-

338 3638 432 3707 runt,
449 3628 541 3692 inter
556 3644 646 3707 quas
671 3628 799 3690 nobilis
823 3629 998 3707 quaedam
1023 3638 1056 3691 et
1082 3628 1174 3691 Duci
1191 3630 1456 3709 consanguinea
1479 3642 1567 3709 erat,

339 3753 431 3816 quae
446 3751 664 3815 magnopere
679 3736 715 3797 in
731 3735 790 3797 via
805 3735 981 3815 spirituali
1000 3734 1211 3816 profecerat,
1229 3745 1419 3816 postquam
1438 3737 1570 3800 nostris

379 3994 389 4026 ¹
416 3994 484 4037 Dum
498 3995 530 4037 de
540 4004 627 4037 mense
639 4002 712 4036 certo
724 4005 773 4036 non
784 4000 888 4037 constat
898 3995 982 4046 (nobis
993 4002 1081 4037 aurem
1091 3995 1202 4039 nondum
1211 3995 1346 4047 constitit),
1358 4006 1407 4050 qno
1417 3996 1480 4039 haec
1492 4007 1569 4050 egere

339 4060 473 4118 Ragnslnt,
482 4065 606 4107 affirmari
616 4070 691 4107 certo
703 4075 753 4108 non
763 4070 849 4118 potest
859 4065 976 4119 quisnam
993 4064 1035 4108 hic
1051 4065 1128 4109 luerit
1138 4066 1366 4121 Archteplscopus,
1377 4066 1420 4121 qui
1430 4065 1569 4111 societatis

338 4135 475 4189 collegium
485 4135 553 4189 apud
563 4146 592 4178 se
602 4135 650 4178 hoc
663 4146 731 4180 euno
743 4136 840 4180 habere
850 4136 942 4189 volnlt,
953 4148 987 4179 an
1003 4135 1115 4188 Joannes
1131 4137 1248 4191 Angelus
1263 4136 1377 4191 Medicis,
1392 4149 1426 4181 an
1440 4148 1503 4182 vero
1519 4136 1569 4181 Lu·

338 4207 446 4250 dovicna
456 4206 606 4258 Beccntelli,
617 4208 661 4261 qui
673 4206 765 4259 Jonnni
774 4208 898 4252 succeseit
907 4207 982 4262 hujus
990 4209 1049 4251 anni
1059 4219 1144 4251 mense
1154 4207 1299 4262 Septembri
1308 4208 1348 4252 dle
1357 4209 1457 4253 decima
1465 4215 1571 4253 octava.

377 4276 389 4307 ¹
418 4276 517 4322 Horum
533 4278 648 4321 maxima
663 4290 725 4333 pars
740 4280 893 4334 deprompta
903 4288 942 4323 est
955 4291 987 4322 ex
997 4280 1094 4323 litteris
1104 4279 1212 4324 Petrum
1227 4278 1336 4324 Oliverii
1350 4278 1465 4325 Manarei
1481 4288 1507 4324 et
1520 4280 1570 4325 Ra·

338 4348 439 4400 phaeth
449 4348 535 4403 Riern,
544 4350 599 4404 jam
609 4350 686 4394 editis
699 4351 725 4393 in
742 4349 864 4394 Litterae
879 4350 1112 4403 Quadrimestres,
1133 4357 1151 4395 t.
1168 4362 1204 4405 ιιι,
1222 4363 1284 4406 pag.
1301 4351 1349 4407 317,
1364 4350 1413 4407 826,
1428 4352 1476 4401 374,
1494 4352 1534 4395 556
1544 4360 1571 4395 et

339 4420 381 4462 &55

380 4490 391 4522 ³
419 4490 448 4534 P.
459 4490 608 4534 Ludovicus
619 4492 653 4534 du
663 4490 781 4547 Condrey
793 4502 839 4535 seu
849 4493 880 4536 de
891 4492 1030 4537 Condreto.

379 4564 392 4594 ὁ
422 4561 695 4615 Truxiiio,Tru1'illo?

378 4633 391 4665 ⁸
418 4632 473 4687 Sic;
492 4634 580 4677 deesse
598 4644 687 4677 aurem
704 4637 808 4679 videtur
825 4647 876 4680 vox
895 4647 982 4688 unus,·
999 4638 1023 4681 ni
1041 4638 1108 4681 forte
1126 4638 1191 4681 haec
1210 4638 1381 4692 intelligenda
1396 4638 1447 4682 sint
1464 4640 1494 4681 de
1519 4650 1569 4683 uno

338 4706 479 4757 eodemque
493 4702 682 4759 christophoro
692 4706 808 4761 Trujillo.
