3717 5400
369 467 429 564 396
831 497 960 559 Canon.
980 497 1058 559 Soc.
1079 499 1150 572 st.

369 651 470 713 illam
484 647 755 729 prohibitionem
770 645 962 724 venissent,
976 655 1011 709 et
1029 645 1238 710 reservabat
1257 645 1515 709 absolutionem
1537 645 1606 710 sibi

368 773 416 819 ac
431 773 495 820 suo
507 755 653 818 Vicario
668 764 704 817 et
719 753 797 816 aliis
812 751 1034 834 quibusdam,
1049 762 1083 816 et
1097 762 1182 816 tunc
1194 754 1313 817 cautio
1322 750 1508 831 juratoria,
1521 761 1557 815 et
1568 762 1608 817 ut

371 845 528 926 diximus
544 861 565 940 ¹,
582 861 801 942 exigebatur:

436 968 525 1032 1068.
568 967 657 1032 Cum
678 976 784 1048 caput
809 967 860 1030 sic
882 976 977 1031 esset
1002 965 1166 1030 affectum
1192 983 1279 1047 erga
1303 977 1457 1047 nostros
1484 981 1606 1032 omnes

370 1077 540 1140 Rectores
566 1087 600 1139 et
626 1073 761 1138 Vicarii
786 1075 997 1154 congregati
1022 1073 1163 1139 suerunt
1188 1076 1387 1156 aliquoties,
1414 1086 1453 1138 ut
1476 1091 1607 1155 corpus

365 1199 479 1246 unum
504 1192 628 1246 contra
653 1191 813 1244 nostrum
849 1181 1047 1260 Collegium
1070 1181 1270 1260 efficerent,
1297 1197 1340 1244 eo
1374 1181 1468 1262 quod
1493 1183 1606 1245 nostri

367 1290 680 1370 Caesaraugustae
696 1289 748 1352 eis
762 1288 1078 1366 incommodarent;
1094 1298 1129 1351 et
1142 1289 1225 1351 hinc
1241 1289 1356 1370 coepit
1375 1305 1538 1352 crescere
1553 1297 1606 1351 tu·

374 1399 504 1462 multus
516 1397 636 1478 populi
647 1397 888 1472 vehementer,
902 1412 1007 1476 quem
1018 1395 1229 1473 adversarii,
1242 1407 1279 1459 ut
1290 1396 1502 1459 serebatura
1518 1398 1603 1458 mul·

367 1505 428 1585 tis,
445 1516 569 1568 contra
584 1503 798 1568 Societatem
812 1504 981 1583 populum
1000 1502 1208 1582 incitabant,
1230 1503 1380 1583 publicis
1400 1514 1435 1566 et
1456 1502 1605 1566 secretis

370 1613 498 1677 mediis
518 1611 697 1676 adhibitis

434 1719 522 1782 1069.
567 1719 637 1784 23.a
649 1719 704 1782 die
716 1717 810 1801 Junii
822 1717 878 1780 die
891 1718 1068 1781 dominico
1080 1715 1307 1782 Guardianus
1322 1716 1382 1781 S.²¹
1404 1718 1602 1796 Francisci,

367 1835 606 1890 conservator
621 1825 964 1904 Augustiniensium,
982 1824 1154 1904 publicari
1169 1823 1273 1903 Jussit
1292 1823 1366 1887 fere
1383 1825 1420 1887 in
1441 1825 1608 1887 omnibus

367 1933 532 1996 ecclesiis
557 1942 592 1995 et
617 1933 843 1995 monasteriis
868 1932 967 1994 urbis
990 1941 1029 1994 ut
1054 1932 1381 1994 excommunicatos
1400 1929 1526 1994 Patres
1540 1930 1604 1995 Ba-

371 2038 517 2121 ptistam
533 2040 576 2102 de
591 2039 733 2113 Barma,
756 2039 987 2102 Franciscum
1014 2038 1058 2101 de
1080 2036 1202 2116 RojaS,
1221 2038 1281 2116 qui
1306 2038 1472 2100 absentes
1486 2048 1600 2110 erant,

371 2158 407 2210 et
422 2146 546 2209 Patres
562 2145 783 2226 Alphonsum
795 2145 933 2208 Roman
951 2155 985 2208 et
1000 2145 1142 2224 Pignas,
1157 2143 1389 2225 quicumque¹
1400 2153 1502 2207 erant
1517 2145 1606 2208 Cae·

369 2265 621 2332 saraugustae;
639 2269 729 2333 quae
745 2269 802 2315 res
819 2252 918 2314 auxit
934 2251 1140 2314 scandalum
1156 2267 1384 2331 magnopere,
1410 2267 1495 2314 nant
1510 2251 1606 2313 inso-

372 2360 471 2422 litum
497 2369 556 2422 aut
578 2369 674 2422 certe
695 2360 917 2423 rarissimum
936 2369 990 2422 est
1016 2369 1052 2421 ut
1068 2359 1120 2422 sic
1145 2359 1283 2439 publice
1303 2358 1460 2438 religiosi
1483 2375 1606 2422 coram

368 2468 500 2547 populo
522 2467 882 2529 excommunicentur.
910 2465 999 2529 Dira
1014 2466 1107 2528 enim
1133 2475 1168 2528 et
1182 2465 1386 2528 execranda
1407 2465 1452 2528 de
1471 2466 1606 2528 nostris

372 2575 502 2654 vulgus
518 2574 709 2653 cogitabat;
727 2574 787 2635 alii
803 2573 1002 2636 haereticos
1016 2589 1112 2650 esse,
1130 2573 1189 2635 alii
1203 2573 1325 2636 nescio
1341 2589 1448 2653 quam
1470 2583 1607 2636 sectam

369 2689 433 2745 aut
448 2681 604 2761 exleges,
626 2690 660 2744 et
685 2681 755 2743 alia
774 2679 974 2761 huiusmodi
990 2680 1234 2743 mussitabant.
1258 2679 1359 2743 Tunc
1380 2680 1491 2744 nostri
1503 2679 1605 2761 juxta

366 2786 554 2868 cujusdam
565 2790 671 2852 amici
687 2789 843 2869 theologi
858 2787 1054 2866 consilium,
1068 2803 1113 2850 ne
1128 2784 1375 2851 offendiculum
1389 2798 1482 2851 esset
1494 2790 1603 2869 vulgo

368 2892 540 2973 justitiam
555 2896 754 2974 ignorante,
771 2912 793 2956 a
808 2895 1045 2957 celebratione
1059 2894 1201 2974 publica
1215 2893 1471 2972 abstinuerunt,
1485 2912 1606 2974 quam·

371 3000 428 3063 vis
442 3000 609 3081 privatim
635 3018 774 3082 semper
799 3002 1037 3079 celebrarent,
1055 3011 1089 3064 et
1104 3010 1225 3083 aperte
1240 3000 1276 3064 id
1292 3001 1450 3065 dicerent
1466 3002 1603 3078 amicis,

368 3108 431 3187 qui
445 3109 615 3171 certiores
630 3107 705 3171 fieri
720 3119 900 3189 poterant,
918 3109 1014 3189 quod
1039 3125 1211 3171 censurae
1236 3110 1353 3172 nullae
1375 3119 1505 3189 essent,
1522 3126 1604 3172 cum

371 3225 513 3294 praeter
525 3213 583 3293 jus
608 3226 768 3278 nostrum
794 3233 815 3277 a
840 3214 929 3278 Sede
956 3216 1151 3295 apostolica
1172 3231 1399 3293 concessum,
1427 3225 1465 3279 ut
1482 3216 1604 3279 Bullae

370 3320 622 3400 ostendebant,
643 3322 799 3400 legitime
823 3322 992 3384 inhibitus
1015 3331 1108 3384 esset
1130 3320 1239 3400 judex
1264 3322 1321 3383 ille
1340 3321 1600 3397 franciscanus

366 3438 405 3490 et
419 3429 465 3491 ad
480 3430 655 3491 cautelam
672 3429 833 3509 apposita
849 3428 974 3491 fuisset
989 3428 1179 3508 appellatio
1195 3444 1259 3490 suo
1275 3439 1435 3508 tempore
1450 3446 1531 3493 cum
1549 3446 1606 3491 so·

372 3534 611 3597 lemnitatibus
627 3536 816 3615 requisitis,
839 3544 917 3616 post
940 3551 1046 3615 quam
1065 3536 1251 3598 constabat
1269 3537 1602 3599 excommunicatio·

373 3658 438 3705 nes
453 3650 487 3704 et
502 3658 673 3705 censuras
688 3660 765 3705 esse
780 3643 905 3705 nullas

435 3747 523 3811 1070.
567 3748 667 3812 Tunc
683 3762 720 3811 ut
736 3749 939 3812 desinerent
954 3750 1115 3813 dubitare
1130 3751 1290 3813 homines
1304 3750 1347 3812 de
1358 3763 1481 3813 nostra
1495 3750 1603 3813 facul·

374 3864 458 3934 tate,
475 3866 509 3918 et
524 3855 665 3919 demum
680 3856 724 3918 ad
740 3856 984 3919 defensionem
1001 3858 1237 3938 permiserunt
1260 3858 1374 3920 nostri
1396 3867 1435 3920 ut
1457 3857 1602 3938 Episco-

374 3979 441 4041 pus
456 3961 623 4027 Oscensis
638 3964 834 4027 sententiae
850 3980 937 4027 suae
952 3974 1077 4027 contra
1097 3964 1327 4027 adversarios
1341 3964 1479 4027 litteras
1495 3966 1604 4045 publi·

368 4080 482 4147 caret,
498 4070 624 4150 quibus
639 4069 843 4133 declarabat
859 4070 953 4151 quod
976 4070 1026 4133 illi
1041 4070 1077 4133 in
1097 4072 1501 4135 excommunicationem
1517 4073 1602 4135 inci·

369 4176 511 4254 derent;
538 4175 600 4240 sed
626 4194 706 4241 cum
727 4178 858 4240 vellent
879 4194 942 4241 eas
961 4178 997 4240 in
1022 4177 1182 4239 ecclesiis
1208 4180 1449 4257 promulgare,
1472 4179 1604 4241 intelle·

370 4291 468 4345 ctum
483 4292 536 4345 est
553 4283 646 4364 quod
661 4282 964 4364 Archiepiscopus
983 4293 1214 4365 praeceperat
1238 4301 1282 4347 ne
1297 4286 1383 4364 quid
1402 4302 1525 4349 eorum
1547 4284 1605 4348 fie-

373 4399 439 4468 ret,
456 4408 546 4469 quae
562 4401 795 4453 conservator
811 4402 931 4455 noster
946 4391 1179 4470 praeciperet,
1197 4408 1262 4454 nec
1278 4391 1389 4471 ipsius
1404 4394 1542 4457 litterae
1558 4396 1605 4456 le·

378 4568 589 4576 -..a—...—

413 4664 422 4697 ¹
453 4664 545 4719 Supra,
556 4678 615 4721 pag.
625 4667 674 4721 393,
685 4680 708 4711 n.
721 4667 780 4711 1063.

413 4736 425 4767 ¹
452 4736 660 4790 stemuttunc?
