3717 5400
807 518 872 581 Aa.
894 519 964 581 1555
1445 517 1497 583 731

263 664 482 744 temporibus
500 663 547 727 ad
568 663 606 727 P.
623 665 870 731 Balthasarem
888 667 1065 747 veniebat,
1089 674 1396 731 sacramentorum
1416 685 1496 750 per·

264 770 514 853 cipiendorum
527 772 647 851 gratia
664 772 685 835 ¹.

325 876 417 942 2062.
462 874 552 942 Octo
563 877 778 960 Japonenses
791 896 837 943 ex
855 896 967 961 regno
982 878 1124 945 Sundae
1137 881 1175 944 in
1189 881 1276 945 navi
1289 880 1420 947 Didaci
1433 882 1498 947 Pe·

267 1001 351 1049 tera
366 985 412 1049 ad
429 982 534 1049 Sinas
550 995 735 1050 venerant.
751 986 852 1053 Unus
866 996 998 1067 autem,
1014 986 1050 1051 in
1064 988 1150 1051 navi
1164 987 1204 1051 P.
1219 988 1424 1054 Melchioris
1438 1008 1499 1055 ve·

266 1094 368 1157 niens
381 1090 405 1172 ¹,
422 1110 484 1157 eos
499 1092 545 1156 ad
559 1092 740 1158 Christum
754 1094 943 1173 convertit,
960 1102 995 1159 et
1014 1112 1035 1159 a
1049 1094 1155 1159 Patre
1169 1094 1363 1160 Melchiore
1376 1097 1495 1179 bapti-

266 1200 338 1263 zati
353 1210 446 1263 sunt.

326 1306 418 1370 Aliis
432 1306 475 1369 de
490 1305 597 1369 rebus
609 1306 769 1388 sequenti
783 1324 877 1372 anno
892 1308 1083 1372 videbitur.

665 1840 784 1907 FINIS
809 1840 924 1907 TOMI
946 1841 1103 1922 QUINTI

271 2270 484 2283 ———

296 2388 318 2447 ,¹
345 2388 413 2433 Vide
422 2400 510 2444 supra,
521 2395 544 2433 t.
554 2400 590 2443 xv,
600 2400 660 2445 pag.
670 2388 720 2442 671,
729 2400 755 2432 n.
764 2388 826 2432 1451.

308 2458 321 2493 ¹
345 2460 372 2505 1⁸
380 2472 431 2505 non
442 2473 474 2505 ex
483 2460 604 2505 Stnamm
618 2460 726 2515 imperio
740 2460 785 2503 sed
800 2458 917 2504 Malaca
933 2471 992 2504 cum
1006 2460 1187 2506 P.Me1ch10re
1202 2460 1288 2506 Nuflez
1303 2462 1435 2507 veniebat.
1449 2462 1496 2507 Ait

264 2523 336 2579 enini
344 2532 493 2577 Ludovicus
503 2534 534 2577 de
542 2532 564 2577 F
565 2537 624 2577 roes
634 2534 731 2577 litteris
740 2544 820 2587 supra
830 2532 986 2577 memoratis:
998 2532 1043 2577 “Di
1055 2532 1142 2578 Sunda
1152 2545 1265 2579 tenuero
1273 2536 1326 2579 alla
1335 2534 1419 2579 Chlnt
1428 2535 1499 2579 nella

267 2617 334 2650 naue
345 2606 370 2649 di
381 2604 464 2659 Diego
474 2605 581 2649 pereira
596 2611 650 2650 otto
661 2604 810 2660 Gtapanest
824 2616 935 2649 mentun
945 2605 970 2648 dt
980 2604 1024 2663 qul
1034 2617 1084 2651 uno
1094 2607 1112 2651 11
1122 2607 1150 2650 P.
1159 2606 1292 2662 Melchtor‚
1303 2606 1351 2651 che
1361 2608 1383 2653 tt
1395 2606 1497 2653 chiama

266 2676 420 2727 Gtoaehtno.
430 2676 472 2722 del
488 2678 565 2733 quale
581 2676 688 2722 hanefe!
701 2688 763 2722 caro
773 2677 798 2722 dt
813 2676 940 2722 scriuerut
955 2677 1028 2722 molti
1036 2678 1198 2734 particolari,
1213 2690 1241 2724 se
1257 2689 1307 2724 non
1317 2679 1350 2724 m!
1363 2690 1500 2725 manente

267 2751 286 2794 11
296 2757 390 2804 tempo:
400 2750 418 2793 11
428 2761 475 2794 suo
486 2750 569 2804 padre
579 2749 695 2805 respnde
706 2752 747 2794 nel
758 2749 972 2804 Glapan.et1ute
983 2751 1080 2805 grande
1091 2749 1196 2795 artefice
1204 2751 1229 2794 dt
1237 2750 1308 2796 lima:
1320 2757 1412 2807 questo
1425 2762 1499 2796 come

266 2821 343 2864 uldde
358 2822 393 2875 κί’
406 2821 467 2865 altri
480 2827 536 2865 otto
549 2821 618 2867 nella
632 2821 723 2875 chine,
738 2821 863 2865 comiaclo
873 2832 889 2865 a
901 2822 1030 2877 parlargu
1043 2823 1068 2867 (11
1079 2821 1110 2866 Ν,
1121 2821 1155 2866 Se
1169 2821 1317 2868 finalmente
1327 2823 1364 2878 tlt
1378 2821 1499 2868 conuerti

267 2893 338 2946 tutti,
349 2899 376 2938 ct
385 2895 423 2947 gli
433 2894 551 2938 battezzt
560 2893 578 2937 11
589 2894 669 2948 padre
677 2891 790 2937 Maestro
799 2891 925 2940 Melchlor
933 2925 946 2950 „
955 2894 1068 2939 Diversi
1078 2895 1160 2947 amsi,
1168 2895 1211 2940 fol.
1222 2895 1273 2940 282.
