3717 5400
339 494 395 553 7lb
799 495 926 555 Canon.
949 494 1024 555 Soc.
1044 495 1116 569 Jns

341 638 380 702 Ρ.
407 640 593 704 Francisci
617 641 753 705 Xavier
776 643 898 706 statim
912 642 1148 723 permiserunt
1167 642 1266 705 sinae
1285 656 1469 706 accessum
1485 642 1571 705 lusi·

341 748 436 809 tanis
454 746 500 809 ad
520 764 623 811 suurn
647 766 809 829 regnum,
836 750 929 813 utin
956 750 1140 831 praedicta
1164 749 1312 813 civitate
1331 748 1515 813 Chantone
1538 757 1577 811 et
1635 735 1638 741 ’

341 853 422 916 aliis
436 854 525 917 locis
544 867 783 919 mercaturam
801 866 1026 937 exercerent3
1050 866 1084 920 et
1104 874 1227 921 omnes
1246 856 1390 919 lusitani
1409 856 1476 919 sibi
1496 874 1574 937 per·

340 961 537 1025 suadebant
552 962 625 1025 suis
640 964 860 1028 orationibus
880 965 915 1027 iu
931 968 1031 1027 coelo
1046 962 1082 1027 P.
1101 964 1333 1028 Franciscum
1348 964 1576 1043 impetrasse,

339 1068 434 1147 quod
449 1085 581 1147 magno
598 1087 679 1133 curn
693 1071 825 1149 labore,
842 1089 923 1134 cum
939 1072 1076 1134 viveret
1092 1072 1128 1133 in
1150 1072 1270 1149 terriS,
1288 1070 1438 1134 curavit.
1462 1068 1505 1132 Et
1522 1070 1572 1132 ita

340 1174 417 1237 sine
445 1176 516 1237 ulla
545 1176 749 1241 difficultate
778 1178 814 1242 P.
844 1178 1016 1243 Melchior
1042 1177 1263 1242 Chantonem
1292 1178 1475 1256 ingressus
1505 1187 1576 1251 est„

340 1298 411 1361 quo
426 1298 617 1363 numquam
633 1284 709 1364 ipse
724 1284 762 1347 P.
778 1284 808 1348 F
810 1287 993 1349 ranciscus
1008 1286 1195 1365 pervenire
1209 1294 1387 1365 potuerat.

396 1386 493 1453 2001.
536 1390 590 1453 Ex
615 1391 784 1455 tredecim
810 1392 1003 1472 provinciis
1028 1390 1210 1469 Sinarum,
1234 1408 1385 1471 quarum
1411 1391 1572 1471 singulae

342 1512 449 1559 unam
463 1507 502 1560 ut
517 1508 623 1576 caput
638 1498 779 1577 habent,
795 1518 841 1562 ex
855 1516 925 1579 qua
941 1508 1015 1562 tota
1031 1500 1158 1579 pendet
1173 1498 1396 1578 gubernatio,
1415 1498 1573 1559 omnium

341 1602 487 1665 minima
501 1602 680 1667 serebatur
695 1622 773 1668 esse
794 1606 861 1669 ista
882 1605 1046 1669 Chanton
1067 1613 1269 1685 nuncupata
1284 1612 1310 1680 ¹,
1335 1622 1425 1685 quae
1445 1602 1570 1666 nilrilo-

341 1708 468 1786 minuS,
482 1709 614 1789 J'udicio
630 1712 877 1789 lusitanorum,
894 1712 1109 1792 Ulyssipona
1133 1711 1245 1792 major
1261 1724 1353 1788 erat,
1373 1711 1477 1775 bonis
1497 1728 1569 1773 mu·

341 1815 392 1878 ris
416 1816 637 1880 circumdata
663 1829 699 1881 et
722 1820 888 1899 egregias
912 1820 1047 1883 habens
1075 1820 1201 1883 domos
1227 1836 1269 1881 ac
1295 1818 1374 1881 vias
1399 1805 1571 1897 publicas,

341 1938 433 2002 quae
454 1924 616 2003 singulae
639 1925 711 1988 suis
733 1927 845 2005 portis
867 1926 1079 1990 clauduntur
1102 1927 1148 1989 ad
1169 1926 1330 1989 facinora
1349 1936 1383 1987 et
1403 1924 1498 1987 furta
1520 1923 1572 1985 vi·

341 2029 461 2092 tanda.
482 2029 570 2093 Erat
589 2032 695 2095 etiarn
721 2044 847 2095 ornata
873 2034 1068 2113 porticibus
1093 2034 1212 2097 multis
1236 2043 1272 2095 et
1293 2030 1478 2095 arboribus
1497 2048 1568 2093 ma·

285 2148 288 2154 ·
340 2136 423 2214 gnis
437 2147 471 2199 et
487 2138 659 2202 ordinatis
673 2151 755 2203 ante
771 2141 957 2205 domorum
977 2151 1107 2221 portas.

401 2242 492 2306 2002.
536 2244 702 2308 Abundat
716 2256 835 2311 autem
851 2260 1062 2325 commeatu,
1080 2258 1114 2312 et
1127 2248 1201 2311 sere
1216 2258 1289 2311 tota
1305 2265 1368 2327 per
1382 2246 1574 2309 circuitum

340 2367 524 2415 murorum
546 2354 710 2432 navigari
734 2364 861 2434 potest.
884 2355 976 2434 Agri
995 2364 1076 2418 sunt
1098 2356 1218 2434 magni
1240 2364 1322 2418 ante
1343 2355 1485 2431 urbem,
1506 2350 1572 2432 'qui

341 2458 548 2537 irrigantur,
565 2470 599 2523 et
615 2463 664 2524 ita
679 2470 732 2525 ter
748 2463 783 2524 in
799 2480 904 2538 anno,
922 2472 1068 2541 propter
1087 2480 1200 2542 aquae
1216 2462 1485 2537 abundantiam,
1501 2459 1571 2522 fru·

339 2572 419 2627 etus
434 2564 595 2643 afferunt;
612 2577 646 2629 et
671 2568 811 2647 quidem
830 2569 935 2631 valde
957 2568 1089 2632 similes
1108 2569 1255 2632 nostris:
1280 2566 1446 2631 animalia
1463 2568 1573 2629 etiam

341 2682 423 2736 sunt
442 2674 561 2753 qualia
587 2675 622 2736 in
646 2673 804 2756 Europa:
834 2677 983 2740 vestitus
1003 2686 1077 2739 tam
1096 2676 1254 2740 virorum
1274 2690 1381 2755 quam
1400 2673 1571 2737 foemina·

341 2797 420 2842 rum
445 2780 625 2844 honestus.
649 2781 816 2845 Artifices
840 2782 1011 2863 cujusque
1035 2784 1152 2862 operis
1174 2782 1371 2845 mechanici
1390 2780 1494 2844 simul
1509 2780 1570 2842 ha·

341 2885 466 2963 bitant,
487 2905 552 2949 nec
573 2898 673 2967 pater
688 2887 768 2952 filiis
787 2890 893 2952 aliam
915 2900 1030 2952 artem
1043 2907 1148 2970 quam
1164 2905 1266 2952 sunm
1284 2889 1425 2951 tradere
1440 2895 1572 2966 potest:

340 2994 475 3056 nullum
495 2995 648 3057 otiosum
672 3013 750 3058 esse
767 2998 983 3076 permittunt;
1006 2998 1126 3078 itaque
1145 3006 1179 3060 et
1199 3013 1326 3059 caecos
1347 2995 1495 3073 pistrino
1513 2993 1570 3056 de-

341 3111 478 3180 putant.

400 3206 491 3271 2003.
535 3208 664 3272 Mirum
679 3220 732 3273 est
747 3209 927 3290 ingenium
947 3211 1074 3274 horum
1094 3211 1274 3274 hominum
1294 3210 1330 3272 in
1351 3208 1486 3272 artibus
1501 3223 1573 3269 me·

341 3314 513 3378 chanicis:
530 3333 596 3378 nec
611 3317 818 3394 permittunt
833 3334 1045 3398 quemquam
1061 3335 1106 3380 ex
1125 3319 1200 3380 suis
1219 3314 1362 3396 plebejis
1376 3314 1422 3377 ad
1441 3323 1577 3377 statum

341 3422 515 3485 nobilium
531 3424 703 3503 aspirare,
726 3441 792 3487 nec
811 3423 947 3486 reditus
966 3435 1155 3504 perpetuos
1173 3425 1314 3486 habere.
1339 3419 1572 3502 LegatusRe·

340 3529 397 3609 gis
415 3528 524 3594 Siaon
544 3528 711 3611 [dicebat]
732 3533 862 3594 habere
882 3531 1017 3610 Regem
1036 3529 1201 3594 Sinarum
1216 3531 1429 3612 quingentos
1447 3529 1571 3608 gigan·

339 3647 395 3700 tes
409 3655 473 3718 pro
489 3655 553 3701 suo
569 3639 759 3718 praesidi0,
776 3657 864 3719 quos
878 3640 956 3719 ipse
975 3637 1126 3717 viderat;
1147 3647 1282 3701 tantam
1302 3653 1379 3700 esse
1399 3635 1574 3700 mercium

346 3744 612 3823 abundantiam,
630 3763 720 3825 quae
735 3747 825 3809 mari
838 3747 1055 3824 deseruntur,
1073 3757 1109 3808 ut
1126 3747 1160 3808 in
1175 3763 1244 3808 una
1256 3744 1352 3821 navi,
1377 3761 1422 3806 ex
1435 3743 1574 3826 Japone

340 3851 563 3931 adveniente,
580 3863 721 3915 centurn
736 3854 844 3916 millia
864 3854 1075 3917 ducatorum
1090 3853 1125 3915 iu
1142 3863 1289 3932 argento
1311 3852 1491 3914 elaborato
1514 3849 1571 3912 de-

342 3957 537 4036 ferrentur,
567 3968 603 4022 et
629 3977 738 4040 supra
763 3961 1025 4040 quadringenta
1050 3961 1159 4023 millia
1183 3959 1353 4022 librarum
1379 3957 1512 4038 piperis
1534 3956 1573 4018 in

339 4073 444 4146 portu
456 4077 584 4146 essent;
600 4076 635 4129 et
647 4067 741 4130 intra
754 4085 862 4130 unum
875 4083 1031 4130 mensem
1044 4067 1161 4130 omnia
1174 4064 1466 4130 divendebantur.
1481 4062 1571 4127 Mer·

340 4189 401 4234 ces
412 4182 531 4236 autem
542 4191 625 4236 suas
636 4174 871 4237 extrahebant
883 4173 1118 4238 chantoenses
1130 4174 1175 4236 ad
1191 4173 1343 4235 insulam
1357 4169 1574 4248 Sancboam,

338 4278 400 4342 ubi
420 4297 500 4343 cum
520 4282 677 4344 externis
702 4291 941 4344 mercaturam
965 4281 1139 4372 factitant,
1168 4289 1202 4343 et
1226 4278 1449 4342 affirmabant
1474 4277 1579 4340 sinae

379 4521 389 4554 ¹
418 4521 498 4574 Haec,
518 4535 567 4577 quo
582 4535 684 4568 sensum
701 4537 764 4579 prae
778 4536 806 4567 se
821 4524 915 4575 lerant,
931 4535 1004 4576 quem
1017 4523 1125 4566 intendit
1136 4521 1271 4572 Polancua.
1284 4522 1323 4566 lta
1339 4519 1571 4565 videnturconrin·

339 4593 439 4638 nenda:
457 4595 596 4640 “Dis-lcum
611 4606 652 4639 est
667 4596 787 4640 sinerum
801 4596 936 4650 imperium
954 4596 978 4638 ln
996 4594 1148 4638 Provinciae
1166 4594 1305 4646 tredecim,
1326 4603 1435 4647 quarum
1454 4591 1576 4644 singulae

339 4665 429 4710 arbem
442 4675 519 4710 unam
535 4673 562 4708 ut
576 4677 653 4720 caput
668 4669 774 4719 babent,
787 4678 821 4710 ex
837 4677 888 4720 qua
901 4674 957 4710 tota
972 4665 1065 4718 pendet
1078 4666 1240 4717 gubernntlo.
1253 4664 1372 4708 Omnium
1387 4672 1465 4717 porro
1480 4663 1576 4706 herum

340 4736 444 4778 urbium
453 4735 559 4779 minima
570 4737 704 4781 ferebatur
713 4750 770 4782 esse
781 4739 832 4782 lstn
843 4738 961 4781 thanton
971 4743 1143 4792 nuncupata„
1154 4735 1220 4780 Vide
1231 4735 1342 4780 Deversr'
1352 4735 1434 4784 aviri,
1442 4733 1485 4778 lol.
1494 4731 1541 4778 ut.
1564 4753 1570 4768 ι
