3717 5400
372 452 428 511 taz
829 452 957 511 Cuaou.
978 448 1056 509 Soc.
1076 450 1147 524 Jas.

373 597 572 663 aedificatio
587 603 756 674 cessaret,
773 597 895 659 statim
917 604 1189 676 procuratorem
1209 596 1360 659 instituit
1380 603 1388 637 ¹
1409 596 1523 676 ipsum
1538 595 1603 661 Pa·

370 717 462 769 trem
476 704 668 768 Villanova
684 704 720 765 in
735 720 845 766 causa
864 704 1022 783 propria,
1040 711 1077 765 ut
1097 713 1240 781 vocant,
1265 714 1303 767 ut
1324 721 1446 767 omnes
1467 703 1602 769 fructus

368 811 565 877 Placentini
578 810 816 891 Episcopatus
831 810 913 872 anni
929 810 1112 889 praeteriti
1134 810 1293 890 recipere
1312 818 1442 890 posset;
1460 828 1533 889 eoS,
1551 810 1601 875 in·

369 938 488 1001 quam,
505 919 565 999 qui
590 918 799 998 inpecunia
818 926 1003 981 numerata
1023 925 1125 980 erant
1146 916 1322 996 exigendi,
1344 918 1404 998 qui
1419 918 1464 981 ad
1479 918 1602 983 decem

369 1035 404 1089 et
419 1036 499 1090 octo
514 1026 623 1089 millia
641 1026 854 1088 ducatorum
869 1024 1120 1102 ascendebant,
1137 1025 1186 1087 ita
1201 1034 1238 1088 ut
1254 1024 1328 1103 ipse
1348 1024 1384 1087 P.
1408 1024 1600 1089 Villanova

368 1132 613 1198 thesaurarius
628 1142 732 1211 esset,
750 1142 784 1196 et
800 1132 999 1212 Episcopus
1018 1130 1220 1212 praefectus
1241 1131 1370 1212 operis,
1388 1142 1426 1194 ut
1451 1133 1600 1212 ipsemet

369 1242 520 1305 dicebat.

431 1347 519 1410 1307.
562 1347 739 1427 Erigebat
755 1356 874 1410 autem
894 1365 916 1408 a
937 1344 1115 1409 Societate
1138 1356 1291 1427 quatuor
1316 1348 1467 1409 lectores
1481 1364 1599 1426 gram·

369 1456 515 1519 matices
531 1464 565 1519 et
581 1455 789 1532 rhetorices,
806 1463 840 1515 et
860 1453 950 1516 duos
971 1454 1227 1533 philosophiae,
1249 1462 1284 1515 et
1303 1452 1449 1516 totidem
1469 1453 1599 1517 theolo-

367 1564 460 1642 giae,
476 1572 511 1625 et
525 1572 564 1624 ut
579 1571 729 1641 quatuor
745 1561 803 1622 vel
817 1578 882 1623 sex
897 1559 1107 1623 confessarii
1122 1570 1156 1623 et
1171 1561 1241 1623 duo
1257 1559 1533 1623 concionatores
1549 1561 1596 1624 ibi

367 1679 498 1734 essent.

429 1774 516 1840 1308.
562 1775 736 1855 Cupiehat
767 1782 886 1836 autem
910 1772 948 1835 P.
976 1773 1170 1836 Villanova
1194 1783 1232 1836 ut
1258 1783 1401 1854 praeter
1426 1774 1477 1852 id,
1505 1773 1599 1855 quod

366 1882 643 1948 Constitutiones
657 1880 903 1945 fundatoribus
923 1878 1084 1943 deferunt
1099 1879 1121 1959 ¹,
1136 1881 1270 1962 aliquid
1284 1882 1380 1960 huic,
1398 1882 1457 1961 qui
1473 1892 1547 1945 tam
1561 1882 1599 1945 li·

367 1993 534 2055 beralrter
551 2008 589 2053 se
603 1997 776 2068 gesserat,
790 1987 970 2067 peculiare
987 1984 1182 2051 offerretur.
1203 1986 1410 2067 Huiusmodi
1425 1997 1518 2052 esset
1530 1988 1599 2051 sin·

368 2099 462 2177 gulis
477 2098 601 2161 diebus
614 2096 761 2159 Missam
776 2112 883 2157 unam
899 2090 976 2175 [pro
993 2094 1169 2175 Episcopo
1186 2093 1338 2176 offerre].

429 2204 516 2267 1309.
561 2202 709 2283 Adjuvit
724 2212 842 2265 tamen
864 2201 1081 2281 Episcopum
1096 2202 1252 2265 civitatis
1267 2202 1377 2282 ipsius
1390 2204 1597 2283 liberalitaS,

367 2323 405 2377 ut
418 2313 534 2376 minus
549 2311 720 2391 pecuniae
735 2310 771 2372 in
786 2307 946 2371 aedificio
962 2308 1188 2388 expenderet;
1207 2327 1288 2373 cum
1305 2310 1399 2373 enirn
1422 2311 1466 2373 ab
1482 2329 1525 2375 ea
1541 2327 1599 2391 pe·

366 2429 456 2483 teret
471 2420 677 2482 necessaria
698 2417 796 2495 ligna
818 2434 864 2477 ex
878 2416 979 2477 silvis
998 2416 1154 2479 civitatis
1174 2415 1281 2497 (quod
1301 2417 1464 2496 superius
1483 2418 1598 2497 attigi·

367 2544 446 2590 mus
461 2524 483 2603 ³)
500 2543 541 2587 ea
562 2523 792 2589 libentissime
812 2522 1005 2602 concessit;
1022 2523 1129 2585 immo
1155 2524 1210 2586 sui
1232 2540 1310 2587 esse
1335 2523 1441 2587 officii
1456 2522 1598 2588 dicebat

368 2633 496 2696 civitas
518 2643 556 2694 ut
580 2640 725 2711 rogaret
749 2646 818 2709 quo
845 2646 887 2691 ea
912 2630 1019 2692 vellet
1041 2628 1236 2710 Episcopus
1262 2630 1426 2711 accipere
1442 2631 1477 2694 in
1494 2648 1598 2695 usum

369 2740 528 2819 Collegii.
1354 2797 1355 2800 ,

430 2846 517 2910 1310.
562 2844 709 2907 Praeter
730 2843 867 2907 fructus
888 2856 1008 2907 autem
1031 2845 1201 2907 decursos
1223 2845 1420 2908 octodecim
1438 2846 1596 2923 millium,

368 2962 406 3017 ut
420 2952 573 3016 diximus
588 2949 611 3030 ⁸,
628 2969 739 3032 usque
754 2951 800 3015 ad
815 2951 962 3030 triginta
979 2951 1086 3014 millia
1102 2951 1313 3014 ducatorum
1324 2950 1522 3031 Episcopus
1538 2952 1598 3016 do·

368 3061 480 3135 navit,
497 3071 546 3139 ut,
563 3060 639 3122 sive
655 3070 851 3121 moreretur
872 3059 949 3120 sive
975 3058 1124 3134 viveret,
1153 3057 1189 3120 in
1203 3075 1306 3121 usum
1332 3057 1483 3138 Collegii
1498 3060 1597 3122 cede·

367 3176 458 3245 rent,
485 3166 579 3248 quod
608 3183 690 3229 cum
718 3165 916 3244 Episcopus
944 3165 1102 3241 fecisset,
1130 3165 1264 3240 omnia,
1292 3183 1383 3244 quae
1409 3166 1455 3228 ad
1485 3167 1597 3247 ipsius

368 3275 623 3338 conscientiam
641 3272 876 3352 pertinebant,
901 3272 938 3334 in
954 3290 1079 3334 manus
1104 3271 1221 3335 Patris
1246 3272 1430 3336 Francisci
1446 3273 1597 3352 Borgiae

367 3383 495 3462 posuit.
512 3381 551 3445 Id
566 3390 686 3443 autem
698 3380 790 3443 inter
806 3396 867 3442 eos
886 3379 1065 3456 convenit,
1086 3389 1124 3441 ut
1144 3397 1206 3458 per
1230 3397 1443 3458 praeconem
1466 3381 1597 3444 denun-

367 3491 516 3553 tiaretur
530 3489 567 3551 in
585 3496 659 3550 tota
674 3485 851 3564 Dioecesi,
874 3497 912 3548 ut
926 3485 1139 3565 quicumque
1159 3486 1301 3566 aliquod
1325 3487 1392 3550 sibi
1417 3487 1596 3566 damnum,

366 3597 460 3678 quod
477 3597 522 3658 ad
536 3595 668 3658 famam
684 3603 745 3656 aut
760 3594 806 3656 ad
822 3611 896 3656 rem
907 3593 1111 3673 pertineret,
1125 3593 1169 3655 ab
1181 3592 1259 3673 ipso
1271 3593 1449 3674 Episcopo
1462 3595 1597 3658 illatum

366 3704 511 3780 diceret,
529 3703 574 3765 ad
589 3701 678 3764 duos
691 3701 879 3778 theologos
894 3709 928 3762 et
942 3699 1129 3779 quemdam
1147 3699 1237 3779 juris
1258 3701 1422 3781 peritum,
1446 3719 1529 3766 cum
1539 3719 1597 3782 ap·

366 3811 574 3891 probatione
599 3809 638 3872 P.
664 3808 849 3871 Francisci
876 3806 1077 3870 Placentiae
1103 3807 1355 3887 constitutos⁸,
1384 3817 1595 3887 recurreret,

366 3926 402 3980 et
421 3917 589 3997 quidquid
610 3916 659 3978 illi
684 3915 771 3994 ipsis
796 3914 917 3977 deberi
938 3913 1158 3994 judicarent,
1182 3933 1221 3977 se
1246 3915 1491 3979 restituturum
1516 3933 1598 3995 pro·

367 4025 475 4087 misit.

409 4193 417 4222 ¹
449 4193 601 4246 Episcopus.

407 4263 419 4294 ¹
446 4263 672 4306 constitutionum
682 4260 826 4303 societatis
838 4260 916 4314 Jesu,
929 4267 998 4315 part.
1010 4271 1046 4312 tv,
1061 4273 1144 4315 capr,
1156 4261 1192 4304 De
1204 4264 1229 4306 la
1239 4264 1364 4308 memoria
1375 4264 1405 4308 de
1417 4265 1455 4308 los
1464 4263 1599 4308 Fundado·

367 4347 414 4379 rea
424 4347 441 4390 y
451 4334 638 4378 blenhechores
648 4333 679 4375 de
690 4334 729 4375 los
740 4331 870 4386 Colegios.

407 4407 419 4438 ³
446 4404 675 4459 Pag.t7⁶,n.1292.

407 4479 419 4510 ⁴
445 4477 538 4531 Supra,
550 4487 575 4519 n.
587 4475 648 4518 1306.

408 4549 420 4581 ὅ
449 4549 518 4591 “tres
527 4549 616 4602 jueces
628 4547 750 4599 arbitros.
760 4559 809 4602 qne
820 4550 952 4600 sedalaba,
964 4562 981 4606 y
992 4561 1054 4594 eran
1065 4563 1094 4594 su
1106 4551 1230 4594 Provisor
1240 4552 1263 4594 el
1274 4549 1372 4594 Doctor
1382 4551 1448 4602 Juan
1458 4551 1489 4594 de
1499 4551 1597 4607 Ayura.

368 4631 451 4664 varon
457 4620 539 4672 sabio,
550 4631 599 4674 que
609 4620 718 4674 despues
728 4620 770 4662 lue
781 4619 876 4674 Ohlspo
886 4621 917 4662 de
929 4620 1037 4674 Oriedo,
1048 4635 1064 4677 y
1076 4622 1121 4665 dos
1132 4623 1230 4665 Padres
1241 4622 1271 4665 de
1282 4623 1307 4664 la
1318 4621 1469 4676 Campania,
1481 4633 1530 4666 uno
1544 4626 1598 4666 teo·

370 4692 430 4744 logo
441 4704 458 4747 y
469 4696 525 4734 otro
536 4691 693 4743 canonista„
704 4691 872 4744 Cisrruucos,
885 4693 901 4735 l.
913 4704 944 4746 c.,
956 4693 999 4735 lib.
1010 4703 1047 4748 tv,
1058 4705 1115 4748 cap.
1127 4704 1160 4744 xt,
1172 4693 1186 4748 5
1198 4693 1218 4738 2.
