3717 5400
354 423 391 484 ⁴0
810 428 938 491 Cimon.
959 435 1036 492 boc.
1056 431 1126 505 Jns.

358 589 502 654 sperare
514 591 535 638 a
546 573 644 658 Rege
656 575 906 658 Portugalliae;
922 588 958 642 et
969 579 1032 642 vix
1047 577 1190 642 tandem
1203 577 1241 642 P.
1256 577 1404 642 Olavius
1417 577 1425 609 ¹
1437 578 1532 658 hinc,
1545 587 1584 642 et

358 686 439 750 inde
453 686 611 766 Legatus
627 685 735 767 Regis
750 685 987 769 Portugalliae
1002 686 1025 766 ¹,
1041 697 1076 750 et
1095 685 1251 750 eiusdem
1271 685 1362 750 filius
1383 685 1428 748 D.
1450 684 1585 765 Diony·

358 792 442 868 siuS,
460 793 492 856 ei
506 802 769 874 persuaserunt,
786 802 825 858 ut
840 793 875 857 in
890 794 1146 874 Portugalliam
1160 794 1243 858 iret:
1260 803 1295 858 et
1313 793 1363 856 ita
1383 810 1504 856 mense
1523 790 1584 856 Se·

360 901 510 981 ptembri
527 899 718 982 [profectus
732 899 809 983 suit]
825 919 906 966 cum
920 900 1045 965 eodem
1058 901 1169 965 fratre
1186 909 1309 964 nostro
1331 899 1477 964 Andrea
1498 899 1584 962 Fer·

354 1008 504 1088 nandez‚
521 1025 602 1072 cum
617 1025 687 1090 quo
701 1018 861 1088 venerat,
877 1009 938 1090 qui
958 1007 1094 1072 Romae
1112 1007 1186 1088 jam
1207 1018 1284 1072 erat
1302 1007 1445 1072 iunctus
1465 1006 1585 1070 officio

356 1131 421 1179 suo
429 1117 465 1179 in
476 1115 575 1180 ludia
586 1116 699 1181 eidem
709 1117 908 1180 commisso.
922 1115 1146 1196 Significavit
1156 1125 1275 1180 autem
1285 1115 1378 1179 idem
1390 1115 1586 1178 Teutonius

360 1216 580 1279 voluntatem
595 1216 705 1296 ipsius
719 1235 741 1279 a
756 1213 934 1280 Societate
947 1225 1070 1280 nostra
1085 1216 1237 1280 alienam
1252 1232 1341 1291 csse,
1358 1223 1393 1278 et
1403 1213 1435 1277 si
1445 1212 1536 1293 Regi
1546 1213 1585 1276 id

360 1323 583 1402 probaretur,
609 1325 715 1404 gravi
737 1340 844 1388 onere
868 1323 1094 1401 Societatem,
1115 1340 1157 1386 eo
1177 1323 1375 1401 recedente,
1398 1320 1584 1384 liberatam

361 1428 405 1492 iri
419 1429 550 1494 nostris
565 1430 735 1510 scriptum
750 1439 804 1494 est
818 1428 841 1490 ¹.

415 1535 466 1600 72.
509 1537 644 1601 Partim
658 1546 776 1602 autern
790 1546 829 1602 ut
843 1535 888 1600 D.
905 1536 1099 1601 Teutonius
1113 1545 1239 1601 testem
1252 1536 1410 1600 vicinum
1431 1535 1581 1598 haberet

362 1652 488 1707 contra
502 1660 551 1722 se,
569 1645 600 1707 si
613 1645 697 1725 quid
712 1645 814 1708 aliter
829 1644 974 1724 diceret,
989 1660 1096 1724 quam
1110 1661 1168 1706 res
1189 1642 1342 1707 habebnt
1363 1659 1406 1708 ac
1426 1643 1584 1718 deceret,

359 1751 489 1831 partim
510 1752 592 1832 quia
612 1751 651 1814 P.
672 1751 847 1816 Ludovici
869 1751 1048 1815 Gonzalez
1070 1768 1179 1832 opera
1200 1751 1237 1814 in
1262 1749 1480 1830 Portugallia
1504 1759 1585 1812 erat

360 1859 575 1937 necessaria,
592 1859 751 1922 decrevit
765 1858 803 1921 P.
824 1859 984 1939 ignatius
1005 1877 1084 1922 cum
1107 1859 1296 1933 remittere,
1320 1857 1484 1937 quamvis
1506 1854 1586 1934 ejus

360 1966 561 2046 praesentia
577 1975 612 2029 et
626 1983 735 2046 opera
750 1964 885 2029 Romae
900 1966 987 2029 satis
1001 1976 1094 2028 esset
1109 1965 1204 2028 utilis
1217 1962 1240 2041 ⁴3
1257 1975 1292 2027 et
1313 1965 1349 2027 in
1370 1981 1413 2026 eo
1430 1963 1580 2043 promis-

356 2072 448 2137 sioni
462 2073 568 2137 etium
583 2073 626 2136 de
640 2091 683 2136 eo
698 2073 909 2138 remittendo
924 2073 1146 2137 satisfactum
1160 2084 1214 2136 est
1233 2071 1256 2132 ⁸.
1273 2071 1447 2151 Adjunxit
1461 2080 1584 2134 autem

357 2181 389 2243 ei
413 2180 452 2244 P.
478 2181 650 2260 IgnatiuS,
676 2189 820 2260 praeter·
841 2180 1063 2244 Bernardum
1085 2180 1321 2263 Japonensem
1342 2176 1365 2254 ⁶,
1392 2177 1584 2241 duodecim

360 2287 595 2351 scholasticos
609 2287 832 2351 diversarum
846 2287 1028 2350 nationum
1045 2284 1067 2364 ³,
1083 2287 1184 2350 bonis
1198 2287 1350 2366 ingeniis
1363 2294 1399 2348 et
1419 2284 1582 2348 moribus

359 2395 551 2474 praeditoS,
568 2411 657 2475 quos
672 2411 791 2458 secum
807 2394 981 2458 deducere
997 2395 1090 2457 idem
1108 2391 1211 2456 Pater
1232 2393 1395 2474 cupiebat
1415 2409 1487 2454 uon
1506 2400 1581 2455 tam

356 2511 395 2565 ut
410 2503 612 2566 sublevaret
631 2519 720 2565 onus
739 2501 886 2581 Collegii
907 2501 1059 2565 Romani
1078 2500 1252 2580 (quamvis
1273 2511 1308 2562 ct
1328 2499 1397 2562 hoc
1415 2499 1597 2562 fortassis·

358 2626 438 2672 eum
463 2609 645 2686 moveret),
662 2625 769 2688 quam
793 2608 886 2688 quod
910 2609 1141 2684 existimaret,
1163 2607 1336 2670 lusitanos
1354 2615 1390 2670 et
1409 2605 1584 2685 hispanos

357 2716 490 2780 utiliter
505 2733 585 2779 cum
600 2716 679 2779 aliis
693 2716 895 2779 nationibus
909 2716 946 2779 in
961 2716 1033 2779 suis
1052 2715 1212 2795 collegiis
1226 2714 1473 2778 admiscendos
1489 2730 1582 2792 esse,

357 2832 431 2886 tum
449 2823 494 2886 ad
510 2821 678 2902 majorem
694 2822 858 2885 unionem
875 2823 967 2885 inter
981 2840 1103 2885 omnes
1123 2822 1298 2898 nationes,
1322 2832 1397 2884 tum
1415 2822 1497 2901 quia
1519 2820 1584 2884 ali·

363 2929 448 3011 quid
463 2929 642 3009 peculiare
658 2938 691 2991 et
707 2928 904 2993 imitatione
928 2929 1074 3008 dignum
1099 2932 1134 2993 in
1156 2928 1407 3009 cujuscumque
1428 2928 1586 2991 nationis

353 3051 527 3063 ———·

392 3096 402 3130 ¹
433 3096 463 3141 P.
472 3096 518 3141 Dr.
528 3096 655 3142 Martinus
664 3098 695 3142 de
705 3097 795 3143 Olave.

395 3170 406 3201 ²
435 3169 583 3224 Alphonsus
594 3170 624 3213 de
635 3170 799 3215 Alencnstre.
810 3170 877 3214 Vide
888 3181 976 3225 supra,
984 3182 1046 3225 pag.
1056 3170 1090 3224 22,
1100 3182 1124 3213 n.
1133 3170 1168 3223 35,
1179 3176 1205 3213 et
1216 3178 1235 3213 t.
1245 3181 1281 3222 ιν,
1292 3180 1352 3223 pag.
1362 3168 1384 3219 8,
1394 3180 1416 3213 n.
1426 3170 1448 3212 6.

396 3238 409 3273 ⁸
436 3241 474 3286 De
486 3242 527 3285 his
538 3240 674 3286 Theutonil
685 3244 762 3286 rebus
771 3243 819 3287 hoc
830 3249 946 3297 tempore
956 3243 1037 3299 gentis
1046 3242 1106 3286 ride
1116 3244 1230 3295 litterae,
1245 3253 1309 3296 quas
1319 3241 1437 3295 tgnatlus
1451 3240 1522 3283 dedit
1536 3240 1587 3282 Pn-

360 3314 394 3356 tri
412 3311 509 3366 Jacobo
525 3312 616 3363 Miron,
633 3312 799 3368 Provinclnll,
821 3314 909 3359 loanni
926 3313 963 3359 111
979 3315 1158 3368 Portugnlliue
1174 3313 1248 3368 Regi,
1265 3312 1408 3357 Theodosio
1424 3311 1586 3365 Bergantlue

360 3383 435 3436 Ducl,
447 3390 473 3428 et
483 3383 578 3429 Inlantl
589 3385 767 3436 Porturnlllae
777 3386 955 3441 Elisabethae,
965 3387 992 3431 ln
1002 3386 1098 3429 Carras
1106 3386 1140 3429 de
1152 3385 1206 3429 San
1214 3385 1332 3439 rgnacto,
1343 3390 1361 3428 t.
1378 3394 1404 3435 v,
1414 3380 1585 3437 pawn-318.

397 3457 409 3489 ⁴
436 3454 464 3500 P.
476 3454 624 3501 Lndovlcne
638 3456 766 3501 Gouznlez
775 3458 810 3503 da
824 3457 946 3511 Comaru,
957 3458 1000 3513 qul
1010 3457 1128 3509 Romam,
1142 3469 1156 3500 e
1170 3454 1335 3510 Portnffulliu
1349 3454 1463 3501 veniens.
1477 3454 1586 3507 appule-

362 3526 444 3571 rut'28
453 3526 514 3582 Mali
527 3527 586 3578 1558,
596 3538 718 3581 magnum
729 3529 852 3583 temporis
868 3535 979 3583 purtem.
995 3530 1060 3584 quod
1071 3528 1168 3573 Romae
1182 3529 1279 3583 exegit.
1293 3528 1327 3571 ud
1337 3527 1412 3570 finem
1425 3522 1584 3579 Septembris

360 3598 436 3653 huius
447 3599 508 3643 nnnl
519 3599 579 3655 1555,
590 3600 695 3643 Patrem
707 3598 837 3655 lunarium
848 3600 873 3645 ln
883 3602 965 3644 officio
975 3600 1086 3645 Ministrl
1095 3601 1269 3655 professorum
1279 3600 1369 3642 domus
1376 3597 1454 3653 juvit.

394 3668 406 3703 ⁸
433 3669 534 3715 “Infans
545 3670 693 3716 Ludos-leue
703 3672 758 3727 ejus
767 3672 805 3724 (Ρ.
814 3671 941 3715 Ludovicl
955 3671 1095 3722 Gonzalez)
1110 3673 1252 3716 adventurn
1265 3672 1293 3715 in
1306 3670 1496 3724 Portunalllnm
1510 3672 1586 3720 optu-

357 3742 426 3795 bat.„
435 3740 527 3795 snpra.
538 3749 558 3786 t.
568 3754 603 3793 lv,
613 3754 672 3797 pag.
682 3744 730 3793 437.
741 3746 787 3787 nub
798 3743 872 3788 finem
887 3745 986 3788 numeri
995 3745 1043 3788 967.

395 3810 407 3845 ⁶
434 3813 543 3869 “Depois
551 3815 582 3858 de
593 3822 664 3858 ester
675 3821 749 3869 petto
760 3816 791 3859 de
803 3816 837 3860 hd
849 3827 916 3860 anno
927 3828 968 3861 em
978 3815 1068 3869 Rome,
1079 3828 1093 3859 o
1103 3824 1194 3859 trouxe
1208 3815 1309 3869 comlgo
1322 3814 1424 3869 quando
1438 3824 1478 3857 me
1493 3814 1580 3855 vimno

363 3894 429 3928 enno
440 3885 472 3928 de
481 3885 508 3928 55
516 3896 579 3939 pera
589 3892 646 3929 esta
656 3886 800 3941 provincio,
811 3899 824 3929 e
835 3888 905 3930 nella
915 3898 1017 3931 morreo
1033 3898 1066 3931 no
1076 3887 1192 3941 collegio
1207 3888 1238 3930 de
1255 3886 1376 3930 Colmbra
1390 3896 1445 3947 com
1457 3895 1472 3928 a
1486 3894 1583 3927 mesma

360 3954 499 4009 edificacio
510 3968 523 3999 e
534 3958 652 4011 exemplo
662 3968 718 4001 com
728 3970 776 4012 que
787 3958 860 4002 tluha
870 3958 982 4011 vivido„
990 3958 1020 4001 P.
1030 3957 1178 4002 Loootrcus
1185 3957 1352 4001 Gonznurzln
1361 3955 1454 3999 Codice
1463 3954 1587 4007 Argunas

357 4036 461 4079 cousus,
471 4030 529 4078 etc„
537 4038 584 4071 mu.

395 4098 406 4129 ⁷
438 4096 536 4142 Horum
546 4110 611 4143 nnns
622 4106 680 4144 erat
690 4101 792 4154 quidum
808 4100 981 4151 Lancllottue.
994 4108 1069 4147 ortuo
1082 4103 1107 4145 in
1118 4103 1181 4145 urbe
1194 4101 1313 4152 Petusio,
1323 4099 1367 4155 qni
1379 4099 1427 4143 hoc
1443 4109 1584 4142 annocum

357 4170 442 4213 tribue
453 4170 578 4214 iratribus
592 4170 648 4225 Job,
664 4170 817 4217 Cincinnato
832 4178 859 4216 et
876 4172 1006 4228 Petronio,
1021 4173 1119 4218 Romae
1132 4174 1158 4217 ln
1175 4172 1330 4217 Societatem
1348 4171 1454 4214 admissi
1471 4170 1587 4213 fuerunt.

360 4238 468 4284 “Dentes
478 4241 491 4283 l
501 4242 597 4285 lrmdos
607 4253 635 4285 so
646 4240 767 4287 Petronio
784 4243 890 4297 nquoue
901 4255 1003 4288 morreo
1019 4255 1053 4288 nu
1064 4244 1247 4299 Compunhlae
1261 4243 1305 4299 loy
1319 4244 1389 4287 nella
1403 4241 1494 4286 Reitor
1507 4241 1539 4283 de
1549 4241 1586 4283 hd

359 4308 475 4365 Collegio
490 4323 546 4356 com
563 4313 646 4358 muita
663 4314 811 4368 edificacio.
828 4315 848 4359 Ο
865 4314 1002 4360 Lunciloto
1018 4316 1102 4360 trazlu
1116 4327 1148 4359 eu
1165 4316 1265 4369 comlgo
1281 4325 1346 4369 pera
1362 4314 1502 4367 Portugal,
1519 4311 1589 4354 mals

360 4381 443 4425 deixei
454 4394 468 4426 o
479 4382 571 4427 doente
582 4396 622 4427 em
632 4384 749 4439 Genova,
760 4398 773 4429 e
785 4396 825 4429 em
834 4398 880 4431 reu
894 4388 972 4441 Iugur
983 4388 1051 4431 level
1061 4387 1123 4442 dely
1133 4398 1149 4430 n
1163 4386 1301 4441 Vollango.
1310 4384 1422 4435 Boemio.
1440 4395 1488 4439 que
1503 4393 1588 4437 :cora

359 4458 417 4497 estu
427 4465 468 4497 em
476 4454 574 4509 Pragn,
584 4466 599 4497 o
610 4457 669 4509 qual
680 4468 725 4501 era
735 4458 770 4501 bd
780 4458 826 4501 dos
836 4468 902 4501 nove
914 4469 962 4512 qne
973 4459 1071 4502 vinhdo
1078 4470 1142 4513 pera
1152 4470 1166 4501 o
1177 4457 1293 4512 Colleglo
1300 4456 1454 4501 Germanico
1464 4467 1478 4498 e
1488 4454 1586 4498 ricardo

361 4534 395 4567 nu
405 4522 591 4580 Communia„
602 4526 630 4570 P.
651 4526 798 4573 Luoovrcus
814 4528 960 4579 Gouznnuz,
971 4531 986 4573 l.
1000 4530 1119 4574 c.-the
1132 4541 1220 4584 cupra,
1235 4540 1295 4584 pag.
1305 4529 1340 4582 25,
1350 4540 1375 4572 n.
1384 4530 1419 4582 tt,
1437 4527 1480 4570 ubi
1498 4532 1585 4569 tamen

364 4605 415 4639 non
426 4606 526 4649 novem,
542 4604 571 4641 ut
588 4598 616 4642 P.
633 4598 769 4653 Gonzulez,
780 4602 825 4643 sed
841 4602 957 4645 undecim
975 4609 1019 4645 aut
1037 4602 1169 4646 duodecim
1185 4600 1312 4646 Bohenros
1327 4600 1436 4643 Romam
1452 4600 1501 4642 hoc
1517 4608 1587 4641 enno

359 4666 460 4711 venisse
471 4668 583 4713 affirmat
593 4668 720 4714 Poluncuu
