3717 5400
771 1240 835 1323 DE
861 1237 1077 1337 MOLUCIS,
1108 1236 1296 1320 ultien

617 1572 663 1617 ET
683 1571 822 1617 ITINERE
843 1568 1005 1617 ansulas
1027 1570 1057 1613 P.
1075 1567 1281 1614 MELCHIORIS
1303 1567 1442 1613 NUGNEZ

365 2061 369 2069 ι
478 1984 565 2047 1972.
610 1982 647 2046 P.
664 1981 841 2046 Antonius
852 1981 931 2046 Vaz
943 1997 1023 2045 cum
1035 1980 1132 2044 socio
1147 1978 1377 2043 Emmanuele
1392 1978 1434 2042 de
1449 1978 1591 2043 Tavora
1602 1981 1640 2044 in

416 2092 576 2155 Molucas
604 2091 738 2153 insulas
768 2089 898 2153 missus
926 2090 1053 2167 luerat,
1083 2106 1174 2168 quae
1198 2104 1367 2167 magnam
1395 2088 1640 2167 operariorum

416 2198 602 2279 penuriam
622 2196 857 2277 patiebantur.
884 2195 974 2259 Cum
996 2204 1114 2257 autem
1139 2205 1314 2274 quartana
1339 2194 1428 2258 febri
1452 2196 1489 2257 in
1514 2196 1640 2258 itinere

415 2306 578 2367 laborare
603 2304 777 2384 coepisset
797 2303 835 2366 P.
853 2302 1030 2367 Antonius
1044 2302 1134 2379 Vaz,
1155 2312 1190 2365 et
1211 2302 1364 2383 quietem
1383 2318 1426 2364 ac
1445 2302 1640 2366 remedium

415 2413 559 2493 aliquod
573 2409 758 2503 [adhibere
777 2408 953 2490 cogitans]
974 2410 1033 2473 ubi
1052 2410 1271 2491 pervenisset
1292 2410 1328 2471 in
1345 2424 1465 2471 arcem
1485 2408 1640 2473 Malucci

414 2521 497 2595 (sita
511 2520 571 2582 illa
594 2520 702 2581 estin
724 2520 840 2581 insula
854 2517 1032 2594 Ternate),
1057 2516 1157 2579 aliter
1178 2518 1283 2597 longe
1302 2518 1369 2597 ipsi
1388 2516 1527 2579 accidit.
1548 2516 1638 2581 Cum

411 2629 506 2690 enim
520 2627 648 2689 ibidem
664 2626 856 2689 invenisset
868 2625 992 2689 Patres
1003 2624 1175 2708 Joannem
1192 2623 1235 2687 de
1248 2620 1356 2687 l'eira
1369 2632 1403 2687 et
1416 2624 1637 2704 Alphonsum

410 2735 454 2799 de
468 2735 595 2798 Castro
610 2751 689 2797 cum
705 2735 774 2796 alio
789 2733 900 2797 fratre
914 2732 1074 2812 graviori
1089 2731 1212 2795 morbo
1228 2731 1441 2810 laborantes,
1458 2741 1496 2795 ut
1510 2749 1637 2796 sanum

410 2859 448 2904 se
462 2857 587 2920 gerere
607 2840 743 2914 debuit;
769 2839 973 2903 avidissime
988 2839 1083 2902 enim
1103 2839 1255 2918 populus
1277 2836 1352 2917 ejus
1368 2855 1511 2919 operam
1531 2855 1636 2919 expe-

410 2949 518 3027 tebat,
535 2957 570 3010 et
585 2949 633 3011 ita
649 2947 904 3028 praedicationi
924 2964 967 3011 ac
988 2945 1269 3010 confessionibus
1291 2961 1423 3010 vacare
1442 2945 1578 3024 debuit;
1599 2955 1636 3010 et

409 3056 459 3118 ita
475 3073 555 3120 cum
576 3057 787 3134 corpusculo
806 3056 885 3134 plus
906 3054 1024 3118 oneris
1046 3055 1240 3134 imponeret
1261 3070 1368 3132 quam
1389 3053 1482 3116 ferre
1501 3063 1634 3133 posset,

410 3180 491 3226 cum
507 3162 567 3226 alii
583 3170 809 3241 aegrotantes
831 3162 1019 3224 sanitatem
1038 3161 1340 3240 recuperaverint,
1360 3161 1510 3240 simplex
1532 3177 1636 3244 quar-

409 3279 494 3332 tana
509 3269 558 3332 illi
573 3269 609 3331 in
625 3268 800 3348 duplicem
816 3277 1033 3331 commutata
1049 3277 1113 3330 est.

471 3375 558 3440 1973.
602 3376 666 3439 Est
682 3385 799 3438 autem
814 3393 858 3436 ea
871 3375 972 3454 regio
987 3374 1091 3438 valde
1114 3373 1242 3437 idonea
1256 3373 1301 3436 ad
1316 3374 1508 3454 patientiae
1522 3375 1633 3437 virtu·

408 3494 481 3547 tem
495 3484 743 3561 exercendam,
762 3499 846 3545 nam
871 3481 974 3562 panis
992 3482 1071 3545 loco
1091 3481 1204 3545 farina
1220 3481 1396 3562 quaedam
1415 3499 1459 3544 ex
1477 3481 1633 3563 quodam

408 3591 560 3671 insipido
578 3591 674 3668 ligno
694 3588 868 3666 confecta,
891 3596 926 3651 et
941 3587 1062 3651 odoris
1077 3605 1203 3668 parum
1217 3587 1311 3666 boni,
1327 3598 1484 3667 utuntur,
1501 3599 1535 3651 et
1555 3606 1632 3652 car-

407 3698 504 3761 nium
529 3713 571 3758 ac
596 3696 745 3776 piscium
770 3712 902 3774 magna
927 3695 1056 3758 ibidem
1077 3694 1224 3774 penuria
1250 3695 1444 3773 laboratur;
1471 3703 1531 3758 aer
1554 3695 1632 3776 ipse

406 3803 558 3867 salubris
583 3812 758 3880 censetur,
783 3802 947 3882 quamvis
972 3802 1083 3866 nostri
1105 3801 1199 3864 hanc
1220 3801 1464 3866 salubritatem
1493 3802 1631 3882 experti

405 3929 477 3974 non
492 3911 574 3986 sint,
590 3909 681 3974 forte
696 3909 780 3989 quia
794 3909 886 3971 ratio
900 3908 1029 3988 victuS,
1054 3925 1123 3989 qua
1144 3909 1345 3986 utebantur,
1366 3909 1471 3972 valde
1486 3908 1630 3972 diversa

406 4036 427 4080 a
443 4016 684 4081 saecularibus
702 4025 847 4096 propter
866 4025 1111 4095 paupertatem
1130 4024 1164 4079 et
1178 4015 1318 4100 labores
1336 4024 1372 4078 et
1392 4015 1628 4094 incommoda,

403 4143 495 4206 quae
506 4124 732 4205 patiebantur
744 4124 780 4186 in
793 4123 918 4186 insulis
930 4123 999 4185 illis
1010 4123 1215 4199 invisendis
1230 4121 1404 4185 adversae
1415 4122 1630 4187 valetudinis

404 4232 492 4313 ipsis
513 4248 622 4294 causa
646 4239 733 4305 erat;
761 4229 944 4293 hominum
969 4230 1075 4292 etiam
1097 4231 1324 4309 perversitas,
1351 4239 1497 4310 propter
1522 4247 1629 4311 quam

401 4339 539 4400 fructus
554 4338 748 4418 spiritualis
760 4336 1026 4416 impediebatur,
1042 4353 1122 4400 cum
1134 4335 1323 4400 afflictione
1335 4337 1454 4416 animi,
1470 4337 1630 4418 eorporis

394 4446 598 4509 ‚adversam
612 4444 852 4508 valetudinem
867 4445 1034 4524 augebat,

466 4551 554 4614 1974.
596 4551 634 4614 P.
650 4551 854 4630 Alphonsus
869 4549 912 4612 de
927 4551 1055 4615 Castro
1067 4567 1148 4616 cum
1159 4553 1256 4616 socio
1268 4551 1629 4616 Emmanaetedaua·

398 4653 489 4722 'vora
505 4667 539 4721 et
554 4658 623 4721 alio
638 4658 675 4721 in
690 4657 823 4721 insulas
844 4656 1012 4722 Amboini
1027 4659 1155 4722 missus
1171 4669 1234 4723 est.
1256 4657 1359 4724 Pater
1382 4669 1500 4724 autem
1520 4659 1627 4743 Joan·
