3717 5400
697 532 698 536 ,
785 473 849 532 Aa.
872 472 942 533 iton
1419 472 1478 533 545

238 632 301 687 tos
316 638 445 687 aureos
461 621 569 685 annui
584 618 719 683 reditus
732 620 874 700 pietatis
889 619 1057 699 operibus
1076 619 1183 681 vellet
1203 618 1420 699 impendere,
1441 629 1477 683 et

245 730 294 795 ad
308 727 524 794 Societatem
539 726 688 791 affectus
702 724 896 805 videretur,
918 742 1068 807 cumque
1088 726 1119 789 is
1139 723 1237 789 Patri
1256 724 1478 790 Bustamanti

249 836 407 901 amicitia
424 834 529 899 valde
550 832 757 913 conjunctus
780 842 885 913 esset,
909 832 948 896 P.
971 833 1103 896 Torres
1121 832 1235 896 eidem
1255 832 1479 896 Bustamnnti

244 943 391 1023 scripsit
406 953 444 1006 ut
460 941 660 1021 Collegium
676 940 899 1005 Granatense
911 940 944 1003 ei
956 940 1232 1005 commendaret.
1246 938 1316 1003 Sed
1327 940 1410 1021 quia
1420 940 1479 1004 iri·

245 1066 395 1129 gescere
411 1049 489 1113 ideo
504 1048 693 1112 videbatur
708 1047 816 1125 Mata,
832 1047 926 1127 quod
940 1048 1113 1127 pauculos
1133 1047 1177 1110 de
1198 1045 1375 1110 Societate
1389 1044 1479 1113 Gra·

249 1166 355 1221 natae
371 1156 510 1221 versari
528 1154 676 1233 videret,
697 1154 815 1218 visum
835 1162 889 1217 est
910 1152 1009 1217 Patri
1028 1153 1223 1217 Francisco
1245 1154 1344 1217 Patri
1365 1155 1480 1219 eidem

249 1265 380 1329 Torres
395 1261 581 1343 injungere
596 1270 634 1325 ut
649 1278 730 1325 cum
745 1260 851 1325 sociis
869 1271 951 1340 post
971 1259 1111 1323 Pascha
1131 1260 1329 1324 Granatam
1346 1262 1423 1342 ipse
1441 1280 1480 1325 se

245 1369 440 1446 conferret,
457 1378 562 1450 prout
577 1368 738 1449 superius
753 1368 887 1431 iactum
902 1384 981 1431 esse
996 1367 1150 1431 diximus
1167 1366 1186 1431 ¹.

314 1476 402 1541 1492.
446 1475 503 1539 Ad
524 1475 731 1539 missionem
749 1474 962 1555 Aethiopiae
981 1483 1054 1537 tres
1072 1474 1168 1537 misit
1191 1472 1228 1537 P.
1252 1474 1478 1555 Franciscus‚

242 1584 352 1664 juxta
363 1584 402 1647 P.
417 1581 545 1663 ignatii
558 1580 827 1662 praescriptum;
839 1598 931 1645 unus
943 1598 1066 1645 eorum
1077 1592 1154 1645 erat
1166 1580 1284 1659 Pater,
1302 1582 1481 1661 cognomi·

252 1710 296 1756 ne
308 1690 499 1768 Gonzalez‚
513 1688 573 1769 qui
585 1688 722 1752 Abulae
731 1687 908 1751 residebat
920 1684 943 1765 ²3
953 1688 1131 1751 secundus
1139 1686 1255 1766 Pater,
1267 1690 1482 1767 cognomine

248 1797 408 1875 Cuenca,
425 1796 633 1875 Methymna
653 1793 698 1857 ad
712 1793 805 1857 hanc
821 1794 1025 1857 missionem
1046 1793 1226 1874 proiectus
1240 1792 1268 1874 ’ς
1285 1795 1410 1858 tertius
1423 1795 1483 1858 Al-

249 1904 416 1982 phonsus
430 1902 548 1983 Lopez
563 1900 750 1979 Compluto
767 1902 897 1965 missus
912 1910 946 1963 et
961 1901 997 1964 in
1019 1898 1238 1979 Portugallia
1256 1902 1303 1965 ad
1322 1901 1484 1965 sacerdo·

258 2012 346 2075 tium
368 2009 643 2091 promovendus.
667 2006 770 2070 Alios
793 2008 1042 2071 nominaverat
1063 2006 1102 2070 P.
1124 2007 1294 2088 ignatius;
1318 2009 1380 2071 sed
1401 2010 1485 2090 quia

253 2116 465 2181 electionem
482 2115 519 2179 P.
542 2113 736 2177 Francisco
756 2114 1009 2193 committebat,
1030 2114 1095 2178 hos
1117 2116 1194 2195 ipse
1216 2123 1254 2178 ut
1275 2116 1392 2194 magis
1411 2115 1484 2179 ido·

257 2240 345 2287 neos
359 2232 393 2287 et
408 2222 536 2286 minori
551 2237 632 2283 cum
647 2220 858 2283 detrimento
871 2219 1084 2284 Provinciae
1098 2222 1135 2284 in
1150 2221 1378 2302 Aethiopiam
1393 2223 1484 2287 mitti

248 2332 392 2394 censuit
406 2328 428 2389 ⁰.

319 2437 407 2501 1493.
450 2436 641 2501 Consultus
666 2437 731 2501 fuit
756 2455 777 2500 a
802 2435 841 2499 P.
866 2434 1061 2499 Francisco
1087 2435 1181 2499 idem
1200 2434 1238 2498 P.
1259 2434 1419 2516 Ignatius
1438 2456 1485 2501 an

257 2545 398 2608 tunicas
412 2543 610 2623 interioreS,
627 2554 771 2624 apertas
784 2542 903 2607 italico
919 2558 1029 2620 more,
1051 2559 1099 2604 an
1112 2544 1288 2606 clausasa
1304 2552 1406 2623 parte
1425 2562 1485 2607 an·

257 2651 379 2716 teriori
394 2667 493 2716 more
509 2651 695 2732 hispanico
709 2650 822 2714 nostri
841 2648 935 2713 ferre
950 2648 1135 2728 deberent;
1156 2659 1191 2712 et
1210 2667 1281 2714 non
1299 2651 1485 2716 immutan-

254 2757 338 2822 dam
354 2759 492 2822 censuit
503 2757 541 2821 P.
558 2758 719 2838 ignatius
733 2756 808 2838 ejus
822 2756 980 2836 regionis
994 2757 1287 2821 consuetudinem
1300 2757 1324 2821 ³.

324 2865 411 2928 1494.
456 2865 545 2931 Cum
560 2882 646 2945 ergo
661 2873 847 2928 vocatusa
868 2863 1032 2943 Principe
1052 2863 1191 2945 Joanna
1211 2863 1428 2930 Tordesillas
1448 2884 1486 2930 se

251 2971 449 3050 conferret,
467 2972 544 3053 ipso
559 2972 595 3035 in
611 2972 735 3035 itinere
750 2971 893 3034 obviarn
907 2969 1030 3034 babuit
1049 2969 1264 3051 Episcopum
1284 2971 1487 3038 Placentiae

259 3089 389 3143 etcum
405 3097 459 3157 eo,
477 3096 567 3160 quae
582 3079 683 3142 brevi
699 3087 857 3157 tempore
872 3077 932 3158 agi
946 3084 1122 3157 poterant,
1139 3078 1331 3157 constituit;
1347 3089 1382 3142 et
1393 3080 1451 3144 ille
1462 3078 1485 3160 ⁸,

258 3186 476 3250 Placentiam
492 3201 716 3266 progressus
733 3201 824 3265 quae
839 3183 1016 3262 superius
1031 3200 1113 3246 cum
1128 3182 1171 3246 de
1185 3202 1227 3247 eo
1243 3185 1393 3265 collegio
1406 3203 1487 3266 age·
1587 3259 1593 3272 ,

259 3309 389 3370 remuS,
406 3291 610 3369 dictasunt,
628 3301 681 3354 est
695 3301 876 3354 executus.

323 3400 409 3463 1495.
453 3399 556 3478 Quod
572 3400 617 3463 ad
632 3398 828 3479 Collegium
844 3397 982 3461 Baezae
997 3398 1149 3476 pertinet
1161 3398 1183 3476 '‚
1197 3416 1277 3462 cum
1289 3409 1383 3463 esset
1392 3399 1489 3464 Mon·

301 3640 310 3673 ¹
338 3639 406 3682 Vide
416 3649 503 3692 supra,
515 3651 573 3692 pag.
581 3639 630 3688 514,
642 3650 667 3682 n.
678 3637 739 3682 1400.

301 3712 312 3744 ¹
340 3711 368 3756 P.
380 3711 500 3754 Andreas
511 3709 648 3754 Gonzslez.
657 3709 725 3752 Vide
736 3720 823 3762 supra.
832 3715 851 3752 t.
862 3721 897 3762 ru,
908 3720 968 3763 pag.
978 3709 1026 3763 888,
1038 3717 1126 3758 annot.
1135 3712 1155 3761 1,
1167 3719 1193 3756 et
1203 3723 1265 3767 pag.
1274 3712 1324 3764 489,
1334 3725 1359 3757 ιι.
1370 3712 1429 3758 ltoe.

301 3783 313 3815 ³
340 3784 369 3828 P.
379 3783 552 3838 Hieronymus
567 3781 679 3825 Cueuca.
691 3781 757 3824 Vide
766 3791 854 3834 snpra,
865 3787 883 3824 t.
894 3793 928 3833 ιν,
945 3793 1006 3836 pag.
1015 3781 1064 3834 388.
1074 3789 1162 3828 annot.
1174 3784 1195 3836 1,
1204 3791 1232 3828 et
1241 3795 1302 3839 pag.
1312 3785 1361 3840 ⁵77,
1371 3791 1460 3830 annot.
1469 3786 1491 3830 2.

301 3857 313 3890 ⁸
341 3855 439 3899 Horum
450 3856 536 3906 trium,
547 3854 590 3908 qui
600 3852 695 3896 Sancto
706 3851 808 3907 ignatio
820 3853 976 3897 videbantur
987 3854 1013 3897 in
1022 3854 1191 3909 Aethiopiam
1201 3867 1233 3898 ex
1241 3856 1382 3902 Provincia
1392 3857 1492 3903 Castel-

261 3929 323 3972 iena
333 3926 459 3978 mittendi,
471 3926 617 3979 designatio
628 3925 699 3968 iacta
710 3931 749 3966 est
764 3935 809 3977 per
825 3925 928 3968 litteras
943 3924 1016 3969 Patri
1026 3925 1142 3970 Antonio
1157 3927 1244 3970 Araoz
1254 3928 1339 3982 datas,
1349 3935 1378 3972 ut
1391 3931 1493 3974 eruitur

260 4011 294 4044 ex
304 3997 400 4044 litteris
410 3998 443 4041 sd
453 3997 569 4041 eumdem
579 3996 606 4039 Ρ.
618 3997 705 4040 Arsoz
715 3995 783 4038 datis
794 3995 819 4039 17
829 3994 989 4050 Septembris
1003 3997 1064 4040 anni
1074 3997 1128 4041 1584
1143 3997 1250 4051 (cartas
1260 4000 1294 4042 de
1308 3999 1364 4043 San
1374 3999 1494 4056 lauacro,

262 4079 282 4114 t.
292 4081 328 4124 rs,
339 4081 399 4124 pag.
408 4067 566 4121 wll-Quae
576 4073 664 4112 autem
678 4068 720 4110 hic
730 4067 821 4111 scribit
834 4065 960 4111 Poiancus
974 4076 1120 4122 congruunt
1131 4069 1171 4122 iis,
1181 4080 1248 4124 quse
1263 4081 1297 4113 ex
1309 4083 1375 4115 com.
1387 4074 1495 4128 scripsit

262 4143 317 4196 ipse
332 4141 406 4185 Patri
422 4139 561 4184 Francisco
572 4139 603 4182 de
615 4139 693 4188 Boria
706 4138 731 4182 to
741 4138 809 4190 Junil
821 4139 880 4182 1555:
892 4138 945 4182 “La
960 4141 1092 4184 mutacion
1102 4141 1134 4184 de
1144 4142 1184 4184 los
1198 4147 1252 4186 tres
1262 4143 1418 4197 designados
1427 4155 1494 4199 pers

261 4213 369 4267 Etiopia
379 4224 411 4256 no
420 4213 486 4255 dudo
498 4212 581 4255 babra
591 4211 647 4255 sido
657 4212 697 4254 sin
707 4211 768 4264 (sic)
783 4213 809 4254 la
819 4211 949 4255 intencion
959 4212 990 4256 de
1001 4212 1077 4266 quien
1092 4213 1172 4256 habia
1187 4215 1328 4258 nombrado
1340 4223 1421 4270 utros,
1431 4229 1495 4272 pnes

261 4285 401 4340 pretendia
412 4286 437 4328 lo
447 4285 552 4339 melon...

303 4355 315 4390 Β
342 4357 468 4400 Polancus
479 4363 575 4408 tamen,
586 4363 619 4396 ex
630 4365 705 4404 com„
714 4355 830 4398 scribens
841 4353 914 4398 Patri
925 4353 1066 4400 Francisco
1077 4355 1109 4398 de
1120 4357 1209 4413 Beris,
1219 4358 1372 4404 facultatem
1382 4361 1406 4405 ei
1416 4361 1496 4406 iacie-

262 4429 309 4472 bet
318 4433 355 4481 ut¹
364 4433 440 4482 prout
451 4427 541 4479 vellet,
552 4431 639 4469 vestes
650 4424 698 4468 bas
708 4425 734 4467 in
745 4423 871 4478 Hispanis
881 4425 1039 4479 disponeret.
1049 4425 1164 4472 “euentu
1174 4431 1191 4472 d
1200 4429 1240 4472 iss
1250 4439 1365 4485 sorenes,
1375 4435 1497 4477 scduuos

263 4503 304 4544 las
314 4509 418 4543 numos
428 4497 545 4542 abiertas
556 4509 573 4552 y
583 4504 653 4541 atros
664 4497 797 4550 cerradas3
807 4495 841 4538 V.
850 4495 880 4538 R.
889 4497 984 4540 ordene
995 4499 1049 4541 aila
1059 4500 1083 4541 lo
1094 4509 1144 4552 que
1154 4500 1178 4543 le
1187 4501 1331 4556 pareciere,
1340 4514 1391 4558 que
1400 4504 1461 4548 todo
1468 4517 1496 4550 se

217 4579 222 4588 ·
265 4571 359 4614 tendrd
368 4581 417 4625 por
426 4581 487 4626 rnuy
498 4571 603 4622 bueus...
616 4567 664 4612 ta·
673 4567 733 4621 Julli
746 4568 805 4612 1555.

305 4638 318 4673 ⁸
344 4641 498 4696 Episcopus.

306 4713 317 4744 ²
345 4712 413 4757 Vide
424 4724 512 4767 supra,
523 4717 542 4759 t.
554 4723 589 4764 ln.
598 4723 659 4766 pag.
668 4711 715 4766 881,
728 4723 768 4756 nn.
779 4713 820 4756 737
827 4719 853 4756 et
863 4711 910 4764 788,
923 4718 950 4756 et
960 4719 980 4756 t.
990 4723 1027 4766 tv,
1037 4725 1098 4769 pag.
1108 4715 1157 4770 468,
1168 4728 1193 4760 n.
1205 4717 1268 4762 10⁰0.

437 4801 477 4861 Τ·
496 4821 522 4860 v·
1319 4823 1352 4880 35
