3717 5400
358 481 413 540 3901
815 481 943 542 Cuaou.
965 483 1040 540 bot.
1061 481 1132 554 Jns.

358 642 428 702 tur,
444 639 493 708 ut,
510 629 542 692 si
556 646 643 692 vera
658 629 716 693 illa
732 628 893 696 fuissent.
909 629 1115 693 combustos
1129 640 1164 692 et
1178 631 1214 692 in
1229 631 1412 709 pulverem
1422 629 1591 694 redactos,

356 753 435 798 esse
450 737 665 815 oportuisset
682 736 700 798 ¹.

422 841 509 905 1064.
554 843 597 905 Et
612 844 680 906 hoc
696 843 761 906 fuit
772 845 926 924 primum
938 845 1045 907 telum
1057 855 1183 908 contra
1195 846 1420 924 collegiolum
1431 843 1516 908 illud
1527 861 1587 908 au·

363 951 528 1014 ctoritate
543 950 813 1031 Archiepiscopi
829 961 1042 1016 contortum.
1055 949 1256 1016 Secundum
1268 952 1333 1015 suit
1344 970 1409 1032 per
1419 951 1590 1017 Tribunal

362 1057 540 1138 quoddam
563 1075 722 1121 summae
745 1060 968 1123 auctoritatis
988 1061 1034 1122 ad
1054 1059 1307 1124 vindicandam
1327 1060 1431 1138 regni
1451 1057 1590 1138 Arago=

360 1165 440 1228 niae
455 1165 654 1228 libertatem
670 1165 774 1243 (quod
791 1177 922 1230 vocant
937 1165 1132 1246 Justt'tiam
1150 1166 1365 1245 Aragom'ae
1379 1164 1402 1240 ¹)
1419 1177 1454 1228 et
1468 1165 1591 1229 Tribu=

358 1274 418 1336 nal
433 1273 512 1350 hoc,
529 1273 610 1336 licet
625 1275 808 1338 saeculare
828 1284 897 1351 est,
918 1273 1060 1355 quando
1082 1274 1190 1354 aliqui
1211 1283 1475 1354 conqueruntur
1496 1271 1589 1352 quod

359 1379 427 1443 sibi
438 1380 494 1442 vis
507 1379 690 1458 inferatur,
704 1381 957 1444 ecclesiasticis
968 1381 1086 1444 causis
1097 1382 1204 1443 etiam
1216 1397 1254 1442 se
1266 1379 1452 1457 immiscet,
1465 1378 1593 1442 deinde

359 1487 550 1549 summarie
573 1504 611 1548 re
634 1488 789 1566 cognita,
818 1489 891 1550 vim
906 1488 1041 1550 illatam
1063 1487 1283 1567 prohibendo
1305 1505 1348 1549 ac
1368 1486 1594 1565 possessione

363 1596 550 1673 privando,
568 1597 599 1658 ei
615 1596 707 1674 parti
722 1595 818 1658 iavet
835 1612 944 1675 penes
959 1613 1065 1675 quam
1077 1594 1133 1674 jus
1147 1612 1225 1658 esse
1240 1597 1290 1658 illi
1304 1594 1445 1657 videtur
1459 1591 1482 1652 ⁸.

424 1700 502 1764 tom
557 1701 787 1765 postulabant
803 1717 890 1780 ergo
906 1703 1104 1766 adversarii
1120 1701 1164 1764 ab
1180 1702 1248 1763 hoc
1267 1701 1449 1764 Tribunali
1468 1718 1513 1762 ne
1529 1717 1576 1762 no

365 1808 431 1871 stri
456 1809 685 1872 aedificarent
708 1810 896 1873 ecclesiam
918 1819 979 1872 aut
1004 1811 1184 1883 sacellum,
1207 1825 1274 1871 nec
1295 1819 1503 1872 exercerent
1522 1807 1593 1870 alia

364 1915 560 1978 ministeria
575 1914 745 1978 Societati
759 1926 941 1979 consueta.
958 1915 1059 1978 Duas
1074 1926 1192 1978 autem
1207 1916 1401 1978 sententias
1416 1914 1496 1977 tulit
1508 1914 1594 1980 illud

362 2020 551 2096 Tribunal;
569 2023 718 2085 alteram
734 2041 777 2086 ne
793 2025 907 2087 nostri
921 2020 1193 2102 expellerentur,
1211 2023 1323 2085 altera
1341 2031 1380 2084 ut
1399 2022 1522 2084 liceret
1536 2038 1595 2084 no-

362 2129 446 2190 stris
461 2146 526 2191 sua
541 2129 736 2193 ministeria
754 2148 940 2207 exercere;
961 2130 1024 2193 sed
1038 2141 1158 2193 tamen
1172 2148 1217 2192 ne
1237 2129 1465 2192 aedificarent
1484 2128 1592 2190 eccle·

363 2237 453 2298 siam
474 2239 765 2316 pronunciatum,
789 2255 858 2318 quo
884 2238 1097 2301 videbantur
1122 2237 1321 2316 approbare
1346 2235 1595 2315 apprehensio-

363 2360 455 2419 nem,
473 2359 579 2423 quam
594 2343 644 2405 illi
659 2354 801 2422 vocant,
819 2353 944 2408 contra
959 2355 1099 2408 nostros
1113 2344 1257 2420 iactam,
1275 2344 1310 2404 in
1326 2359 1394 2421 qua
1409 2341 1445 2404 id
1459 2343 1593 2421 praeci·

363 2465 433 2527 pue
460 2450 663 2528 petebatur,
684 2469 728 2513 ne
748 2450 978 2514 aedificarent
998 2462 1119 2513 contra
1142 2467 1247 2513 usum
1267 2461 1301 2510 et
1321 2449 1595 2527 possessionem,

363 2572 469 2634 quam
486 2555 651 2619 dicebant
666 2557 858 2636 parochiae
873 2574 911 2620 se
927 2558 1110 2621 habereut
1126 2557 1161 2619 in
1172 2556 1331 2634 ipsarum
1343 2555 1506 2618 districtu
1516 2571 1594 2635 pos·

364 2673 442 2726 sent
458 2663 645 2743 prohibere
658 2663 921 2728 aedificationes
932 2664 1175 2740 ecclesiarum3
1188 2679 1259 2725 non
1271 2661 1597 2725 animadvertentes

363 2770 458 2848 quod
473 2784 633 2833 nostrum
653 2773 879 2851 privilegium
898 2773 1032 2835 nostris
1052 2770 1265 2850 suffragatur
1289 2780 1415 2832 contra
1434 2769 1492 2849 jus
1510 2769 1596 2836 illud

364 2892 550 2940 commune
563 2879 824 2957 parochiarum.

427 2984 514 3047 1066.
558 2986 677 3049 Tertia
699 2988 859 3049 molestia
878 2986 1010 3048 nostris
1023 2986 1120 3048 illata
1136 2986 1200 3048 suit
1213 3002 1276 3063 per
1287 2992 1593 3060 conservatorem,

364 3106 469 3170 quem
481 3092 648 3154 monachi
661 3090 720 3155 Sal
736 3093 926 3170 Augustini
938 3095 1193 3155 conventuales
1206 3094 1398 3169 elegerunt,
1409 3099 1515 3169 prout
1526 3089 1597 3151 illis

364 3198 522 3277 ipsorum
542 3199 656 3263 bullae
673 3200 779 3279 (quas
800 3218 899 3261 neure
918 3216 1095 3277 magnum
1116 3199 1260 3274 vocant)
1282 3198 1492 3261 concedunt.
1514 3195 1596 3261 Fuit

364 3313 484 3367 autem
503 3308 635 3367 electus
647 3304 874 3369 Guardianus
885 3306 1141 3369 monachorum
1156 3306 1399 3368 claustralium
1413 3302 1473 3366 gu
1488 3302 1597 3366 Fran-

365 3410 463 3489 cisci,
480 3412 538 3490 qui
550 3412 667 3488 etiam,
685 3413 982 3491 quemadmodum
996 3422 1031 3475 et
1044 3412 1231 3475 Generalis
1247 3410 1425 3487 Vicarius,
1440 3408 1548 3489 Judex
1562 3420 1599 3474 et

365 3534 449 3595 pars
465 3530 552 3594 erat,
570 3536 653 3581 nam
665 3520 719 3582 sui
732 3520 865 3582 ordinis
883 3519 1069 3599 privilegia
1081 3536 1144 3599 per
1155 3529 1277 3581 nostra
1292 3516 1437 3597 infringi
1450 3518 1598 3596 ipsemet

366 3624 516 3687 dicebat.
531 3624 598 3687 Hic
611 3642 698 3705 ergo
709 3638 834 3688 contra
846 3638 988 3688 nostros
1000 3626 1208 3703 procedens
1218 3641 1281 3686 eos
1292 3623 1435 3686 citando
1447 3622 1598 3702 injunxit

366 3749 410 3793 ne
425 3731 665 3809 aedificarent,
683 3742 743 3795 aut
759 3733 979 3795 celebrarent
995 3733 1031 3794 in
1046 3733 1106 3795 illa
1122 3732 1228 3794 domo
1243 3741 1378 3804 nostra,
1395 3731 1490 3809 quod
1504 3740 1599 3792 esset

407 4008 416 4039 ¹
446 4006 619 4054 Recesserant
627 4012 682 4065 jam
693 4011 740 4054 hoc
752 4016 867 4066 tempore
879 4008 1092 4063 Caesaraugusta
1102 4006 1131 4051 Ρ.
1142 4006 1264 4062 Baptista
1272 4006 1304 4050 de
1314 4006 1418 4058 Barma,
1427 4004 1599 4060 Viccprovin·

366 4079 450 4133 cialls,
461 4088 488 4123 et
496 4081 523 4125 P.
535 4081 692 4126 Franciscus
704 4082 735 4125 de
745 4082 832 4138 Rotas,
844 4084 935 4126 domus
944 4080 1070 4135 superior.
1079 4078 1126 4123 “El
1137 4080 1239 4133 trabujo
1249 4080 1281 4123 de
1289 4078 1349 4122 todo
1357 4086 1412 4123 esto
1422 4080 1510 4121 recula
1519 4077 1595 4121 sobre

367 4150 406 4193 los
416 4150 537 4195 hombros
547 4152 589 4195 del
600 4155 665 4197 bueu
676 4154 704 4197 P.
716 4154 813 4197 Alouso
822 4152 929 4207 Roman,
941 4164 990 4207 que
1000 4162 1035 4207 ya
1043 4162 1089 4195 ere
1097 4150 1193 4193 Rector
1203 4150 1234 4192 de
1242 4152 1319 4205 aquel
1330 4150 1444 4203 Colegio,
1453 4162 1470 4205 y
1479 4147 1543 4201 solo,
1553 4159 1601 4203 por

368 4222 479 4266 baberse
489 4224 530 4267 ido
541 4226 565 4267 el
576 4224 603 4267 P.
615 4224 755 4268 Franclsco
767 4224 854 4280 Rojas,
865 4236 914 4279 que
924 4230 1001 4268 antes
1009 4234 1054 4267 era
1064 4222 1210 4277 Superior,
1220 4222 1356 4276 aarum,
1368 4222 1385 4265 l.
1396 4233 1418 4265 c.

408 4295 420 4326 ¹
449 4293 515 4337 Vide
532 4295 557 4339 in
575 4296 615 4339 bis
631 4295 798 4339 Maroneum
814 4296 967 4347 Hrsrorucrs,
984 4294 1101 4338 Sanctus
1115 4293 1280 4336 Franciscus
1294 4292 1404 4345 Borgia,
1415 4298 1433 4336 t.
1448 4303 1464 4345 r,
1481 4290 1602 4345 pamfli,

368 4372 457 4410 annot.
470 4368 488 4408 l.

407 4438 419 4470 ³
447 4436 561 4481 “Viendo
576 4440 615 4481 lus
624 4438 772 4483 contrarios
788 4450 837 4493 que
847 4440 887 4481 sin
902 4439 1026 4490 embargo
1039 4436 1070 4479 de
1080 4436 1184 4490 aquella
1194 4435 1354 4489 prohlblclon
1370 4435 1410 4479 los
1424 4438 1544 4478 nuestros
1554 4434 1599 4477 ba·

369 4510 431 4553 blan
442 4510 597 4552 continuatio
609 4511 632 4553 el
643 4509 717 4553 oficio
725 4510 821 4563 dlvlno,
838 4510 1005 4553 acudleronrt
1020 4510 1047 4553 la
1057 4515 1129 4551 corte
1140 4508 1182 4551 del
1197 4505 1307 4559 Justlcin
1321 4506 1353 4549 de
1370 4506 1485 4560 Aragon,
1500 4504 1529 4548 la
1542 4505 1602 4548 cual

369 4592 422 4625 nun
432 4591 463 4623 en
474 4592 548 4624 cosas
558 4594 576 4637 y
585 4592 678 4627 causas
688 4583 865 4626 eclesiasticos
875 4583 946 4626 etrele
956 4592 1037 4635 poner
1047 4582 1073 4624 la
1083 4590 1159 4623 mano
1168 4588 1235 4633 para
1242 4578 1351 4632 impedit
1359 4577 1509 4631 violentias,
1516 4585 1599 4629 setun

369 4653 452 4707 dicen,
464 4664 480 4706 y
491 4659 626 4697 mantener
637 4657 653 4697 a
663 4655 729 4698 cada
740 4657 798 4698 cucl
809 4666 841 4697 en
851 4666 881 4698 su
891 4665 1011 4708 posesron
1021 4653 1099 4697 haste
1113 4664 1163 4707 que
1176 4653 1203 4695 le
1217 4660 1299 4694 causa
1308 4661 1336 4694 se
1351 4650 1500 4704 severinum„
1510 4647 1600 4693 Arva·

368 4735 424 4777 aaz,
436 4726 452 4769 l.
461 4736 493 4779 c.,
505 4736 561 4779 cap.
572 4725 606 4768 52.
