3717 5400
813 477 879 534 Au.
907 476 979 536 1555
1461 481 1517 540 169

277 634 449 684 nerentur
460 619 562 702 juxta
577 623 676 702 leges
690 621 859 702 Venetas3
876 623 985 686 immo
1000 641 1045 686 ne
1060 623 1240 702 legitimae
1256 625 1397 704 quidem
1413 626 1508 689 tribi-

277 727 430 792 lianicae
446 725 454 760 ¹
469 729 587 792 locum
601 747 691 808 esse,
709 739 744 792 et
758 739 895 794 tantum
910 729 954 792 de
971 729 1053 793 dote
1068 740 1229 794 materna
1241 731 1301 812 agi
1316 749 1432 812 posse.

337 833 408 898 488.
451 835 576 900 Plures
603 836 838 900 foeminarum
867 837 1108 902 consessiones
1136 839 1249 902 nostri
1278 839 1512 920 audivissent,

277 943 345 1006 nisi
367 944 583 1020 prohibitum
602 943 726 1007 suisset
744 946 789 1007 ab
814 945 1084 1025 Inquisitoribus
1109 957 1142 1008 et
1168 947 1379 1010 auctoritate
1404 950 1511 1012 etiam

277 1051 403 1130 Legati
423 1051 609 1132 apostolici
627 1050 650 1128 ³,
672 1068 716 1114 ne
735 1051 786 1113 illi
810 1052 974 1114 audirent
997 1051 1238 1116 consessiones
1262 1053 1510 1132 foeminarum,

277 1159 338 1238 qui
360 1157 582 1237 trigesimum
606 1168 745 1222 sextum
768 1176 900 1222 annum
925 1176 1000 1222 non
1025 1159 1248 1223 excederent.
1274 1161 1344 1241 Ipsi
1369 1161 1511 1242 quidem

275 1265 375 1330 Patri
390 1266 536 1330 Caesari
555 1265 640 1330 data
653 1265 720 1328 fuit
737 1264 891 1329 facultas
911 1266 1049 1347 abipso
1069 1265 1218 1345 Legato,
1239 1267 1514 1348 Inquisitoribus

276 1373 588 1452 consentientibus
605 1382 643 1435 ut
656 1374 831 1452 quasdam
846 1374 982 1437 nobiles
1002 1385 1186 1438 matronas
1206 1393 1251 1438 ex
1271 1375 1406 1440 familia
1425 1377 1509 1440 Cor·

274 1481 469 1556 uariorum,
486 1498 578 1561 quae
592 1482 718 1544 solitae
733 1491 836 1544 erant
850 1481 917 1561 ipsi
933 1481 1105 1559 confiteri,
1123 1483 1273 1560 audiret;
1290 1501 1374 1546 nam
1394 1485 1506 1563 ipsae·

275 1597 347 1650 met
360 1604 493 1666 magno
508 1587 624 1651 studio
640 1589 676 1651 id
690 1589 882 1668 impetrare
898 1599 1050 1652 conatae
1065 1588 1217 1652 fuerant:
1236 1601 1269 1652 et
1286 1607 1367 1653 cum
1382 1600 1511 1654 nostra

275 1694 462 1774 privilegia
479 1694 686 1758 obtenderet
697 1694 736 1757 P.
750 1695 895 1773 Caesar,
909 1694 1066 1758 Auditor
1077 1695 1205 1775 Legati
1215 1697 1397 1776 respondit
1411 1699 1509 1762 nulla

275 1801 463 1881 privilegia
479 1802 726 1881 religiosorum
741 1803 777 1864 in
791 1803 860 1865 hoc
874 1819 961 1866 casu
977 1802 1116 1866 admitti
1132 1799 1154 1861 ³.

333 1907 404 1972 489.
448 1908 570 1972 Mense
589 1908 704 1988 Aprili
723 1909 762 1972 Ρ.
778 1907 901 1973 Simon
916 1927 998 1972 cum
1013 1910 1111 1972 socio
1131 1910 1198 1989 ipsi
1214 1909 1396 1989 assignato
1411 1909 1424 1940 ⁴
1439 1912 1506 1976 Ve-

273 2017 378 2079 netiis
407 2017 606 2080 Bassanum
635 2033 673 2078 se
703 2018 866 2092 contulit;
898 2028 933 2079 et
963 2017 1054 2080 sorte
1085 2035 1165 2080 eum
1195 2019 1306 2081 movit
1336 2018 1429 2098 quod
1463 2019 1510 2082 de

273 2134 373 2203 peste
387 2141 460 2187 nou
475 2124 627 2202 exiguus
643 2141 762 2186 rumor
787 2134 880 2202 erat,
898 2124 1005 2186 immo
1022 2125 1097 2204 ipse
1118 2125 1193 2188 suis
1208 2124 1334 2188 litteris
1348 2127 1384 2190 id
1398 2126 1505 2206 signi-

273 2230 367 2296 licat.

331 2337 403 2400 490.
445 2337 658 2401 Nostrorum
677 2355 859 2416 numerus,
887 2339 947 2417 qui
974 2339 1134 2403 Venetiis
1160 2349 1273 2416 erant,
1300 2341 1507 2403 imminutus

271 2456 337 2525 est;
352 2463 437 2508 nam
451 2446 661 2524 magistrum
676 2445 875 2508 Arnoldum
889 2445 1074 2508 Conchum
1090 2446 1113 2524 ⁵,
1130 2463 1211 2508 curn
1230 2446 1372 2526 saepius
1386 2464 1425 2509 se
1440 2444 1505 2509 Su·

270 2553 403 2634 periori
428 2552 687 2615 inobedientem
712 2561 747 2614 et
772 2553 1028 2617 irreverentem
1053 2553 1287 2632 exhibuisset,
1315 2554 1431 2618 visum
1448 2562 1502 2617 est

269 2658 309 2722 P.
325 2658 443 2725 Natali
458 2670 539 2741 post
553 2660 692 2739 aliquas
703 2660 952 2739 poenitentias,
969 2677 1058 2740 quas
1069 2661 1145 2740 ipse
1159 2660 1277 2738 subiit,
1292 2661 1328 2725 in
1343 2661 1496 2741 peregri-

269 2768 450 2832 nationem
464 2768 516 2829 sic
531 2766 682 2843 mittere,
699 2779 738 2829 ut
753 2784 825 2829 non
840 2767 993 2847 amplius
1007 2766 1180 2831 Venetias
1195 2767 1338 2846 rediret,
1353 2769 1416 2832 sed
1430 2767 1504 2831 Ro·

268 2892 365 2938 mam
379 2873 667 2954 progrederetur.
683 2870 769 2953 Ejus
784 2883 902 2937 autem
917 2876 997 2937 loco
1021 2875 1169 2956 ipsemet
1189 2873 1320 2939 Rector
1342 2876 1501 2955 aliquan-

267 2982 327 3046 diu
343 2979 513 3062 [sebolae]
529 2998 694 3061 praeesse
710 2980 840 3060 debuit,
858 2983 970 3045 donec
984 2981 1134 3045 Patavio
1150 2982 1321 3061 magister
1337 2982 1504 3046 Emerius

269 3090 480 3167 advenienS,
502 3106 582 3151 eum
603 3089 803 3151 sublevavit
817 3085 839 3148 ⁰.
863 3087 1015 3169 Quidam
1032 3090 1139 3152 etiam
1153 3087 1279 3153 Petrus
1300 3089 1496 3153 'dimissus

267 3206 333 3271 est,
349 3197 411 3277 qui
426 3195 667 3259 manifestavit
682 3196 909 3259 constituisse
924 3214 963 3259 se
978 3196 1067 3259 duos
1082 3206 1221 3261 tantum
1243 3214 1357 3260 annos
1376 3197 1413 3259 in
1436 3194 1497 3261 So-

268 3305 398 3367 cietate
414 3322 569 3383 manere,
586 3303 699 3367 donee
714 3304 847 3383 aliquid
861 3303 1053 3367 didicisset.

325 3409 397 3473 491.
441 3410 600 3474 Venerat
625 3418 744 3473 autem
769 3409 807 3472 P.
834 3410 973 3473 Natalis
990 3410 1159 3474 Venetias
1180 3420 1307 3490 quarta
1328 3411 1384 3474 die
1401 3411 1503 3493 Julii,

267 3535 348 3581 cum
363 3519 536 3599 magistro
551 3516 742 3580 Lamberto
757 3518 856 3580 Auer
871 3528 906 3579 et
920 3516 958 3579 P.
976 3516 1179 3594 Ambrosio,
1194 3534 1378 3597 german0,
1392 3536 1496 3598 quem

269 3698 481 3709 ..ι-

309 3801 316 3831 ¹
346 3799 396 3851 Sic;
407 3805 447 3842 est
457 3803 545 3842 autem
555 3807 651 3852 quarta
661 3796 834 3840 baereditatis
843 3807 905 3850 pars
916 3798 996 3840 certis
1007 3796 1194 3840 conditionibus
1204 3808 1220 3840 a
1228 3797 1286 3851 jure
1296 3799 1403 3841 statutis
1414 3798 1501 3842 detra·

264 3877 395 3923 cimoliae
407 3870 468 3914 olim
478 3870 642 3923 Pegasiano,
651 3880 717 3913 nunc
731 3868 928 3912 Trebellianica
940 3869 1042 3913 dicitur.

304 3946 316 3975 Ξ
346 3944 459 3996 Legatos
468 3943 636 3996 Apostolicus
647 3940 764 3983 Venetiis
774 3941 807 3983 ad
817 3939 893 3983 finem
903 3950 983 3993 usque
995 3938 1114 3983 Octobris
1124 3939 1201 3993 huius
1211 3940 1270 3982 anni
1283 3939 1347 3991 1555,
1363 3940 1412 3983 luit
1423 3938 1498 3992 Joan·

265 4027 310 4058 neo
321 4016 352 4058 de
363 4018 390 4059 la
400 4014 477 4058 Casa.
486 4014 646 4064 blnuaocaur,
657 4013 843 4055 Historiarum
855 4015 1026 4065 venetorum,
1037 4012 1081 4055 lib.
1092 4022 1136 4057 vn.
1144 4022 1186 4053 an.
1201 4010 1405 4055 MDLV.-“Nou
1419 4013 1503 4056 molto

263 4087 330 4139 dopo
339 4087 415 4139 (diem
426 4086 453 4129 28
463 4086 583 4130 Octobris
594 4086 655 4136 1555)
665 4086 684 4129 11
693 4084 719 4127 S.
731 4084 758 4126 P.
768 4084 869 4127 chiamb
879 4095 896 4127 a
908 4083 1017 4127 Palazzo
1027 4094 1074 4137 per
1084 4082 1140 4126 suol
1156 4082 1300 4136 secretarii
1315 4082 1501 4127 straordinaril·

262 4159 281 4202 il
291 4158 368 4208 Casa,
379 4160 396 4202 ll
407 4158 567 4210 Guarenrrbi¹
580 4158 598 4200 ll
607 4157 673 4208 Biul,
684 4156 744 4199 edil
755 4155 905 4208 Florabelli,
916 4154 1011 4199 nomini
1022 4155 1063 4199 dei
1078 4154 1122 4209 piu
1132 4154 1260 4209 eloquenti
1274 4154 1299 4197 dl
1314 4155 1373 4209 quel
1388 4161 1497 4209 tempo„

262 4228 377 4281 Novius,
388 4228 525 4272 Elemenii
534 4229 564 4271 di
573 4230 658 4271 storia
668 4229 713 4271 dei
724 4227 827 4270 sommi
834 4226 972 4282 Pontefici,
983 4234 1000 4270 t.
1013 4237 1059 4276 vu,
1068 4226 1147 4269 Paolo
1156 4225 1200 4279 IV,
1212 4238 1236 4269 n.
1247 4236 1283 4269 ιν.

301 4301 315 4333 ⁸
340 4300 487 4345 Meminisse
494 4307 607 4353 oportet,
615 4311 664 4353 quo
672 4300 737 4343 baec
745 4306 817 4343 recte
825 4296 1498 4353 intelligantur,quaenamrurbaeVenetilsproxlme

261 4373 358 4427 elapsis
368 4373 442 4416 annis
452 4373 585 4416 excitatae
596 4372 693 4414 inerint
704 4372 840 4414 occasione
856 4370 1061 4414 Barnabitarum
1077 4368 1312 4413 mediolanensium.
1324 4369 1391 4414 Vide
1406 4381 1502 4425 supra,

261 4449 282 4487 t.
292 4454 320 4497 ιι,
331 4454 393 4498 pag.
403 4444 452 4493 2⁰8.
463 4456 487 4487 n.
498 4445 523 4486 91
535 4450 562 4486 et
572 4454 633 4497 paz.
642 4443 690 4496 i29,
702 4455 726 4486 n.
736 4443 772 4486 25.

300 4517 313 4548 ⁴
338 4514 406 4559 Vide
416 4527 504 4570 supra.
516 4522 534 4558 t.
546 4525 582 4562 lv.
594 4526 654 4568 pag.
664 4515 686 4567 8,
697 4522 786 4558 annot,
796 4515 817 4557 6.

301 4586 314 4618 ³
340 4586 386 4631 Mo.
399 4588 478 4631 habet
489 4590 621 4640 magister
634 4588 768 4631 Arnoidus
777 4586 903 4631 concitus.

303 4656 316 4689 θ
342 4658 410 4702 Vide
419 4670 508 4712 supra.
519 4671 580 4713 pag.
597 4659 643 4713 163,
654 4671 679 4702 n.
689 4660 736 4702 171.

302 4730 314 4761 ²
342 4730 423 4777 Estne
435 4734 477 4776 hic
487 4733 530 4775 ille
540 4731 635 4775 Petrus
644 4734 833 4787 neapolitanus,
845 4734 936 4787 dequo
948 4745 1035 4788 supra,
1048 4741 1066 4778 t.
1077 4746 1112 4788 lv,
1123 4746 1183 4790 pag.
1195 4735 1241 4787 125,
1252 4742 1339 4779 annot.
1351 4736 1375 4779 2?
