3717 5400
384 451 416 510 lo
838 452 966 510 Chaon.
988 452 1063 511 Soc.
1084 453 1154 526 Jus

379 608 502 660 nostro
518 597 720 660 Lauretano
735 597 810 676 ejus
831 599 974 661 Rectori
989 598 1026 660 Ρ.
1050 598 1206 662 Olivcrio
1228 601 1411 662 confessus
1437 601 1564 679 suerat,
1579 613 1614 665 ct

380 706 557 768 celebrato
572 721 676 768 sacro
692 703 824 768 Beatae
839 703 1001 784 Virginis
1016 706 1052 767 in
1063 707 1205 784 sacello,
1223 707 1259 768 in
1272 724 1343 787 quo
1354 707 1515 771 Verbum
1527 727 1611 771 caro

378 811 513 874 factum
538 822 625 887 erat,
653 811 815 874 omnibus
841 812 973 874 nostris
999 811 1264 875 Eucharistiam
1289 831 1354 875 sua
1380 831 1490 876 manu
1514 816 1612 878 mini-

379 927 557 980 straverat
573 917 665 980 etad
681 917 852 980 virtutum
868 934 1100 997 progressum
1120 919 1281 981 hortatus
1296 917 1412 981 iuerat
1432 922 1467 982 in
1488 921 1611 984 eodem

380 1026 460 1087 loco
477 1023 498 1087 ¹.

443 1131 490 1193 19.
534 1131 724 1211 Postquam
741 1143 859 1194 autem
875 1142 1058 1211 promotus
1074 1141 1126 1194 est
1147 1133 1192 1196 ad
1211 1132 1476 1211 Pontificatum,
1500 1138 1611 1197 semel

378 1239 495 1319 ipsum
510 1237 548 1300 P.
564 1237 724 1316 ignatius
739 1241 900 1301 eumalio
916 1239 1015 1300 socio
1026 1241 1038 1269 ¹
1050 1239 1182 1316 invisit,
1200 1242 1260 1319 qui
1276 1250 1375 1302 tanta
1389 1258 1471 1303 cum
1490 1241 1611 1304 huma-

380 1347 501 1422 nitate,
518 1345 758 1408 familiaritate
770 1355 804 1407 et
820 1347 995 1408 charitate
1010 1347 1108 1425 ipsos
1129 1348 1268 1426 excepit
1289 1357 1323 1410 et
1343 1350 1530 1427 amplexus
1545 1361 1610 1420 est,

382 1454 504 1516 osculo
520 1453 627 1514 etiarn
642 1452 740 1531 pacis
763 1451 933 1530 adhibito,
962 1461 1001 1514 ut
1026 1453 1088 1515 vix
1114 1470 1281 1533 unquam,
1303 1454 1386 1516 dum
1411 1455 1612 1518 Cardinalis

379 1570 484 1637 esset,
502 1561 608 1622 talem
624 1559 847 1621 dilectionem
863 1576 950 1638 prae
966 1576 1003 1621 se
1021 1560 1169 1622 tulisset.
1188 1559 1298 1622 Multa
1314 1578 1394 1623 cum
1415 1560 1451 1622 P.
1473 1561 1611 1639 ignatio

378 1667 526 1730 contulit
538 1677 583 1743 et,
600 1677 638 1730 ut
653 1667 761 1728 libere
777 1666 843 1728 sibi
860 1677 1114 1746 proponerent,
1130 1686 1220 1747 quae
1232 1668 1277 1730 ad
1293 1667 1360 1730 Dei
1370 1670 1521 1747 gloriam
1536 1687 1610 1748 per-

381 1774 493 1836 tinere
508 1773 724 1848 viderentur,
741 1773 905 1836 hortatus
921 1782 987 1836 cst.
1003 1772 1151 1836 Addidit
1171 1791 1208 1836 se
1229 1775 1361 1854 aliquid
1375 1776 1418 1837 de
1434 1773 1610 1838 Societate

379 1889 502 1943 nostra
517 1880 707 1960 cogitasse,
725 1889 759 1942 et
774 1879 809 1941 id
825 1879 1039 1958 explicando
1054 1880 1153 1956 dixit,
1168 1881 1263 1959 quod
1276 1883 1305 1942 si
1318 1889 1437 1960 posset
1448 1880 1522 1944 lieri
1534 1883 1610 1944 sine

380 1985 569 2051 Societatis
583 1985 821 2064 incommod0,
839 1998 1049 2065 pergratum
1060 1987 1217 2065 haberet,
1231 1988 1260 2049 si
1273 1989 1342 2050 duo
1355 2006 1400 2050 cx
1412 1990 1543 2051 nostris
1557 2005 1610 2051 sa·

379 2095 581 2158 cerdotibus
592 2095 627 2156 in
644 2094 777 2173 palatio
794 2110 873 2156 cum
890 2093 969 2172 ipso
985 2093 1197 2172 habitarent,
1219 2095 1427 2173 quibuscum
1447 2097 1609 2158 conferre

380 2209 499 2281 posset
515 2201 558 2263 de
575 2200 639 2276 his,
656 2217 747 2279 quae
763 2202 809 2264 ad
825 2197 892 2262 Dei
910 2201 1061 2278 gloriam
1081 2200 1307 2278 pertinerent,
1331 2213 1365 2264 et
1385 2220 1507 2265 eorum
1528 2219 1610 2264 con·

378 2307 495 2370 silium
510 2307 643 2386 audire,
661 2319 695 2368 et
707 2307 813 2368 etiam
829 2305 987 2386 Missam;
1006 2305 1122 2387 etjam
1134 2306 1177 2368 dc
1189 2306 1326 2369 duobus
1338 2308 1513 2386 eligendis
1529 2325 1610 2388 age-

380 2415 494 2492 batur;
511 2417 599 2477 alter
614 2425 690 2477 crat
703 2413 742 2476 P.
758 2411 914 2494 Laynez,
932 2414 992 2494 qui
1007 2425 1125 2476 tamen
1141 2415 1177 2476 in
1189 2413 1419 2478 Germaniam
1434 2433 1514 2478 cum
1527 2415 1611 2479 Car·

379 2521 497 2584 dinale
513 2521 660 2584 Morono
677 2520 824 2596 abierat;
842 2521 904 2583 sed
920 2521 979 2582 illo
999 2519 1010 2550 ³
1026 2521 1205 2597 redeunte,
1228 2521 1286 2582 ubi
1308 2533 1457 2584 mortem
1473 2521 1611 2584 Pontifi-

380 2630 432 2692 cis
444 2629 589 2705 audivit,
607 2638 645 2691 ut
660 2627 821 2690 electioni
846 2627 986 2690 futurae
1003 2627 1200 2704 interesset,
1218 2638 1292 2689 tam
1313 2628 1388 2709 ipse
1403 2627 1442 2690 P.
1467 2626 1611 2708 Laynez

379 2754 486 2819 quam
504 2736 542 2799 P.
558 2735 695 2799 Natalis
716 2736 751 2799 in
771 2734 910 2797 Italiam
933 2736 1124 2798 redierunt.
1147 2734 1419 2798 Commendavit
1440 2745 1557 2798 autem
1573 2752 1611 2798 se

377 2844 535 2908 omnium
556 2854 716 2905 nostrum
742 2842 980 2920 orationibuS,
1008 2842 1067 2921 qui
1094 2854 1177 2904 tunc
1204 2852 1306 2904 erant
1330 2840 1465 2904 Romae
1487 2841 1554 2920 170,
1576 2853 1611 2905 et

379 2952 542 3014 omnibus
557 2968 657 3013 suam
670 2950 954 3013 benedictionem
969 2950 1075 3027 misit,
1093 2968 1135 3011 ac
1151 2960 1293 3028 gratum
1312 2950 1388 3011 iore
1410 2949 1476 3011 sibi
1496 2958 1610 3012 osten·

378 3059 440 3137 dit,
458 3057 516 3120 ubi
539 3067 714 3119 cessasset
735 3056 960 3135 negotiorum
975 3057 1184 3136 frequentia,
1211 3059 1240 3117 si
1258 3056 1304 3118 ad
1325 3055 1611 3119 benedictionem

378 3166 539 3228 camdem
556 3180 677 3226 coram
697 3162 908 3225 accederent
923 3161 947 3224 ⁴.

438 3271 489 3335 20.
534 3272 621 3334 Cum
637 3280 766 3347 autem,
789 3274 864 3332 sive
882 3288 927 3333 ex
951 3270 1131 3332 laboribus
1156 3269 1286 3342 nimiis,
1314 3270 1390 3331 sive
1412 3279 1450 3331 ut
1468 3270 1611 3349 quidam

379 3380 550 3459 suspicati
565 3389 644 3441 sunt
662 3377 767 3458 (quod
783 3386 901 3439 tamen
915 3375 1052 3439 Romae
1067 3394 1138 3438 non
1155 3377 1348 3439 admodum
1360 3376 1532 3439 creditum
1545 3378 1611 3453 est)

378 3487 473 3567 quod
484 3503 658 3548 venenum
669 3486 864 3564 ipsidatum
877 3484 982 3546 luerit
994 3482 1016 3561 ⁶,
1028 3485 1063 3546 in
1074 3484 1237 3545 morbum
1251 3482 1444 3559 incidisset,
1460 3482 1498 3546 P.
1510 3484 1612 3562 igna-

380 3594 449 3656 tius
463 3592 649 3669 diligenter
664 3608 729 3670 pro
745 3590 820 3669 ejus
835 3591 995 3652 sanitate
1010 3601 1044 3652 et
1065 3591 1141 3652 vita
1156 3590 1199 3665 (si
1215 3590 1262 3651 ita
1287 3590 1332 3652 ad
1351 3590 1494 3652 divinae
1514 3591 1610 3653 boni-

378 3700 461 3763 tatis
476 3698 683 3777 obsequium
697 3708 731 3759 et
746 3698 927 3760 Ecclesiae
952 3697 1141 3759 utilitatem
1162 3696 1318 3759 futurum
1334 3696 1441 3774 erat),
1459 3705 1494 3758 et
1514 3698 1611 3760 orari

419 3974 428 4006 ¹
456 3972 523 4017 Vide
534 3972 656 4017 Litterae
665 3972 892 4025 ,Quadrimestres
904 3977 923 4014 t.
934 3982 973 4024 tn,
984 3982 1043 4025 pag.
1052 3971 1093 4014 att
1103 3981 1128 4014 et
1138 3971 1187 4025 8333
1201 3971 1296 4015 Cartas
1314 3972 1348 4015 de
1360 3971 1416 4015 San
1426 3972 1545 4025 Ignacto,
1554 3978 1574 4016 t.
1585 3984 1612 4023 v,

378 4057 438 4100 pag.
449 4046 496 4097 157.
507 4053 533 4088 et
545 4045 664 4089 Ourvsmr
674 4045 795 4088 Mannum
809 4044 846 4087 De
857 4044 951 4087 Rebus
963 4043 1105 4086 societatis
1119 4044 1187 4098 Jesu
1199 4044 1425 4096 Commentarius,
1434 4056 1491 4099 cap.
1502 4044 1561 4099 1¹.§
1571 4044 1608 4088 25.

417 4117 430 4147 ¹
456 4116 593 4170 Indigitarl
606 4117 646 4161 hic
658 4117 761 4161 videtur
771 4117 825 4171 lpse
837 4116 975 4159 Polancus.

418 4186 430 4219 ³
458 4188 598 4232 cardinale
608 4188 708 4232 scilicet
720 4186 831 4231 Morone.

417 4257 430 4292 ⁶
457 4260 527 4312 Quae
537 4262 668 4314 hucusque
678 4270 693 4303 a
703 4271 728 4302 u.
740 4261 764 4303 15
774 4260 805 4303 de
816 4258 919 4303 Summo
937 4258 1063 4303 Pontifice
1073 4258 1196 4303 Marcello
1207 4258 1231 4302 11
1247 4259 1377 4313 dicuntur,
1389 4259 1422 4303 ad
1434 4261 1543 4303 verbum
1559 4260 1613 4302 fere

378 4332 514 4386 desumpta
526 4340 585 4375 sunt
595 4344 627 4374 ex
637 4342 716 4385 supra
726 4332 877 4375 memoratis
890 4332 996 4385 litteris,
1009 4342 1074 4386 quas
1082 4332 1163 4375 habes
1173 4331 1199 4375 in
1210 4332 1305 4374 cartas
1315 4332 1349 4374 de
1360 4331 1414 4374 San
1427 4330 1546 4385 Ignacio,
1554 4337 1576 4375 t.
1589 4344 1612 4381 v,

379 4414 453 4457 pags.
463 4403 553 4446 152-159
563 4410 589 4446 et
599 4414 673 4459 pags.
683 4404 724 4446 372
733 4401 782 4446 376.

418 4474 430 4508 ⁸
459 4474 527 4518 “Non
537 4478 627 4519 manco
638 4475 678 4517 chi
690 4481 851 4528 sospettasse
860 4473 1057 4527 (Gauranaaoo,
1069 4472 1172 4524 cirron„
1181 4473 1225 4517 lib.
1236 4476 1282 4526 tv),
1294 4473 1341 4516 che
1352 4474 1378 4516 la
1387 4484 1435 4516 sua
1447 4479 1529 4515 morte
1544 4473 1612 4516 fosse

377 4548 518 4601 caglonata
528 4548 571 4590 dal
582 4548 672 4590 veleno
683 4547 803 4600 messogli
820 4546 853 4589 da
863 4557 897 4589 un
914 4546 1038 4598 chirurgo
1055 4544 1081 4588 in
1098 4555 1149 4587 una
1164 4546 1267 4587 occulta
1280 4545 1369 4599 plaga,
1385 4544 1431 4588 che
1443 4544 1567 4587 Marcello
1579 4544 1612 4586 da

379 4620 458 4661 molto
470 4626 554 4671 tempo
565 4628 652 4660 aveva
663 4617 688 4660 ln
698 4628 749 4661 una
759 4620 863 4671 gemb&
875 4628 916 4661 ma
927 4616 989 4659 dall'
1003 4621 1094 4669 aperto
1109 4615 1238 4658 cadavere
1256 4626 1307 4659 non
1321 4627 1352 4659 ne
1370 4616 1395 4658 tu
1406 4623 1512 4658 trovato
1532 4626 1612 4667 segno

377 4692 470 4733 alcuno
481 4690 505 4733 di
516 4691 630 4741 celeno„
641 4688 755 4741 Novate,
764 4688 901 4733 Eternentr'
911 4688 983 4731 delta
994 4688 1079 4729 storia
1090 4688 1130 4730 de·
1143 4688 1246 4730 Somrm'
1253 4688 1392 4743 Porrteficr',
1403 4696 1421 4730 t.
1434 4698 1480 4739 vn,
1491 4698 1551 4741 pag.
1563 4687 1609 4729 106.
