3717 5400
761 548 765 557 ,
801 487 866 547 Ait.
888 486 959 546 1555
1199 542 1204 549 ,
1439 480 1495 543 601

260 642 300 693 ut
315 630 532 695 thuribulum
547 630 778 711 conficerent,
795 631 890 712 quod
905 642 940 697 et
954 633 1132 710 iecerunt,
1148 630 1313 711 quamvis
1333 646 1417 693 raro
1432 628 1495 691 iilo

264 738 322 801 vei
336 755 520 820 nunquam
533 738 585 802 uti
599 740 743 805 velient.
1017 818 1020 821 ,

324 844 412 909 1652.
457 844 580 910 Voluit
601 856 719 911 autem
742 856 777 911 et
798 846 876 911 Rex
899 846 1022 911 videre
1046 848 1191 927 regulas
1215 844 1412 909 officiorum
1433 842 1494 905 do·

262 953 511 1032 mesticorum,
537 962 573 1017 et
596 970 720 1017 earum
744 954 945 1035 exemplum
963 954 1079 1033 petiit,
1105 953 1295 1034 praecipue
1320 948 1497 1034 praefecti

262 1060 447 1153 ecciesiae,
463 1060 701 1141 sacerdotum,
717 1062 891 1125 sacristae
905 1070 941 1125 et
956 1060 1133 1143 janitoris.
1150 1060 1195 1125 Et
1210 1060 1311 1141 quia,
1328 1056 1499 1140 quamvis

263 1165 544 1231 aedificationem
570 1178 790 1249 accepturus·
803 1178 881 1233 erat
902 1168 972 1232 iliis
996 1169 1173 1249 legendis,
1199 1167 1291 1231 forte
1315 1165 1438 1229 venire
1459 1163 1496 1227 ei

262 1283 402 1354 poterat
417 1274 452 1337 in
467 1285 622 1339 mentem
636 1285 674 1339 ut
691 1275 824 1357 aliquid
843 1276 895 1340 eis
915 1274 1124 1355 adderetur,
1141 1274 1261 1339 Infans
1275 1270 1495 1349 Ludovicns,

262 1378 339 1459 ejus
362 1380 472 1445 irater
500 1391 535 1445 et
562 1380 732 1446 Societati
755 1380 1066 1465 conjunctissimus
1092 1380 1113 1459 ¹,
1139 1380 1207 1445 hoc
1234 1379 1330 1443 dedit
1355 1376 1496 1442 consilii

264 1486 303 1553 P.
326 1486 478 1567 Mironi,
502 1498 638 1553 utrem
660 1490 706 1554 ad
727 1489 869 1554 Patrem
889 1489 1067 1570 ignatium
1089 1486 1263 1568 rejiceret.

325 1593 413 1659 1653.
456 1594 655 1661 Addiderat
682 1596 790 1661 etiam
816 1595 828 1628 ¹
856 1594 935 1661 Rex
963 1598 1082 1661 lumen
1113 1592 1377 1659 accendendum
1412 1607 1496 1653 esse

264 1718 345 1765 cum
372 1703 597 1783 evangelium
625 1703 775 1781 dicitur,
804 1721 886 1768 cum
914 1702 1087 1767 intellexit
1115 1702 1275 1782 reguiam
1300 1696 1492 1779 quamdam

264 1824 343 1871 esse
358 1806 386 1887 ³,
406 1810 494 1873 utin
509 1810 708 1875 elevatione
723 1809 891 1891 Corporis
907 1809 1038 1875 Christi
1054 1809 1307 1874 accenderetur
1322 1804 1346 1884 *ς
1362 1815 1397 1869 et
1413 1803 1497 1867 ideo

263 1915 453 1980 timebatur
467 1934 510 1980 ne
525 1918 610 1998 quid
624 1916 720 1981 aliud
739 1917 821 1981 addi
840 1917 959 1982 vellet.
981 1916 1117 1981 Tamen
1136 1915 1243 1979 etiam
1264 1914 1362 1978 circa
1382 1910 1496 1975 thuri·

263 2022 383 2086 bulum
397 2023 486 2089 dixit
503 2024 538 2089 P.
556 2022 685 2089 Mironi
698 2036 737 2089 ut
752 2023 887 2089 iaceret
901 2024 996 2106 quod
1010 2023 1044 2087 ei
1057 2023 1241 2088 videretur
1254 2017 1436 2101 expedire.

326 2129 413 2193 1654.
456 2131 622 2213 Episcopi
638 2130 918 2211 Portaiegrensis
938 2130 999 2195 'et
1018 2128 1266 2211 Algarbiensis
1283 2126 1296 2158 ⁸
1315 2125 1494 2206 urgebant

265 2233 302 2299 P.
318 2236 493 2317 Mironem
507 2248 545 2303 ut
560 2239 710 2318 collegia
725 2238 763 2302 in
776 2239 852 2303 suis
865 2238 1027 2303 ecclesiis
1048 2235 1059 2269 ¹
1074 2236 1294 2313 admitteret;
1311 2244 1346 2297 et
1369 2231 1496 2295 Porta-

261 2344 448 2423 1egrensts‚
466 2344 528 2426 qui
546 2344 705 2424 Reginae
728 2346 832 2410 valde
853 2344 985 2409 charus
1005 2340 1110 2409 erat·
1123 2341 1200 2424 ejus
1220 2342 1346 2405 favore
1360 2340 1406 2403 ad
1421 2340 1496 2403 boc

263 2452 446 2533 negotium
460 2452 635 2532 utebatur,
652 2462 686 2517 et
704 2452 939 2531 dotationem,
961 2450 1104 2516 abbatia
1123 2450 1279 2532 quadam
1299 2448 1490 2528 applicata,

263 2574 372 2639 quam
386 2576 408 2621 a
422 2557 521 2639 Rege
535 2560 703 2639 sperabat
717 2576 756 2623 se
771 2559 990 2637 habiturum,
1006 2557 1240 2638 pollicebatur
1251 2556 1329 2635 ipsa
1340 2553 1494 2634 Regina.

265 2665 463 2748 Episcopus
487 2676 606 2732 autern
631 2668 751 2732 statim
776 2665 950 2732 offerebat
974 2665 1148 2748 quosdam
1174 2663 1328 2740 reditus,
1357 2661 1495 2726 scilicet

266 2783 409 2837 centum
423 2775 551 2854 viginti
566 2775 720 2855 quinque
732 2775 955 2853 ducatorum,
970 2781 1174 2855 perpetuos,
1189 2783 1225 2836 et
1239 2770 1358 2835 omnia
1372 2785 1495 2833 neces·

266 2879 362 2944 saria
377 2881 440 2957 eis,
456 2882 517 2962 qui
531 2882 766 2962 mitterentur,
782 2900 821 2946 se
840 2881 1147 2963 suppeditaturum
1162 2877 1345 2944 offerebat.

327 2986 416 3052 1655.
460 2985 520 3053 Sic
543 2989 790 3068 Algarbiensis
812 2989 857 3053 ad
879 2989 1097 3054 dotationem
1122 2984 1323 3051 faciendam
1344 2992 1498 3064 paratus

264 3104 354 3175 erat,
371 3105 405 3160 et
421 3095 592 3159 ducentos
613 3097 871 3178 quinquaginta
886 3111 1015 3160 aureos
1034 3094 1144 3159 annui
1165 3094 1300 3158 reditus
1314 3090 1434 3154 statim
1453 3106 1496 3154 se

262 3199 441 3282 daturum,
463 3212 499 3268 et
523 3203 643 3268 omnia
663 3203 867 3267 necessaria
893 3202 1136 3283 collegiaiibus
1160 3217 1203 3263 eo
1227 3217 1340 3279 usque
1364 3196 1496 3261 submi·

263 3309 506 3389 nistraturum,
520 3311 633 3376 donec
648 3311 791 3375 omnino
807 3311 996 3390 collegium
1007 3309 1159 3373 dotaret.
1175 3306 1243 3372 Sed
1260 3323 1343 3370 cum
1357 3304 1403 3368 ad
1416 3313 1494 3367 tam

264 3420 393 3482 multas
412 3417 600 3482 missiones
620 3426 654 3481 et
674 3434 784 3482 onera
803 3417 840 3482 in
859 3415 1066 3497 Portugalia
1087 3414 1233 3479 ferenda
1247 3413 1353 3494 pauci
1373 3417 1497 3474 essent

265 3525 380 3589 nostri
396 3524 561 3604 operarii,
573 3521 706 3603 Justam
719 3523 947 3588 occasionem
970 3521 1124 3586 habebat
1143 3518 1183 3584 P.
1198 3518 1314 3584 Miron
1329 3534 1404 3582 rem
1429 3515 1498 3581 dif-

265 3629 400 3695 ierendi
415 3640 450 3694 et
464 3631 501 3693 in
512 3631 608 3694 aliud
619 3640 759 3712 tempus
773 3627 968 3710 rejiciendi.

329 3737 417 3801 1656.
461 3737 550 3802 Cum
566 3737 779 3816 intelligeret
794 3736 873 3802 Rex
896 3736 934 3801 in
958 3737 1036 3818 ipsa
1063 3735 1240 3813 custodia,
1266 3750 1336 3815 qua
1354 3729 1419 3796 S.¹¹¹
1433 3728 1498 3793 Sa-

265 3853 487 3908 cramentum
502 3844 760 3922 continebatur,
777 3843 864 3909 iilud
878 3843 1073 3908 ministrari
1084 3839 1441 3915 communicantibus,
1458 3836 1496 3901 id

306 4085 315 4120 ¹
343 4085 382 4131 De
396 4087 466 4131 lilius
480 4097 546 4141 erga
565 4085 723 4131 Societatem
743 4085 830 4131 stadio
847 4091 929 4140 egum
945 4096 1023 4140 nepe
1039 4083 1163 4130 Litterae
1180 4083 1410 4138 anadrimestm.
1427 4080 1500 4125 Vide

262 4158 346 4204 etiam
357 4158 452 4204 cartas
461 4159 495 4202 de
505 4157 561 4202 San
571 4157 690 4212 11nacr0,
700 4166 718 4203 t.
729 4168 766 4212 ιν,
775 4167 837 4212 pag.
847 4156 896 4210 2⁶8,
906 4163 996 4202 annot.
1005 4157 1028 4202 2.

303 4229 316 4264 ¹
344 4229 395 4284 Βίας
406 4231 503 4274 rectius
513 4229 633 4275 fortassis
644 4232 726 4274 enim.

303 4301 315 4334 ⁸
342 4301 413 4346 Inter
423 4302 520 4348 aeditui
528 4301 759 4357 reguluseptima.

302 4376 315 4408 ⁴
341 4371 388 4418 Mt.
400 4373 561 4417 elevaretur.

303 4443 315 4478 ὓ
343 4444 461 4499 Julianus
471 4446 550 4490 Ain.

303 4515 317 4550 θ
343 4515 592 4570 Ιοιηηοεᾱοὶίοηο.

304 4589 316 4621 ⁷
344 4587 450 4634 Rectius
460 4589 633 4635 dioecesibus.

305 4657 318 4693 Ι
346 4659 712 4719 ΡοτῑιῑειηιιιίιΕρΙκοριιι
728 4662 845 4718 Reginae
855 4675 872 4708 ι
886 4662 1089 4710 confessionibus
1104 4661 1190 4707 inerat
1200 4661 1270 4714 oiim,
1278 4667 1306 4704 et
1316 4670 1382 4704 nunc
1391 4660 1504 4706 sconsi—

266 4733 309 4778 iiis
319 4738 346 4777 et
356 4733 529 4791 eleemosynis
539 4740 606 4780 erat.
618 4733 709 4784 Souna.
720 4737 737 4780 l.
748 4747 762 4778 c
774 4749 781 4784 ;
791 4735 870 4790 Ltus,
880 4736 898 4780 i.
909 4745 932 4779 c.
