3717 5400
323 472 379 530 310
783 473 910 533 Canon.
931 474 1008 533 Soc.
1029 476 1100 547 jes.

384 619 456 681 843.
502 620 703 698 Aliquando
729 638 802 698 eos
825 622 884 701 qui
910 633 1010 701 peste
1033 623 1243 686 laborabant
1266 633 1302 685 et
1322 624 1368 686 ab
1388 625 1563 688 omnibus

326 726 400 788 lere
411 727 569 789 destituti
583 737 697 804 erant,
711 726 748 789 P.
765 727 944 792 Antonius
964 733 972 758 ¹
988 730 1192 806 accedebat,
1214 731 1275 810 qui
1299 731 1406 794 etiam
1424 731 1561 795 missus

325 833 445 895 estad
465 834 603 913 aliquos
625 851 750 914 pagos,
776 847 811 898 et
835 837 1020 916 perutilem
1044 837 1133 916 ipsis
1151 854 1297 917 operam
1323 839 1483 910 navavit,
1508 857 1552 902 ac

324 951 512 1020 propterea
529 942 574 1004 ab
589 943 658 1004 illis
671 942 819 1006 subinde
838 943 1067 1006 evocabatur.

383 1047 454 1110 844.
497 1047 646 1112 Familia
662 1049 837 1129 quaedam
852 1051 950 1113 circa
962 1049 1206 1114 Pentecostem
1224 1051 1263 1114 P.
1284 1050 1451 1130 Quintino
1472 1070 1564 1116 con·-

326 1156 419 1218 fessa
437 1166 501 1234 est,
517 1157 552 1219 in
569 1173 638 1236 qua
653 1157 813 1236 maritus
834 1175 937 1235 uxor,
960 1167 996 1219 et
1010 1161 1211 1238 complures
1223 1159 1285 1221 filii
1299 1176 1342 1221 ac
1365 1158 1459 1222 filiae
1472 1160 1554 1223 bae·

327 1265 399 1326 resi
423 1263 543 1327 infecti
564 1275 676 1327 erant.
698 1263 862 1328 Accessit
884 1264 1027 1328 Patrem
1044 1267 1113 1344 vir,
1139 1277 1289 1346 sequuta
1307 1280 1362 1330 est
1376 1285 1490 1344 uxor,
1510 1285 1559 1330 ac-

325 1371 452 1434 deinde
466 1375 666 1451 complures
684 1372 746 1435 filii
770 1391 812 1435 ac
827 1372 933 1450 filiae,
959 1390 1005 1435 ex
1028 1373 1156 1453 quibus
1177 1391 1249 1436 una
1272 1376 1553 1439 sacramentaria

325 1487 413 1557 erat,
432 1481 592 1542 etaltera
610 1481 783 1543 minorem
802 1490 1041 1560 perverterat,
1057 1490 1092 1542 et
1110 1489 1230 1543 tamen
1240 1481 1404 1546 simulate
1418 1482 1555 1563 confes·

327 1587 427 1649 sione
442 1595 476 1649 et
491 1587 738 1650 communione
751 1587 951 1651 utebantur.
967 1586 1035 1650 Sed
1047 1588 1132 1649 sica
1143 1587 1297 1650 Domino
1308 1606 1432 1650 omnes
1442 1588 1555 1668 adjuti

326 1693 480 1768 fuerunt,
494 1704 530 1757 ut
539 1692 612 1773 jam
624 1694 763 1757 sincere
774 1703 808 1756 et
820 1694 1023 1774 frequenter
1032 1694 1079 1756 ad
1092 1705 1318 1756 sacramenta
1331 1696 1563 1775 accederent,

326 1810 361 1862 et
376 1811 450 1863 tota
461 1800 595 1864 familia
607 1801 653 1864 ad
664 1800 846 1864 Ecclesiae
856 1801 1180 1880 gremiumrediret.
1189 1800 1228 1863 In
1236 1801 1425 1880 quemdam
1434 1803 1551 1878 etiam,

326 1907 385 1986 qui
400 1907 437 1969 in
451 1923 598 1970 carcere
611 1909 772 1986 graviter
782 1909 990 1970 vulneratus
1001 1907 1235 1985 detinebatur,
1251 1908 1286 1970 P.
1301 1906 1459 1986 Quintini
1471 1910 1552 1972 cba-

326 2013 414 2076 ritas
427 2014 549 2090 eluxit3
567 2029 646 2075 cum
662 2013 756 2076 enim
770 2012 929 2076 confiteri
950 2015 1059 2076 nollet
1082 2025 1229 2076 autnon
1252 2025 1374 2093 posset
1394 2016 1440 2078 ob
1459 2033 1562 2078 cere·-

326 2119 428 2182 brum
443 2136 667 2197 concussum,
683 2120 868 2199 instigavit
879 2137 961 2184 eum
974 2119 1126 2182 Pateret
1137 2121 1352 2183 clamoribus
1370 2122 1564 2200 excitavit,

325 2225 438 2288 donec
452 2228 632 2306 paululum
647 2227 742 2306 loqui
757 2237 792 2289 et
806 2229 916 2290 multa
941 2227 1046 2306 signa
1070 2227 1294 2290 contritionis
1318 2227 1405 2290 dare
1425 2229 1553 2308 coepit,

324 2349 429 2412 quem
444 2349 522 2396 cum
536 2333 642 2396 Pater
656 2334 714 2396 ille
729 2333 942 2396 absolvisset
957 2335 1156 2412 paulopost
1169 2334 1359 2412 expiravit.
1373 2332 1412 2396 Si
1421 2337 1566 2399 valetn-¹

324 2440 441 2502 dinem
457 2440 703 2520 recuperabat,
720 2441 836 2519 capite
851 2441 1009 2520 alioquin
1021 2441 1221 2520 puniendus
1235 2452 1325 2504 erat.

383 2544 455 2608 845.
499 2546 696 2625 Quemdam
720 2547 828 2610 etiam
853 2548 1056 2610 usurarium
1080 2548 1195 2625 idem,
1218 2549 1323 2612 simul
1348 2567 1430 2612 cum
1449 2547 1555 2613 Patre

324 2651 519 2733 Bernardo,
536 2654 689 2733 primum
703 2664 904 2718 tentaverat
915 2653 962 2717 ad
976 2664 1129 2718 mentem
1146 2672 1273 2719 sanam
1292 2673 1476 2735 revocare;
1492 2657 1554 2721 sed

324 2778 405 2823 cum
421 2761 451 2823 is
466 2770 565 2840 peste
580 2762 745 2826 laborare
759 2763 945 2842 coepisset,
958 2763 1115 2826 secundo
1127 2764 1289 2827 eumdem
1296 2764 1382 2826 adiit
1392 2764 1429 2826 P.
1444 2764 1552 2843 Quin·

323 2869 429 2947 tinus,
447 2877 482 2930 et
496 2871 701 2933 consolatus
716 2880 770 2932 est
791 2886 882 2946 eum,
898 2878 934 2931 et
948 2870 983 2932 in
1001 2870 1095 2932 bono
1109 2871 1294 2949 proposito
1309 2880 1343 2933 et
1361 2882 1447 2933 voto
1468 2888 1566 2934 nun-.

324 2991 431 3053 quam
452 2976 605 3054 amplius
630 2976 820 3039 exercendi
844 2994 990 3039 usuram
1010 2986 1044 3039 et
1071 2978 1277 3039 restituendi
1298 2978 1468 3057 quidquid
1490 2995 1554 3058 per

323 3098 402 3143 eam
419 3082 579 3146 lucratus
593 3082 720 3162 fuerat,
738 3083 971 3158 confirmavit,
987 3084 1048 3163 qui
1061 3085 1167 3163 paulo
1182 3096 1263 3164 post
1278 3100 1358 3147 cum
1379 3085 1498 3147 multis
1511 3085 1555 3147 de

328 3204 393 3250 sua
408 3188 542 3251 familia
559 3206 604 3251 ex
620 3189 689 3253 bac
703 3191 778 3253 vita
795 3190 975 3268 migravit.

385 3292 457 3356 846.
502 3294 685 3374 Cognosci
711 3307 745 3359 et
772 3297 905 3359 illustre
932 3295 1010 3359 fieri
1037 3314 1166 3360 nomen
1194 3296 1386 3361 Societatis
1412 3307 1569 3361 nostrae-

332 3400 486 3464 'l'ornaci
501 3411 681 3481 coeperat,
698 3413 733 3465 et
747 3403 957 3466 nobilissimi
972 3404 1101 3483 quique
1115 3403 1361 3468 afficiebantur
1375 3406 1508 3467 nostris
1522 3412 1559 3467 et

332 3526 457 3571 eorum
473 3509 703 3572 concionibus
718 3511 922 3589 intererant,
939 3511 1103 3590 quamvis
1116 3511 1314 3591 Episcopus
1323 3511 1556 3575 Cameracen·

328 3617 377 3678 sis
392 3621 404 3653 ⁸
420 3624 494 3679 toto
513 3616 581 3680 hoc
607 3634 700 3679 anno
721 3618 908 3696 negaverit
929 3618 1062 3681 nostris
1082 3619 1318 3681 concionandi
1338 3618 1555 3682 facultatem.

328 3722 480 3801 Quidam
505 3740 550 3787 ex
576 3723 653 3804 ejus
678 3724 852 3787 ministris
876 3725 1142 3804 significaverat
1167 3724 1383 3805 Episcopum
1408 3742 1510 3788 suum
1534 3742 1556 3787 a

328 3829 483 3909 quodam
507 3830 697 3894 Cardinale
718 3832 856 3894 litteras
877 3832 1070 3912 accepisse,
1093 3849 1243 3911 quarum
1266 3832 1388 3895 habita
1407 3832 1569 3908 ratione,¹

327 3936 563 3999 constituerat
579 3936 786 3999 facultatem
802 3938 894 3999 hanc
915 3938 1147 4001 concionandi
1166 3939 1202 4000 in
1222 3948 1296 4000 tota
1319 3956 1385 4001 sua
1404 3937 1559 4001 dioecesi

329 4042 426 4120 dare,
444 4053 479 4106 et
494 4044 575 4122 quia
592 4044 831 4121 significatum
846 4046 979 4108 nostris
993 4045 1110 4108 fuerat
1123 4054 1162 4107 ut
1175 4062 1214 4107 se
1225 4054 1496 4125 praesentarent
1512 4044 1561 4113 ad.

333 4166 413 4211 eam
429 4148 636 4213 facultatem
651 4150 890 4226 obtinendam,
906 4150 945 4213 P.
963 4150 1152 4229 Quintinus
1166 4168 1247 4214 cum
1262 4152 1339 4232 ipso
1354 4150 1459 4215 Patre
1477 4152 1559 4215 Ber-

338 4256 450 4319 natdo
465 4254 680 4336 Episcopum
694 4257 875 4336 adierunt;
891 4258 954 4319 sed
967 4258 1025 4321 ille
1039 4276 1084 4321 ne
1098 4258 1221 4322 audire
1239 4258 1380 4337 quidem
1402 4259 1482 4321 illos
1499 4275 1573 4320 vo«.

329 4362 404 4436 luit,
422 4363 505 4441 quin
523 4364 641 4442 potius
663 4364 717 4425 eis
741 4363 956 4442 significavit
979 4381 1018 4426 se
1042 4365 1131 4428 satis
1152 4365 1326 4445 superflue
1342 4365 1575 4446 praedicatos

332 4520 463 4527 --.....--

368 4636 375 4667 t
396 4690 403 4707 ·.
410 4634 437 4678 P.
450 4636 579 4681 Antonius
591 4638 704 4684 Bouclct.

370 4708 381 4739 ²
413 4708 540 4752 Robertns
552 4710 582 4752 dc
594 4710 670 4767 croy.
