3717 5400
826 526 890 582 Au.
913 524 984 583 1555
1460 522 1520 582 469

282 686 410 749 parum
428 670 631 749 probarent.
651 670 711 734 Ad
729 680 909 734 trecentos
931 678 966 733 et
982 669 1240 751 quinquaginta
1259 668 1515 751 perveniebant

282 776 466 857 utriusque
486 794 594 840 sexus
619 777 794 857 homineS,
821 778 933 857 quiin
948 779 1080 857 templo
1102 787 1226 840 nostro
1246 775 1450 855 frequenter
1466 776 1514 839 ad

284 892 507 946 sacramenta
533 884 767 962 accedebant3
794 895 829 948 et
854 876 915 948 alii
928 884 1030 949 multi
1049 884 1132 947 alibi
1157 902 1200 947 ea
1226 883 1512 962 frequentabant,

285 990 382 1068 quod
402 990 497 1053 domi
510 1002 656 1055 nostrae
671 993 856 1055 commode
870 989 990 1055 facere
1010 1008 1082 1055 non
1101 1000 1263 1072 possent;
1286 999 1321 1053 et
1339 990 1431 1053 inter
1449 990 1517 1053 hos

285 1113 456 1176 magnum
470 1096 602 1161 donum
616 1099 788 1162 orationis
803 1098 912 1178 aliqui
927 1117 949 1161 a
963 1098 1040 1161 Deo
1057 1098 1290 1177 accipiebant.

351 1202 439 1267 1271.
484 1203 708 1269 Christianae
733 1206 918 1269 doctrinae
942 1206 1058 1281 lectio,
1082 1205 1142 1269 ubi
1164 1222 1206 1267 ea
1227 1205 1472 1286 explicabatur
1494 1223 1516 1268 a

286 1309 393 1373 Patre
407 1309 582 1390 Dionysio
599 1312 634 1374 in
649 1314 781 1392 templo
796 1315 954 1376 maximo
969 1312 1078 1376 totius
1093 1312 1203 1387 urbis,
1221 1321 1294 1374 tam
1309 1311 1435 1374 avidos
1457 1330 1516 1375 au·

285 1417 422 1480 ditores
436 1418 600 1496 habebat,
618 1429 656 1482 ut
671 1421 839 1500 templum
855 1421 935 1483 illos
950 1435 1058 1499 saepe
1070 1437 1140 1482 non
1153 1428 1312 1497 caperet;
1326 1430 1362 1482 et
1373 1417 1516 1482 domum

287 1524 405 1587 redire
420 1541 527 1605 saepe
548 1527 733 1606 oportebat
752 1528 872 1608 populi
893 1538 1044 1608 partem,
1069 1526 1164 1606 quod
1186 1528 1355 1606 templum
1377 1526 1518 1605 ingredi

289 1648 360 1693 non
376 1642 506 1711 posset.
524 1632 612 1696 Cum
628 1644 745 1698 autem
760 1635 903 1697 tertium
922 1644 1152 1714 praeceptum
1171 1633 1215 1697 de
1237 1632 1519 1696 sanctificatione

288 1736 461 1801 festorum
476 1753 671 1816 enarraret,
688 1758 730 1804 ac
747 1742 880 1805 diceret
893 1740 1071 1821 quomodo
1084 1750 1117 1803 et
1130 1741 1256 1821 quibus
1268 1740 1304 1803 in
1314 1740 1420 1803 rebus
1432 1748 1519 1803 tem·

286 1860 353 1923 pus
365 1845 511 1909 infestis
522 1856 615 1927 esset
625 1845 907 1928 expendendum,
921 1864 964 1911 ac
976 1847 1109 1910 diceret
1120 1856 1291 1927 quantum
1303 1847 1424 1909 damni
1435 1862 1519 1910 con-

288 1952 390 2032 sequi
405 1953 517 2015 soleat
531 1971 576 2015 ex
590 1971 766 2017 vanorum
787 1971 829 2018 ac
848 1955 1080 2034 profanorum
1103 1955 1274 2018 librorum
1297 1954 1457 2031 lectione,
1483 1965 1518 2018 et

291 2058 495 2121 hortaretur
511 2060 691 2124 auditores
706 2079 750 2123 ne
769 2060 972 2140 hujusmodi
995 2061 1103 2125 libros
1122 2069 1245 2123 contra
1265 2060 1379 2124 bonos
1401 2078 1517 2125 mores

290 2165 449 2245 legerent
463 2178 525 2229 aut
540 2167 634 2247 apud
649 2185 687 2230 se
701 2168 884 2246 haberent,
901 2169 963 2231 sed
985 2168 1103 2248 potius
1125 2178 1163 2231 ut
1186 2166 1231 2230 ad
1250 2184 1289 2231 se
1311 2168 1517 2231 comburen-

288 2269 352 2335 dos
367 2274 558 2348 mitterent,
575 2291 706 2354 magna
721 2276 777 2337 vis
792 2274 994 2355 hujusmodi
1008 2275 1178 2338 librorum
1189 2273 1235 2337 ad
1250 2273 1447 2353 Collegium
1458 2293 1516 2338 no·

288 2388 402 2442 strum
416 2380 524 2442 allata
539 2379 620 2455 suit;
638 2391 673 2444 et
687 2381 827 2445 difficile
842 2382 1015 2461 explicari
1030 2390 1162 2461 posset,
1184 2399 1291 2462 quam
1312 2381 1463 2461 insignis
1482 2392 1517 2446 et

287 2485 434 2549 evidens
448 2486 586 2551 fructus
600 2506 645 2551 ex
659 2489 727 2551 hac
743 2489 960 2552 christianae
975 2489 1160 2551 doctrinae
1181 2489 1419 2567 explicatione
1438 2507 1520 2570 pro-

289 2593 425 2656 venerit
439 2595 531 2657 inter
542 2594 700 2675 juniores
715 2606 750 2657 et
764 2595 1001 2674 provectioris
1016 2596 1123 2658 etiam
1137 2596 1265 2658 aetatis
1281 2596 1453 2660 homines.
1471 2597 1520 2663 Et

287 2702 371 2780 quia
386 2719 408 2764 a
423 2704 573 2782 prandio
588 2702 678 2767 haec
699 2704 896 2767 habebatur
917 2705 1036 2781 lectio,
1059 2703 1368 2782 murmurationes
1389 2704 1464 2768 ludi
1482 2714 1521 2768 et

288 2809 358 2870 alia
383 2808 595 2889 huiusmodi,
622 2829 714 2892 quae
738 2828 780 2873 eo
800 2820 959 2892 tempore
981 2811 1106 2875 diebus
1128 2811 1228 2874 sestis
1247 2809 1324 2874 fieri
1342 2811 1515 2891 solebant,

287 2914 586 2996 impediebantur;
602 2927 637 2980 et
652 2934 733 2981 cum
748 2917 888 2981 radices
908 2935 952 2980 ac
971 2917 1089 2981 sontes
1111 2927 1339 2997 peccatorum
1360 2918 1517 2982 declara·

287 3031 420 3101 rentur,
437 3032 472 3086 et
486 3023 643 3087 efficacia
655 3026 812 3088 remedia
825 3035 951 3088 contra
965 3025 1023 3088 illa
1036 3035 1331 3105 proponerentur,
1345 3026 1516 3090 latissime

287 3128 346 3191 hic
370 3128 509 3193 fructus
533 3131 688 3210 patebat.
716 3129 786 3195 Sed
811 3140 845 3194 et
870 3132 941 3194 alia
963 3131 1069 3194 lectio
1092 3131 1307 3195 christianae
1332 3132 1522 3197 doctrinae>

286 3235 492 3316 simplicior,
514 3254 606 3318 quae
626 3239 758 3319 pueriS,
780 3248 819 3302 ut
838 3237 994 3301 diximus
1017 3237 1038 3316 ¹,
1061 3237 1217 3318 quotidie
1240 3239 1520 3320 proponebatur,

286 3359 349 3420 per
364 3343 509 3407 eosdem
523 3362 653 3426 pueros
668 3344 714 3408 ad
729 3345 819 3408 alios
834 3345 1047 3408 domesticos
1063 3344 1335 3422 extendebatur;
1351 3345 1411 3425 qui
1423 3346 1517 3425 quod

287 3467 357 3512 non
368 3462 525 3530 possent,
538 3453 596 3515 vel
607 3451 701 3531 quod
714 3452 963 3515 erubescerent
975 3451 1020 3515 ad
1032 3469 1112 3514 earn
1125 3450 1379 3516 addiscendam
1390 3469 1523 3516 conve·-

287 3556 364 3619 nire
380 3558 416 3619 in
432 3558 631 3635 ecclesiam,
647 3575 728 3621 eam
742 3558 968 3638 ignorabant.

353 3664 441 3728 1272.
486 3665 588 3745 Quod
603 3667 649 3729 ad
664 3666 854 3730 conciones
872 3667 1010 3744 attinet,
1033 3667 1063 3729 is
1082 3677 1160 3729 erat
1177 3665 1331 3730 civitatis
1354 3665 1518 3746 affectus,

288 3782 327 3835 ut
342 3772 404 3835 ubi
419 3773 547 3853 aliquis
566 3791 612 3837 ex
631 3774 762 3837 nostris
784 3774 1078 3852 concionabatur,
1100 3775 1233 3837 nullum
1254 3775 1423 3854 templum
1444 3784 1520 3838 tam

288 3887 366 3941 erat
380 3896 561 3959 magnum,
577 3891 616 3944 ut
630 3882 730 3943 locus
742 3881 967 3944 venientibus
979 3899 1050 3945 non
1062 3881 1217 3957 deesset;
1234 3880 1297 3944 sed
1309 3897 1390 3943 cum
1400 3879 1439 3944 P.
1452 3881 1521 3945 Ba-

289 3985 398 4065 ptista
413 3985 574 4051 Sanchez
588 3985 764 4051 Simancis
784 3987 959 4068 Hispalim
984 3988 1185 4051 advocatus
1207 4005 1228 4050 a
1252 3985 1354 4050 Patre
1373 3986 1520 4052 Franci-

288 4108 351 4155 sco
366 4090 389 4172 ¹,
405 4091 586 4156 Placentia
598 4094 776 4174 transiret,
790 4093 1053 4174 quodammodo
1066 4095 1311 4173 compulerunt
1324 4092 1516 4159 Cathedra·

285 4199 330 4260 lis
343 4199 517 4262 ecclesiae
530 4201 694 4264 canonici
709 4210 748 4264 ut
766 4199 971 4264 Placentiae
992 4218 1104 4281 usque
1124 4200 1170 4263 ad
1190 4200 1284 4263 diem
1303 4200 1517 4266 dominicam

286 4317 492 4385 sequentem
506 4307 728 4384 subsisteret,
743 4318 782 4371 ut
796 4308 848 4370 eis
863 4309 1148 4386 concionaretur,
1165 4316 1199 4370 et
1214 4307 1363 4370 cumbis
1378 4309 1517 4372 concio·

288 4422 396 4475 natus
410 4423 515 4492 esset,
531 4415 640 4477 semel
659 4414 801 4494 quidem
822 4415 856 4477 in
876 4413 953 4495 ipsa
977 4414 1183 4478 cathedrali
1201 4401 1367 4494 ecclesia,
1390 4415 1520 4483 iterum

284 4581 498 4594 ——-

327 4683 337 4718 ¹
364 4686 458 4744 Supra,
468 4689 562 4734 atara

328 4757 340 4787 ²
368 4758 435 4803 Vide
445 4770 534 4815 snpra,
544 4767 563 4806 t.
574 4773 609 4816 ιν,
621 4772 681 4816 pag.
692 4761 739 4814 390,
751 4775 775 4807 ιι.
786 4761 835 4818 838,
846 4768 872 4807 et
883 4765 909 4807 ln
919 4764 968 4808 hoc
980 4770 998 4808 t.
1007 4776 1034 4818 v,
1046 4763 1122 4819 inira,
1132 4775 1159 4808 n.
1173 4763 1235 4808 1322.
