3717 5400
347 459 400 520 158
804 460 931 518 Canos.
953 457 1030 516 Soc.
1051 458 1122 530 Jes.

345 609 442 670 bant.
463 605 507 669 Et
528 606 595 668 hoc
617 605 836 685 experientia
856 605 934 684 ipsa
954 603 1104 667 docebat
1129 606 1224 684 quod
1247 602 1447 683 hujusmodi
1467 603 1575 666 homi-

345 731 420 791 neS,
436 715 495 794 qui
511 713 557 776 ad
571 713 639 776 Dei
655 713 893 790 cognitionem
909 721 944 774 et
958 721 1103 790 gustum
1118 729 1180 791 per
1196 711 1430 776 ministerium
1439 722 1574 774 nostro·

346 839 426 884 rum
441 829 690 900 pervenerant,
707 820 888 883 mirabiles
903 821 938 883 in
954 820 1079 900 spiritu
1094 836 1307 900 progressus
1323 819 1489 882 iacerent.
1508 817 1575 898 Qui

346 929 453 992 etiam
472 927 590 990 rarius
611 927 771 991 confiteri
791 928 883 991 soliti
905 937 1024 1005 erant,
1047 927 1285 1006 promiserunt
1304 945 1342 988 se
1362 927 1521 990 crebrius
1540 926 1575 987 id

345 1036 514 1098 facturos.
531 1034 651 1115 Aliqui
668 1035 713 1098 ad
728 1035 972 1098 confessiones
987 1043 1217 1098 accesserant
1231 1031 1501 1114 desperabundi,
1515 1034 1574 1112 qui

345 1139 545 1205 confirmati
571 1159 614 1204 ac
639 1141 732 1204 bono
758 1142 876 1204 animo
901 1151 1139 1204 recesserunt.
1161 1139 1293 1220 Aliqui,
1318 1140 1443 1220 quibus
1462 1155 1576 1219 grave

345 1249 540 1328 periculum
554 1248 758 1311 imminebat
772 1247 810 1310 in
823 1248 1040 1326 gravissima
1057 1257 1204 1328 peccata
1219 1247 1444 1328 prolabendi,
1460 1247 1575 1309 consi·

346 1356 392 1418 lio
417 1366 453 1417 et
472 1355 604 1417 auxilio
624 1356 828 1419 eorumdem
848 1356 1068 1436 propositum
1088 1373 1130 1416 ac
1150 1355 1245 1416 vitae
1272 1355 1445 1417 rationem
1466 1362 1576 1416 muta·

346 1472 440 1539 runt;
456 1463 548 1525 sicut
562 1471 597 1524 et
611 1462 672 1524 alii
687 1473 906 1525 emerserunt
931 1479 1055 1526 eorum
1079 1462 1292 1538 ministeri0,
1315 1481 1335 1523 a
1355 1460 1432 1524 Deo
1453 1459 1575 1540 adjuti,

344 1569 406 1650 qui
427 1570 464 1630 in
478 1569 703 1647 gravissimis
729 1569 885 1648 peccatis
909 1569 1068 1632 immersi
1094 1579 1206 1631 erant.
1223 1567 1298 1631 Pax
1323 1569 1414 1631 inter
1435 1569 1575 1644 multoS,

346 1676 454 1739 etiam
474 1676 699 1752 domesticos,
723 1685 760 1737 ut
782 1677 949 1739 maritum
976 1685 1010 1738 et
1036 1692 1197 1753 uxorem,
1224 1685 1375 1738 matrem
1397 1685 1431 1737 et
1455 1675 1574 1752 filiam,

346 1783 536 1846 conciliata
552 1791 617 1845 est.

406 1888 477 1951 451.
521 1887 611 1952 Tres
629 1898 741 1965 erant,
763 1889 822 1968 qui
843 1889 888 1952 de
912 1887 1092 1954 Societate
1114 1892 1382 1954 obmurmurare
1404 1899 1439 1950 et
1462 1887 1577 1950 eidem

346 1997 535 2060 detrahere
559 2013 631 2058 non
656 1997 855 2074 cessabant,
883 2007 918 2059 et
944 2013 986 2060 eo
1006 2015 1118 2078 usque
1138 1999 1258 2061 odium
1283 2005 1514 2073 excreverat,
1539 2004 1577 2056 ut

347 2113 498 2167 mortem
513 2104 623 2188 etiam
635 2103 865 2166 minarentur.
882 2103 1020 2168 Horum
1043 2114 1162 2168 autem
1183 2105 1292 2168 corda
1312 2104 1364 2166 sic
1386 2102 1577 2165 commovit

346 2209 456 2288 Deae,
473 2220 511 2272 ut
529 2219 699 2289 tanquam
718 2211 804 2288 agni
823 2211 999 2273 mansueti
1019 2211 1065 2275 ad
1084 2221 1227 2275 nostros
1248 2210 1453 2273 sacerdotes
1473 2225 1577 2271 vene·

346 2317 428 2395 rint,
445 2326 482 2379 ut
497 2317 655 2395 ipsorum
671 2315 833 2379 audirent
854 2317 1111 2394 confessiones,
1129 2319 1188 2399 qui
1205 2317 1346 2380 eosdem
1362 2326 1525 2378 amanter
1541 2315 1578 2377 in

346 2425 405 2485 via
420 2422 566 2485 Domini
579 2423 835 2499 instruxerunt3
851 2441 917 2486 nec
939 2441 1066 2505 parum
1088 2425 1341 2488 consolationis
1356 2422 1488 2486 nostris
1507 2422 1576 2484 hoc

348 2531 553 2609 praebebat,
570 2546 650 2592 curn
664 2530 801 2592 animos
816 2531 968 2606 illorum,
986 2531 1046 2611 qui
1060 2541 1133 2595 tam
1149 2533 1268 2595 aversi
1282 2531 1434 2608 fuerant,
1451 2531 1502 2592 sic
1517 2529 1579 2591 im·

349 2645 505 2702 mutatos
526 2648 710 2701 cernerent
729 2637 776 2699 ad
799 2637 986 2701 consilium
1009 2647 1044 2701 et
1069 2639 1193 2703 salutis
1218 2638 1430 2703 documenta
1458 2645 1576 2717 postu·

257 2744 262 2751 '
346 2744 491 2807 landa¹.

405 2850 476 2913 452.
521 2850 621 2915 Multi
637 2869 657 2913 a
672 2852 844 2929 gravibus
860 2853 1133 2927 calamitatibus
1148 2852 1230 2915 dum
1244 2862 1447 2914 nostrorum
1462 2849 1579 2913 consi-

347 2959 432 3021 lium
447 2970 655 3037 sequuntur,
672 2958 848 3021 sublevati
863 2970 956 3021 sunt.
973 2959 1109 3022 Nobilis
1124 2958 1300 3038 quaedam
1312 2968 1476 3021 matrona
1487 2957 1579 3020 inter

346 3065 436 3127 alios
449 3064 525 3138 fuit,
542 3082 633 3145 quae
648 3064 848 3144 hujusmodi
860 3066 1019 3129 consiliis
1034 3068 1265 3145 acquiescens
1281 3065 1365 3128 sorti
1382 3066 1500 3127 animo
1517 3082 1577 3143 pa·

345 3183 426 3235 rata
441 3182 518 3234 erat
533 3172 630 3250 impii
650 3183 684 3233 et
704 3172 856 3234 crudelis
872 3173 991 3235 mariti
1011 3173 1131 3250 gladio
1153 3172 1268 3251 potius
1288 3170 1450 3246 interfici,
1474 3186 1581 3251 quam

347 3290 472 3341 contra
485 3278 601 3342 Deum
616 3279 759 3358 aliquid,
777 3290 880 3358 prout
895 3280 953 3342 ille
966 3282 1121 3351 volebat,
1144 3290 1367 3358 perpetrare;
1387 3294 1493 3357 quam
1508 3279 1581 3357 pla·

346 3386 419 3448 cuit
433 3386 575 3447 divinae
589 3385 745 3448 Bonitati
760 3385 960 3448 mirandum
976 3387 1010 3447 in
1035 3386 1177 3447 modum
1192 3387 1237 3449 ab
1253 3386 1308 3448 his
1330 3384 1580 3448 afflictionibus

347 3493 495 3571 eripere.
505 3490 619 3570 Huius
631 3492 1032 3572 autemetaliorum,qui
1047 3493 1184 3571 magnis
1196 3492 1580 3555 afflictionibushorum
1614 3560 1617 3575 Ι

347 3598 492 3661 Patrum
507 3615 616 3677 opera
631 3598 771 3660 fuerant
786 3600 936 3677 liberati,
951 3600 1141 3678 praeconia
1167 3616 1295 3661 nomen
1320 3596 1510 3661 Societatis
1529 3598 1579 3659 in-

347 3718 402 3767 ter
414 3706 544 3768 multos
558 3705 690 3785 optimo
706 3723 786 3767 cum
807 3705 915 3768 odore
933 3706 1192 3786 propagabant,
1216 3722 1284 3784 quo
1308 3706 1357 3767 illi
1372 3705 1518 3767 excitati
1534 3703 1579 3765 ad

347 3823 491 3875 nostros
506 3812 740 3875 confessionis
758 3814 877 3891 gratia
893 3814 1122 3875 accedebant.

409 3918 481 3981 453.
524 3918 563 3981 In
578 3920 710 3981 scholis
723 3918 815 3981 idern
832 3918 931 3998 ordo,
948 3920 1008 4000 qui
1023 3920 1133 3999 prio-S,
1150 3920 1372 3997 servabatur,
1390 3928 1424 3981 et
1445 3919 1581 3981 schola·

348 4026 428 4089 stici
442 4026 587 4105 egregie
597 4026 635 4088 in
660 4026 786 4104 spiritu
807 4036 842 4089 et
866 4026 992 4089 litteris
1018 4025 1262 4105 proficiebant;
1289 4024 1351 4088 sed
1377 4026 1412 4087 hi
1433 4041 1579 4087 numero

349 4133 454 4212 pauci
469 4142 571 4194 erant
591 4142 624 4194 et
647 4134 752 4211 paulo
774 4134 924 4212 amplius
945 4149 1050 4211 quam
1069 4132 1328 4213 quinquaginta
1348 4133 1580 4195 numeraban-

350 4251 418 4316 tur;
430 4238 493 4301 sed
509 4239 617 4317 pestis
632 4240 836 4301 calamitate
848 4249 1012 4302 cessante
1027 4237 1050 4315 ¹,
1068 4238 1253 4317 augendus
1270 4255 1441 4302 ‚numerus
1461 4255 1580 4318 spera·

349 4346 465 4408 batur.

353 4488 563 4497 ———-—-—-

392 4548 400 4580 ⁴
429 4549 500 4602 Quae
510 4562 526 4593 a
536 4561 560 4592 n.
570 4549 610 4592 titt
620 4552 748 4603 lucusque
759 4556 868 4593 narrata
879 4556 946 4601 sunt,
958 4550 1122 4592 continentur
1133 4549 1158 4591 in
1169 4548 1236 4602 Mag.
1248 4548 1360 4592 Hemeril
1372 4560 1417 4592 seu
1428 4548 1527 4593 Emerii
1543 4550 1587 4603 (de

347 4620 452 4671 Bonisii
461 4622 563 4673 litteris,
574 4634 639 4676 quas
648 4623 728 4665 habes
739 4622 764 4663 in
775 4620 897 4663 Litterae
906 4620 1137 4672 QuadrimestreS,
1146 4628 1165 4663 t.
1176 4630 1214 4673 ιιι,
1227 4620 1390 4674 pagntOded.

391 4694 402 4723 ¹
430 4691 496 4735 Vide
506 4703 594 4747 supra,
605 4705 664 4747 pag.
681 4694 727 4745 157,
739 4704 763 4735 n.
774 4692 822 4737 449.
