3717 5400
792 485 857 544 Au.
885 485 956 546 1555
1453 483 1489 543 lt

260 632 462 696 hominibus
476 651 553 698 esse
569 635 670 712 solet,
693 633 786 715 quod
810 635 901 698 allos
922 633 1088 715 expediat
1108 630 1252 696 imitari.
1273 629 1341 693 His
1365 638 1486 693 autem

258 739 363 804 simul
377 757 458 804 curn
473 739 510 802 P.
528 739 657 819 Natali,
681 742 738 806 cui
757 742 972 806 Franciscus
992 738 1214 817 Alexander,
1233 736 1376 820 juvenis
1397 737 1488 800 sicu-

260 846 315 910 lus
329 863 401 910 non
415 848 576 928 vulgaris
591 849 815 929 eruditionis,
831 848 1020 930 adiunctus
1033 856 1112 912 erat
1127 846 1150 910 ¹.

318 951 369 1016 73.
412 953 450 1018 P.
478 953 604 1019 Petrus
621 955 869 1037 Ribadeneyra
889 955 958 1020 hoc
981 972 1074 1020 anno
1096 972 1118 1018 a
1139 954 1178 1017 P.
1200 953 1340 1033 Ignatio
1363 951 1409 1015 ad
1430 968 1487 1015 cu-

259 1059 350 1122 riam
369 1061 600 1141 Imperatoris
621 1062 741 1127 Caroli
762 1063 893 1127 missus
914 1072 985 1142 est,
1007 1071 1044 1126 et
1066 1062 1182 1125 eidem
1201 1060 1430 1125 commissum
1448 1067 1488 1122 ut

258 1167 391 1231 nostris
418 1169 690 1248 coloniensibus,
719 1171 984 1234 lovaniensibus
1008 1187 1051 1233 ac
1076 1167 1344 1232 tornacensibus
1372 1163 1487 1230 Socie·

261 1274 346 1338 tatis
360 1274 639 1342 Constitutioues
652 1278 760 1343 ferret
775 1297 819 1343 ac
838 1277 1054 1357 declararet;
1074 1295 1119 1340 ac
1137 1275 1262 1340 deinde
1282 1275 1357 1354 ipse
1375 1275 1412 1337 in
1431 1289 1487 1337 cu·

257 1382 312 1444 ria
333 1382 579 1462 Imperatoris,
607 1403 697 1468 quae
722 1396 799 1451 erat
822 1386 1014 1463 Bruxellis,
1037 1385 1097 1447 vel
1119 1383 1331 1463 ubicumque
1357 1381 1487 1444 ostium

257 1490 480 1556 commodius
495 1493 539 1557 ad
555 1491 623 1557 Dei
637 1495 811 1558 honorem
826 1494 1025 1574 aperiretur
1046 1508 1109 1572 per
1128 1489 1432 1571 praedicationem
1452 1498 1487 1552 et

258 1596 329 1660 alia
344 1598 552 1678 ministeria,
568 1597 738 1666 Societati
754 1609 925 1665 consueta
949 1600 986 1664 in
1000 1598 1141 1680 belgica
1156 1595 1300 1660 Domini
1315 1596 1421 1659 vinea
1441 1597 1489 1658 la-

257 1702 403 1768 boraret
417 1712 439 1769 ³.
456 1706 556 1770 Missi
570 1717 652 1772 sunt
665 1718 807 1788 praeter
822 1709 921 1772 illum
936 1705 947 1737 ¹
964 1715 999 1771 et
1017 1706 1078 1770 alii
1097 1721 1173 1785 sex,
1195 1703 1325 1785 partim
1347 1703 1384 1766 in
1398 1701 1487 1767 Inie-

257 1811 402 1890 riorem,
420 1815 550 1894 partim
564 1815 600 1878 in
615 1813 842 1896 Superiorem
856 1813 1097 1880 Germaniam.
1177 1844 1180 1848 1

316 1919 367 1985 74.
411 1919 450 1983 Ιιι
464 1920 619 1986 Galliam
637 1931 768 2000 autem,
784 1931 926 2003 praeter
944 1920 983 1984 P.
1006 1920 1170 1984 Pontium
1193 1936 1274 1984 cum
1296 1918 1394 1982 socio
1412 1915 1487 1996 jam

258 2023 355 2090 dicto
373 2025 396 2104 ⁴,
420 2029 549 2092 missus
569 2041 623 2093 est
641 2029 900 2111 adjuvandum
923 2029 1111 2109 collegium
1130 2027 1355 2092 Billiomense
1375 2023 1487 2104 Magi·

259 2141 332 2197 ster
358 2134 484 2199 Petrus
504 2134 684 2217 Chanalis,
705 2137 850 2201 natione
867 2138 996 2217 gallus,
1018 2136 1079 2216 qui
1100 2153 1145 2199 ex
1164 2133 1338 2213 Hispania
1360 2130 1487 2196 studiis

258 2240 431 2306 absolutis
444 2242 596 2307 Romam
614 2255 773 2308 venerat.
794 2243 978 2309 Remissus
1002 2251 1056 2307 est
1080 2260 1162 2307 cum
1186 2259 1229 2306 eo
1250 2240 1289 2304 Ρ.
1312 2239 1485 2320 Hierony-

258 2364 339 2412 mus
353 2349 510 2429 BassiuS,
526 2351 681 2430 quicum
696 2351 901 2433 aliquandiu
914 2350 1051 2415 Romae
1064 2348 1199 2427 fuisset,
1222 2359 1257 2412 et
1275 2347 1486 2428 quibusdam

259 2456 502 2536 spiritualibus
515 2457 687 2522 molestiis
711 2459 880 2522 liberatus
895 2468 989 2521 esset
1003 2455 1027 2535 ⁸,
1047 2473 1091 2520 ac
1110 2457 1283 2519 rationem
1305 2455 1430 2517 domus
1451 2462 1487 2517 et

257 2559 406 2642 collegii
420 2561 572 2628 Romani
589 2565 813 2645 inspexisset,
834 2565 892 2628 vir
906 2563 1038 2644 alioqui
1052 2571 1213 2628 maturus
1233 2571 1271 2625 ut
1291 2561 1336 2625 ad
1357 2575 1486 2640 agrum

257 2668 473 2734 dominicum
496 2671 682 2737 colendum
706 2671 966 2749 extruderetur,
989 2670 1035 2736 ad
1055 2671 1284 2736 fundamenta
1306 2667 1380 2749 ejus
1400 2669 1486 2734 novi

256 2776 398 2856 collegii
410 2778 502 2842 mitti
513 2779 642 2859 debuit;
655 2797 736 2843 cum
750 2780 920 2861 perpauci
931 2780 1007 2843 eius
1021 2779 1163 2858 linguae
1174 2777 1267 2842 mitti
1280 2779 1317 2841 in
1332 2777 1486 2841 Galliam

255 2882 293 2947 id
308 2884 478 2964 temporis
493 2895 637 2965 possent
651 2896 696 2962 et,
713 2896 858 2968 propter
868 2887 960 2950 bella
971 2885 1082 2967 Regis
1093 2885 1230 2950 Galliae
1242 2902 1323 2949 cum
1334 2884 1485 2965 Impera·

257 2997 347 3068 tore,
374 3006 419 3054 ex
440 2991 518 3055 aliis
533 2992 734 3057 nationibus
749 2993 840 3057 mitti
861 3010 1074 3074 quemquam
1094 3009 1167 3056 non
1186 2992 1407 3073 expediebat.
1430 2990 1486 3055 De

259 3112 429 3161 successu
444 3106 563 3162 autem
578 3096 681 3179 hujus
695 3098 874 3164 missionis
895 3109 931 3163 et
950 3100 1099 3164 aliarum
1119 3098 1187 3163 alio
1206 3100 1285 3163 loco
1304 3099 1441 3162 dicetur
1459 3096 1483 3157 ⁰.

316 3201 367 3267 75.
410 3202 488 3267 Hoc
504 3222 598 3269 auno
617 3204 768 3269 Romam
787 3188 887 3271 venit
908 3224 953 3270 ex
974 3205 1096 3271 Sicilia
1117 3205 1289 3270 Octavius
1311 3204 1322 3235 ²
1344 3205 1413 3285 ille,
1440 3206 1484 3268 de

255 3324 326 3390 quo
341 3310 504 3390 superius
518 3313 650 3375 mentio
667 3312 764 3375 facta
780 3322 833 3377 est
847 3310 871 3393 ⁸;
887 3322 922 3376 et
942 3329 1024 3377 cum
1044 3312 1193 3393 Neapoli
1213 3311 1392 3390 transiret,
1413 3328 1488 3375 ma·

254 3448 470 3464 m

295 3522 305 3555 Ι
334 3520 386 3577 Sic,
397 3524 536 3578 sententia,
548 3532 576 3569 ut
587 3531 668 3580 patet,
679 3525 878 3580 nonjcompleta.
890 3525 1048 3581 Complenda
1064 3537 1127 3571 vero
1143 3526 1247 3571 videtur
1262 3527 1310 3570 hoc
1326 3526 1407 3569 modo:
1422 3523 1487 3569 Cum

254 3592 300 3637 leis
309 3597 402 3639 autem
410 3596 494 3639 simul
504 3608 565 3641 cum
576 3596 606 3639 P.
615 3596 736 3641 Natali...
745 3596 831 3641 Roma
842 3598 955 3642 tandem
963 3598 1105 3654 profectus
1112 3602 1153 3642 est
1166 3598 1193 3642 P.
1205 3598 1344 3641 Consules.

296 3664 308 3698 ἕ
334 3666 373 3710 De
380 3666 420 3719 lls,
431 3679 496 3722 quae
508 3668 588 3713 Pater
597 3668 692 3713 Petrus
702 3669 733 3712 de
744 3668 921 3714 Rivadenelra
930 3671 957 3714 lu
968 3669 1059 3724 Belgio
1069 3670 1117 3713 hoc
1128 3676 1154 3713 et
1164 3670 1331 3725 sequentibus
1342 3669 1416 3713 annia
1431 3680 1489 3723 ges·

254 3737 301 3791 ait,
311 3738 423 3784 videnda
433 3748 498 3793 quae
510 3739 621 3784 dilucide
631 3746 658 3783 et
672 3741 748 3795 plene
758 3740 895 3785 enarravit
905 3742 1128 3795 monumentisque
1142 3748 1222 3785 antea
1236 3740 1341 3785 luedltis
1351 3740 1486 3785 coufirma-

255 3807 296 3851 vlt
310 3806 645 3855 P.Lunov1cusDutruaca
659 3810 685 3855 ln
695 3813 818 3866 opusculo
831 3810 1066 3857 L'etadlissement
1083 3813 1117 3856 de
1131 3813 1159 3855 la
1176 3813 1337 3867 campagnia
1354 3814 1388 3855 de
1402 3812 1486 3866 Jesus

254 3878 326 3923 dans
333 3880 373 3924 les
384 3880 455 3936 Pays
467 3880 522 3925 Bas
533 3884 559 3926 et
567 3882 594 3926 la
606 3884 719 3927 mission
729 3884 766 3925 du
774 3883 804 3927 P.
816 3882 1003 3927 Rr'dadeneim
1013 3884 1030 3928 d
1040 3883 1185 3927 Bruxelles
1200 3896 1233 3927 en
1243 3884 1319 3929 1556.

296 3950 309 3985 ⁸
335 3952 391 3996 Non
402 3958 489 3998 tamen
500 3965 560 3998 cum
572 3954 625 4008 lllo,
636 3965 711 4008 quern
720 3964 787 3999 uuus
796 3955 972 3999 comltabatur
981 3954 1277 4001 FrauclacuaGulraldo·
1285 3956 1352 4000 Vide
1361 3964 1487 4011 excerpta

253 4033 287 4067 ex
298 4022 385 4068 Patria
396 4023 474 4069 Pmt
488 4036 522 4069 us
532 4024 716 4070 Rrvnnaumaa
727 4025 887 4080 Soliloque'os
897 4030 922 4070 el
934 4026 1106 4083 confesiones
1115 4027 1140 4071 ln
1153 4027 1247 4072 Carras
1256 4028 1290 4071 de
1301 4028 1356 4071 San
1367 4028 1486 4081 linaceo,

253 4100 272 4138 t.
282 4106 319 4147 vr,
327 4106 388 4150 pag.
398 4096 435 4141 45.

293 4168 306 4201 ⁴
335 4168 401 4212 Vide
412 4180 500 4223 supra,
511 4180 571 4223 pag.
582 4168 603 4223 9,
614 4180 638 4212 ιι.
647 4168 668 4211 9.

293 4237 305 4269 ⁸
333 4238 464 4291 Quaenam
476 4241 525 4285 hae
537 4241 625 4285 Patria
635 4239 788 4295 Hieronyml
798 4239 891 4295 Basell,
903 4252 949 4285 seu
958 4241 984 4285 le
994 4240 1061 4291 Bas,
1074 4242 1225 4296 spirituales
1234 4244 1370 4287 molestiae
1381 4244 1477 4289 luerint

251 4309 334 4353 refert
346 4310 375 4357 P.
384 4310 410 4363 J.
423 4310 458 4356 ll.
472 4310 551 4366 Puer,
563 4312 708 4355 Memoires
712 4316 784 4365 pour
792 4313 884 4354 servir
894 4312 909 4353 d
920 4311 1054 4355 l’histoire
1063 4313 1100 4354 du
1109 4312 1177 4356 Pera
1185 4312 1268 4357 Broet
1276 4316 1301 4357 et
1311 4315 1359 4357 des
1367 4315 1486 4368 origines

250 4380 285 4423 de
295 4380 323 4423 la
335 4379 495 4435 campagnia
506 4382 539 4425 de
554 4382 636 4437 stus
647 4394 681 4425 en
696 4380 810 4435 Franco,
821 4389 892 4435 part.
906 4392 944 4436 ιιι,
963 4382 1008 4427 llb.
1020 4393 1038 4436 1,
1050 4383 1092 4426 ubi
1108 4383 1164 4426 fuse
1180 4384 1284 4437 exponit
1301 4396 1367 4439 quae
1378 4385 1406 4430 P.
1423 4385 1487 4431 Sac-

251 4462 331 4504 cunu,
345 4452 411 4496 Hist.
424 4453 480 4498 Soc.
490 4454 554 4509 Jes..
570 4460 638 4508 part.
658 4464 685 4507 ιι,
701 4454 745 4497 lib.
765 4464 801 4507 vt,
820 4464 845 4497 u.
860 4454 894 4507 15,
912 4452 1064 4497 brevissime
1081 4459 1182 4499 tantum
1199 4455 1385 4500 innuit-Vide
1401 4464 1489 4503 tamen

254 4522 323 4567 inira
333 4523 441 4568 dicenda
451 4526 485 4569 ad
495 4537 519 4570 n.
529 4526 577 4570 875.

294 4592 308 4628 Ι
335 4594 414 4647 inira,
426 4608 449 4639 u.
459 4596 501 4641 ⁸⁶9
510 4604 535 4641 et
546 4609 603 4652 seq.

296 4666 308 4698 7
336 4666 469 4717 Octavius.
480 4670 523 4713 vel
532 4667 698 4724 Octavianus,
708 4671 806 4716 Cesari.

296 4738 310 4771 ⁸
338 4736 409 4783 Tem.
419 4750 436 4783 ιι
448 4749 472 4783 rt
482 4750 521 4785 ιιι.
