3717 5400
824 486 886 542 ΑΝ.
910 483 980 543 1555
1481 481 1524 538 73

283 645 400 707 genus
415 631 678 709 aegrotantium
701 633 746 694 ad
769 631 931 694 eamdem
952 630 1176 707 medicinam,
1202 630 1323 706 idest,
1346 627 1516 690 Euchari·

284 734 404 814 stiam,
421 735 658 816 admitterent;
676 751 710 801 et
724 738 1013 818 prudentioribus
1028 737 1238 818 quibusdam
1251 735 1455 815 scrupulum
1467 735 1518 796 in·

279 839 380 921 jecit;
397 845 568 923 quosdam
584 845 691 911 etiam
706 863 726 908 a
743 847 913 909 concione
934 845 1097 908 removit.

351 950 417 1013 167.
462 951 550 1014 Cum
565 953 801 1032 ludimagistri
816 969 837 1014 a
852 953 958 1016 domo
972 951 1140 1032 Episcopi
1159 951 1281 1030 egredi
1298 949 1515 1030 juberentur,

283 1057 324 1119 in
339 1074 456 1137 quam,
480 1060 613 1122 scholis
632 1061 764 1123 nostris
786 1060 945 1139 Collegio
969 1060 1114 1137 relictiS,
1131 1059 1278 1123 admissi
1299 1059 1450 1136 fuerant,
1473 1057 1518 1118 de

282 1164 420 1227 scholis
434 1169 491 1228 vel
507 1167 625 1247 aliqua
640 1182 764 1229 earum
778 1167 982 1246 repetendis
1002 1167 1135 1247 aliquid
1156 1167 1321 1246 agebant.
1341 1164 1411 1228 Sed
1431 1163 1515 1228 Car-

282 1270 416 1334 dinalis
430 1271 459 1335 F
461 1274 578 1336 ulvius
591 1273 696 1336 facile
710 1290 776 1336 sua
792 1276 1005 1338 auctoritate
1020 1274 1216 1337 remedium
1231 1273 1402 1335 adhibuit.

348 1377 393 1440 Et
408 1377 495 1442 haec
509 1379 553 1442 de
569 1379 729 1459 Collegio
745 1379 915 1443 Perusino
931 1382 1001 1443 sint
1020 1380 1113 1444 dicta
1131 1380 1152 1440 ¹.

587 1909 650 1974 DE
673 1911 904 1976 COLLEGIO
926 1912 1214 1976 LAURETANO

349 2338 415 2403 168.
459 2339 562 2403 Initio
577 2341 681 2422 hujus
696 2344 781 2406 anni
798 2340 835 2404 18
850 2341 893 2405 de
908 2351 1030 2404 nostra
1046 2342 1233 2422 Societate‚
1252 2345 1317 2407 sub
1339 2342 1376 2405 P.
1399 2343 1520 2408 Olive-

282 2449 339 2512 rio
350 2447 520 2512 Manareo
532 2449 695 2528 Rectore,
708 2450 744 2510 in
756 2448 915 2528 Collegio
927 2451 1130 2513 Lauretano
1142 2452 1308 2530 agebant:
1321 2462 1356 2516 et
1368 2453 1515 2531 relictis,

281 2565 322 2619 ut
337 2554 490 2618 diximus
505 2555 527 2633 ²,
545 2555 824 2620 habitationibus
839 2557 1084 2637 amplioribus
1097 2567 1177 2637 post
1187 2568 1261 2622 tres
1271 2577 1412 2623 menses
1424 2561 1521 2624 alias.

281 2663 543 2727 commodiores
563 2681 584 2727 a
606 2663 853 2729 Gubernatore
877 2661 888 2693 ³
909 2666 1145 2745 impetrarunt
1167 2667 1203 2729 in
1225 2684 1388 2748 suprema
1412 2679 1520 2749 parte

281 2770 377 2834 illius
391 2772 525 2850 palatii,
544 2771 602 2835 ubi
617 2788 749 2851 magna
764 2789 844 2835 cum
866 2774 983 2853 quiete
1008 2773 1082 2837 suis
1107 2774 1231 2838 officiis
1257 2774 1369 2839 nostri
1392 2775 1515 2857 sunge-

281 2879 425 2941 bantur.

349 2985 414 3049 169.
459 2985 496 3049 Ρ.
523 2986 680 3069 Joannes
708 2987 921 3052 Laurentius
950 2986 962 3020 ⁴
991 2999 1073 3051 ante
1102 2989 1422 3070 Quadragesimam
1446 2990 1511 3055 sre-

281 3100 433 3172 quenter
455 3093 687 3157 concionatus
707 3104 771 3158 est.
795 3094 1100 3174 Quadragesimae
1123 3108 1241 3160 autem
1263 3106 1421 3177 tempore
1440 3116 1511 3162 una

281 3216 366 3262 cum
381 3198 418 3261 P.
434 3200 627 3263 Laurentio
643 3199 819 3265 Dauidico
845 3202 917 3281 (qui
938 3203 1128 3282 aliquando
1152 3204 1187 3266 in
1210 3204 1343 3267 familia
1365 3203 1513 3269 Patrum

281 3304 346 3369 SJ¹
371 3305 556 3371 Barnabae
580 3304 772 3371 Mediolani
795 3307 924 3387 fuerat,
953 3320 988 3373 et
1014 3327 1086 3373 non
1111 3310 1263 3389 exiguae
1287 3312 1510 3376 auctoritatis

283 3414 517 3476 concionator
532 3414 741 3493 habebatur)
757 3412 769 3445 ³
784 3415 929 3477 alternis
940 3415 1217 3480 hebdomadibus
1229 3435 1310 3480 cum
1320 3420 1511 3482 multorum

282 3520 519 3584 admiratione
541 3522 609 3584 hoc
629 3522 847 3601 praestabat;
871 3539 936 3585 nec
960 3524 1073 3586 solum
1095 3522 1250 3587 conferri
1270 3542 1352 3588 cum
1372 3526 1518 3590 concio·-

280 3637 422 3705 natore,
439 3628 571 3709 alioqui
586 3628 727 3707 celebri,
745 3630 807 3693 sed
823 3628 996 3708 praeferri
1011 3632 1202 3694 multorum
1217 3631 1351 3711 judicio
1369 3633 1512 3697 videba-

280 3743 352 3811 tur;
371 3752 439 3814 qua
454 3734 491 3798 in
505 3752 543 3799 re
558 3734 663 3799 facile
683 3738 841 3799 cernitur
863 3738 959 3816 quod
975 3738 1095 3799 omnia
1109 3736 1252 3802 divinae
1271 3741 1410 3819 gratiae
1431 3752 1512 3804 sunt

279 3843 484 3920 tribuenda,
501 3859 584 3905 nam
595 3841 653 3905 hic
665 3842 771 3905 Pater
781 3844 995 3906 Laurentius
1007 3861 1074 3907 nec
1085 3844 1328 3925 philosophiae
1339 3864 1404 3910 nec
1417 3846 1516 3911 theo-

279 3950 400 4029 logiae
415 3950 544 4012 seriam
560 3966 706 4029 operam
722 3949 867 4012 dederat
886 3946 908 4011 ⁰.

347 4055 413 4118 170.
457 4056 591 4119 Diebus
617 4066 735 4119 autem
761 4057 948 4120 dominicis
974 4072 1009 4119 et
1033 4057 1133 4120 festis
1159 4057 1196 4121 Ρ.
1219 4057 1380 4139 Raphael
1403 4060 1512 4124 Riera

321 4304 328 4330 ¹
361 4298 460 4342 Horum
469 4298 594 4352 pleraque
604 4298 740 4351 desumpta
750 4304 810 4340 eunt
822 4308 838 4341 a
851 4296 963 4340 Polanco
974 4308 1007 4339 ex
1018 4296 1121 4350 litteris.
1136 4310 1202 4353 quae
1216 4301 1342 4345 edidimus
1349 4302 1405 4357 jam
1419 4303 1446 4345 ln
1457 4301 1516 4345 Lu-

273 4376 357 4414 teraa
367 4368 598 4422 Quadrlmestres‚
608 4376 628 4413 t.
638 4380 676 4423 ru,
686 4380 746 4425 pag.
758 4369 807 4424 283,
816 4370 857 4413 516
867 4376 893 4412 et
903 4370 952 4414 676.

319 4442 330 4471 ⁹-
360 4441 526 4495 Vitianum,
538 4448 557 4485 t.
568 4452 604 4493 ιν,
612 4452 672 4496 pag.
683 4442 718 4492 t7.
730 4454 754 4485 n.
764 4442 799 4485 75.

319 4514 332 4546 ὃ
361 4512 481 4567 Gnspare
492 4513 522 4557 de
531 4510 628 4557 Doctie.

319 4588 332 4619 ⁴
362 4584 391 4628 P.
402 4584 514 4636 Joannee
524 4584 682 4630 Laurentius
691 4585 839 4630 Petarluus.
851 4586 918 4631 Vide
929 4599 1017 4642 supra.
1026 4595 1045 4632 t.
1056 4600 1091 4641 ιν,
1103 4600 1164 4644 pag.
1174 4590 1209 4643 to,
1217 4599 1305 4635 annot.
1315 4590 1338 4635 3.

322 4658 334 4687 ⁵
362 4655 429 4700 Vide
437 4666 526 4711 cupra,
537 4663 555 4700 t.
565 4668 602 4708 ur,
612 4660 769 4711 praesertim
779 4669 842 4713 pag.
855 4659 889 4713 51,
901 4669 991 4704 annot.
1006 4663 1027 4703 l.

322 4728 337 4755 ¹⁵
365 4726 485 4772 Dederat
493 4740 539 4773 nos
548 4730 685 4773 scribimus
695 4730 737 4773 ubl
749 4741 794 4773 ms.
807 4732 886 4775 habet
897 4733 1076 4779 incumbebat.
