3717 5400
807 514 897 573 'Ant
919 515 990 573 1555
1472 514 1529 577 557

290 662 425 727 artium
444 671 479 726 et
499 661 701 743 theologiae
722 659 779 741 (ex
798 678 868 743 quo
886 670 1040 741 quatuor
1056 661 1222 725 doctores
1241 660 1445 741 theologiae
1465 659 1528 725 So·

295 770 461 834 cietatem
480 768 634 849 ingressi
653 768 807 845 fuerant,
834 766 991 849 Salinas,
1012 768 1137 847 Plaza,
1161 767 1364 847 Rodriguez
1382 776 1418 832 et
1440 765 1525 833 San-

294 876 381 940 chez
398 875 419 955 ¹)
434 892 634 957 propensus
655 884 732 940 erat
751 875 788 939 Ρ.
811 875 840 938 F
843 876 1027 939 ranciscus
1047 876 1094 939 ad
1113 876 1301 955 collegium
1318 876 1449 940 ibidem
1468 878 1529 940 ad·

295 984 505 1048 mittendum
519 980 541 1047 ¹.
558 981 628 1048 Sed
642 1000 724 1047 cum
738 1000 784 1047 ex
798 982 970 1047 reditibus
985 982 1238 1047 ecclesiasticis
1259 981 1454 1048 dotandum
1474 1001 1529 1047 es·

295 1100 361 1170 set,
377 1090 415 1154 iu
429 1089 640 1154 Pontificatu
655 1087 757 1154 Pauli
772 1089 891 1171 quarti
902 1087 913 1119 ³
925 1106 997 1153 non
1009 1090 1112 1154 facile
1124 1090 1274 1154 obtineri
1285 1092 1411 1171 potuit,
1428 1101 1463 1155 et
1477 1092 1528 1155 ita

292 1206 370 1261 tum
385 1214 615 1278 progressum
630 1214 701 1261 non
715 1197 839 1261 habuit
853 1196 1044 1275 collegium
1058 1196 1137 1260 hoc.

357 1302 443 1368 1528.
487 1303 705 1384 Designatus
719 1303 917 1384 Episcopus
931 1302 1113 1367 Almeriae
1129 1306 1247 1383 (quem
1261 1302 1438 1369 Abbatem
1452 1322 1528 1368 ma·

286 1410 406 1491 jorem
419 1412 456 1474 in
470 1410 712 1475 Universitate
733 1408 975 1491 complutensi
996 1411 1190 1489 vocabant,
1212 1410 1313 1491 cujus
1334 1421 1413 1475 erat
1435 1410 1528 1476 Can·

294 1518 459 1583 cellarius
474 1516 510 1596 ⁴),
527 1518 617 1581 duos
633 1536 678 1581 ex
693 1518 825 1581 nostris
844 1517 1055 1597 postulavit,
1077 1534 1167 1599 quos
1186 1534 1306 1582 secum
1330 1518 1528 1583 Almeriam

295 1625 451 1705 duceret,
467 1626 527 1689 ubi
543 1626 731 1705 collegium
746 1626 930 1689 instituere
945 1625 1099 1701 volebat,
1115 1624 1153 1688 in
1171 1643 1241 1706 quo
1255 1626 1460 1705 linguarum
1481 1629 1529 1691 le-

296 1732 433 1796 ctiones
447 1734 749 1815 preelegerentur;
766 1742 801 1796 et
815 1742 956 1813 poterat
974 1733 1175 1813 expendere
1195 1732 1231 1796 in
1245 1733 1324 1813 pios
1339 1750 1424 1798 usus
1446 1734 1528 1815 Epi·

297 1856 428 1921 scopus
449 1849 584 1919 septem
605 1840 715 1903 millia
736 1839 960 1919 ducatorum;
983 1850 1018 1903 et
1040 1840 1090 1903 ita
1112 1839 1201 1903 bene
1224 1839 1410 1905 notaturus
1425 1843 1529 1905 colle·

293 1947 397 2027 vglum
420 1946 620 2023 videbatur,
648 1948 747 2011 etad
768 1947 857 2011 duos
879 1948 971 2025 illos,
993 1958 1029 2011 et
1050 1947 1192 2028 quidem
1211 1965 1283 2011 non
1301 1946 1531 2012 mediocriter

294 2053 466 2131 eruditos
483 2053 720 2133 assignandos
734 2054 773 2117 P.
789 2053 1005 2118 Franciscus
1019 2070 1217 2135 propensus
1231 2062 1309 2118 erat
1323 2052 1346 2116 ⁸.

357 2162 402 2225 Et
417 2162 507 2225 haec
523 2161 566 2224 de
581 2159 618 2224 P.
637 2160 843 2242 Francisco,
860 2160 1130 2226 Commissario.

338 2436 347 2472 Ι
377 2438 427 2483 ΡΡ.
436 2438 564 2483 Doctores
573 2438 676 2483 Murcus
686 2438 718 2483 de
732 2438 844 2493 Salinas,
859 2437 973 2492 Joeuues
982 2438 1014 2481 de
1025 2440 1051 2483 ls
1061 2438 1151 2493 Pleu,
1166 2438 1370 2493 christophorus
1383 2439 1531 2495 Rodriguez

294 2516 325 2553 et
334 2510 463 2554 Antonius
474 2509 598 2554 Ssnchez.

339 2582 350 2613 Ι
377 2579 1532 2638 ElusadIgnatiumdehaerelltterasvldelucartasdeSanIgnacio,t.v,psg.i76-i78.

338 2652 350 2684 ⁸
377 2652 525 2708 Scripserat
540 2652 646 2696 Polenci
661 2654 785 2697 librarius
798 2655 887 2707 tertii·
898 2665 991 2697 verum
1007 2652 1149 2700 Sscchinus
1162 2654 1318 2706 emendavit.
1331 2660 1405 2700 recte
1420 2655 1533 2711 quiden.

296 2736 379 2781 supra
387 2726 505 2770 scribens
514 2725 615 2780 quarti.

339 2798 352 2830 ⁸
378 2798 508 2841 Antonius
523 2797 680 2842 Corrionero
693 2797 764 2852 (eliis
775 2797 936 2843 Carrionero
949 2801 992 2843 vel
1007 2800 1088 2844 etism
1099 2799 1279 2850 Gorrioneroi,
1292 2800 1324 2844 de
1340 2799 1534 2847 Babilsiuente.

300 2869 378 2914 sinz
388 2880 422 2912 nn
431 2868 568 2922 annuon,
577 2867 684 2912 Noiicia
695 2869 728 2912 rie
737 2870 777 2913 ios
792 2871 934 2925 esparlum
949 2881 999 2926 que
1015 2873 1161 2915 asistieron
1172 2871 1200 2915 ai
1211 2871 1325 2916 concilio
1334 2872 1368 2915 de
1387 2871 1493 2925 Trenio,
1507 2871 1534 2915 ln

301 2939 433 2985 Coieccidn
444 2941 477 2984 de
486 2941 658 2986 documenios
667 2946 738 2996 para
748 2943 839 2986 servir
848 2942 865 2985 a
874 2941 902 2986 la
912 2941 1026 2986 historia
1041 2943 1075 2987 rie
1083 2943 1206 2997 Espaiia,
1216 2950 1235 2987 t.
1245 2954 1282 3000 rx,
1296 2954 1355 3000 pag.
1363 2940 1478 2988 ni-Seu
1489 2943 1534 2986 ob·

298 3021 376 3057 serve
386 3023 464 3068 quam
471 3013 535 3056 mlre
543 3014 569 3056 ln
579 3013 655 3068 hujus
666 3023 692 3057 et
702 3023 880 3058 successorum
891 3015 1061 3069 chronologis
1071 3014 1219 3070 discrepent
1229 3015 1312 3062 Getes.
1324 3015 1415 3060 Series
1424 3013 1536 3070 Episco-

295 3091 406 3140 porum,
415 3090 441 3127 et
451 3083 597 3138 Lemnum,
608 3085 730 3129 Historia
739 3085 907 3130 eclesiastica
918 3087 952 3130 de
962 3085 1085 3142 Espaila,
1094 3093 1113 3131 t.
1123 3100 1150 3131 v.

339 3155 351 3189 Ι
380 3155 445 3200 Vide
455 3157 510 3211 eius
520 3157 633 3210 litterae,
644 3169 708 3212 quse
716 3168 804 3212 supra.
814 3165 902 3218 annot.
912 3158 934 3211 2,
944 3159 978 3202 ed
988 3170 1012 3203 n.
1024 3159 1232 3215 praecedentem,
1240 3159 1451 3204 memoravimus.
