3717 5400
818 480 947 542 Canon.
967 481 1044 542 Soc.
1064 481 1135 556 Jus.

667 944 732 1010 DE
753 943 989 1011 COLLEGIO
1014 945 1294 1012 BONONlENSI

422 1261 493 1324 333.
537 1261 576 1326 Ρ.
601 1261 815 1330 Franciscus
835 1264 993 1332 Palmius
1014 1269 1095 1347 hoc,
1123 1269 1216 1332 sicut
1235 1271 1343 1332 etiam
1369 1271 1599 1350 sequentibus

362 1368 477 1446 annis,
501 1369 715 1434 Bononiensi
734 1371 893 1452 Collegio
915 1374 1081 1455 praefuit.
1102 1374 1264 1446 Scholae.
1286 1395 1376 1456 quae
1393 1376 1513 1457 jacere
1533 1379 1597 1442 ali·

362 1478 569 1553 quantulum
583 1478 807 1559 videbantur,
830 1498 940 1562 opera
960 1483 1124 1562 magistri
1144 1483 1328 1548 Francisci
1346 1483 1521 1564 Scipionis
1536 1486 1595 1547 vel

362 1581 548 1662 Bordonis‚
574 1603 617 1649 ac
636 1589 799 1667 magistri
820 1587 1021 1653 Sebastiani
1044 1587 1064 1666 ¹,
1088 1599 1230 1654 erectae
1253 1601 1351 1669 sunt3
1374 1591 1538 1672 quamvis
1560 1601 1596 1654 et

363 1687 422 1751 alii
436 1703 686 1773 praeceptores
700 1713 765 1775 pro
781 1697 874 1760 virili
888 1707 991 1776 parte
1007 1698 1155 1778 quisque
1170 1697 1284 1762 officio
1300 1715 1364 1762 suo
1381 1699 1480 1777 iungi
1495 1716 1598 1762 cura·

362 1797 466 1861 verit.
482 1797 527 1860 Et
542 1801 636 1879 quod
651 1800 696 1863 ad
711 1819 828 1866 mores
843 1805 981 1882 attinet,
999 1805 1174 1870 curabant
1185 1805 1373 1884 diligenter
1384 1806 1599 1870 commissos

363 1904 430 1967 sibi
445 1903 637 1986 discipulos
651 1909 697 1972 ad
717 1909 885 1973 virtutem
900 1922 934 1974 et
957 1909 1027 1975 Dei
1047 1915 1208 1976 timorem
1228 1913 1419 1992 instruere,
1437 1922 1471 1976 et
1492 1912 1538 1976 ad
1559 1912 1595 1976 id

364 2014 653 2077 accommodatos
666 2016 774 2079 libros
788 2018 841 2080 eis
853 2019 1120 2098 praelegebant;
1136 2030 1338 2101 praeterea,
1353 2020 1453 2084 sestis
1472 2019 1599 2084 diebus

361 2120 645 2197 provectioribus
669 2139 840 2201 graecum
864 2135 1118 2190 testamentum
1136 2144 1285 2206 novum,
1306 2127 1509 2191 rudioribus
1533 2125 1594 2188 Mi·

364 2224 524 2290 chaelem
552 2229 726 2294 Verinum
754 2232 765 2263 ¹
793 2233 1031 2311 explicabant.
1064 2233 1108 2296 Et
1137 2251 1218 2297 cum
1243 2243 1406 2298 auctores
1431 2234 1601 2313 antiquos

365 2334 597 2413 enarrabant,
618 2336 648 2399 si
670 2337 755 2417 quid
776 2339 976 2402 conducere
996 2337 1203 2420 [videretur]
1223 2341 1269 2404 ad
1289 2357 1479 2420 puerorum
1494 2340 1597 2404 disci·

363 2440 508 2519 plinam,
529 2451 563 2504 et
582 2442 762 2508 stimulum
782 2445 983 2509 addendum
1004 2447 1050 2510 ad
1072 2447 1256 2524 virtutem,
1284 2448 1422 2527 plenius
1441 2447 1599 2527 explica·

363 2546 460 2610 bant.
477 2549 612 2612 Breves
625 2551 734 2614 etiam
748 2553 1037 2630 precatiunculae
1053 2563 1088 2616 et
1102 2554 1241 2633 hymni,
1265 2561 1455 2634 antequam
1477 2555 1599 2617 lectio·

363 2670 427 2718 nes
443 2655 706 2738 inchoarentur,
723 2668 758 2721 et
776 2658 829 2723 eis
849 2659 1035 2737 absolutiS,
1058 2669 1250 2741 antequam
1265 2679 1287 2725 a
1301 2660 1432 2725 scholis
1447 2660 1596 2725 dimitte·

364 2772 498 2842 rentur,
523 2766 827 2846 proponebantur,
855 2784 944 2848 quas
970 2768 1075 2831 simul
1100 2767 1276 2847 dicerent,
1302 2766 1405 2831 etad
1429 2769 1598 2848 pietatem

365 2870 491 2933 melius
501 2888 540 2935 se
551 2870 789 2953 disponerent.
803 2873 1050 2939 Catechismus
1066 2884 1184 2939 autem
1198 2874 1322 2938 diebus
1336 2875 1475 2939 sabbati
1489 2876 1599 2955 expli·

366 2979 526 3057 cabatur,
542 2980 706 3060 quamvis
721 2982 876 3061 quotidie
891 2981 1025 3063 aliquid
1045 3000 1090 3046 ex
1105 3000 1148 3046 eo
1171 2983 1287 3046 libello
1302 2983 1420 3062 pueris
1442 2983 1599 3046 inculca·

365 3094 475 3149 retur.

426 3193 497 3257 334.
540 3193 613 3259 Sub
627 3195 766 3260 initium
785 3196 885 3275 anni,
908 3198 1070 3278 eclogam
1090 3197 1281 3278 quamdam
1301 3216 1321 3261 a
1343 3197 1514 3275 Magistro
1537 3194 1594 3260 Se·

366 3302 530 3365 bastiauo
555 3302 810 3383 compositam,
837 3304 1013 3382 quasdam
1038 3304 1146 3367 etiam
1174 3304 1354 3367 orationes
1383 3320 1426 3366 ac
1455 3320 1599 3379 versus,

365 3409 443 3490 ipso
458 3409 515 3473 die
528 3409 759 3489 Epiphaniae,
777 3410 829 3473 sic
843 3409 1128 3489 pronuntiarunt,
1141 3419 1180 3474 ut
1196 3411 1375 3474 auditores
1386 3428 1457 3473 non
1473 3426 1596 3473 conso·

366 3497 498 3579 latione
522 3516 652 3595 solum,
679 3515 741 3579 sed
766 3516 1002 3581 admiratione
1027 3517 1134 3581 etiam
1157 3516 1274 3581 affecti
1295 3516 1437 3591 fuerint3
1460 3526 1495 3579 et
1518 3532 1601 3579 cum

366 3638 455 3701 puer
469 3621 612 3702 quidam
626 3622 789 3687 undecim
809 3622 884 3687 lere
903 3641 1078 3687 annorum
1099 3624 1297 3687 orationem
1316 3622 1359 3685 de
1379 3640 1490 3703 puero
1513 3624 1598 3705 Jesu

366 3744 499 3808 magna
514 3746 594 3792 cum
609 3730 755 3810 energia
769 3738 803 3793 et
817 3730 937 3810 gratia
952 3730 1230 3810 pronuntiasset,
1246 3730 1402 3793 laetitiae
1419 3732 1603 3809 lacrymas

368 3835 486 3899 multis
500 3837 669 3915 excussit,
685 3846 721 3899 et
734 3838 836 3899 multi
855 3838 1006 3915 nobileS,
1030 3838 1090 3914 qui
1106 3854 1187 3901 eum
1206 3835 1410 3913 audierant,
1433 3836 1597 3917 impetra·

367 3953 450 4006 runt
464 3953 502 4006 ut
517 3944 572 4005 die
587 3944 746 4022 sequenti
761 3944 850 4007 haec
865 3943 991 4007 eadem
1006 3952 1264 4023 repeterentur,
1280 3953 1314 4007 et
1329 3960 1483 4022 magnus
1503 3944 1598 4006 nobi·

368 4048 454 4113 lium
468 4066 663 4113 concursus
677 4050 723 4114 ad
739 4050 827 4114 haec
842 4050 1020 4114 audienda
1034 4050 1150 4115 factus
1165 4060 1231 4129 est,
1248 4062 1282 4113 et
1298 4051 1551 4113 canonicorum
1562 4062 1599 4114 et

369 4157 520 4220 aliorum
534 4172 687 4236 magnae
702 4158 926 4221 auctoritatis
946 4168 980 4221 et
1002 4158 1213 4221 eruditionis
1234 4158 1409 4237 virorum;
1433 4168 1468 4220 et
1489 4166 1602 4220 tanto·

369 4279 454 4343 pere
469 4264 588 4327 omnia
602 4264 654 4329 eis
668 4265 819 4345 probata
833 4273 927 4343 sunt,
945 4274 982 4326 ut
999 4282 1125 4344 sparso
1140 4282 1282 4328 rumore
1297 4281 1361 4344 per
1373 4264 1496 4327 urbem
1508 4281 1604 4327 com·

369 4373 488 4451 plures
509 4390 555 4434 ex
573 4372 748 4435 nobilibus
767 4371 859 4435 filios
880 4387 964 4435 suos
986 4372 1031 4435 ad
1058 4370 1254 4451 Collegium
1275 4372 1414 4435 mittere
1438 4370 1601 4434 decerne·

376 4512 585 4520 ——-—.—-

412 4578 421 4605 ¹
449 4575 475 4619 Is
485 4575 614 4630 Eugublo,
625 4587 683 4619 cunr
693 4578 755 4621 illud
767 4576 910 4630 Collegium
922 4577 1076 4620 dissolutum
1092 4584 1139 4631 est,
1151 4576 1292 4619 Bononiam
1307 4576 1399 4619 missus
1414 4574 1471 4619 luit.
1483 4575 1549 4619 Vide
1563 4585 1607 4619 su·

372 4660 428 4702 pru.
437 4656 456 4692 t.
466 4658 502 4699 tv,
513 4657 573 4701 pag.
582 4648 618 4691 55.
626 4656 714 4692 annot.
725 4648 746 4696 2.
757 4658 783 4693 et
793 4648 916 4692 Litterae
931 4649 1162 4701 Quadrtnrestres,
1173 4658 1192 4692 t.
1201 4658 1240 4702 111,
1252 4660 1310 4702 pag.
1323 4648 1372 4693 17t.

413 4724 423 4752 ¹
451 4718 518 4763 Vide
529 4717 652 4764 Litterae
660 4720 890 4773 Quadrtmestres,
900 4728 919 4764 t.
929 4731 967 4773 ur,
977 4732 1037 4775 pag.
1049 4721 1094 4773 tu,
1106 4727 1192 4765 annot.
1201 4720 1222 4764 6.
