3717 5400
796 523 859 580 An.
882 522 952 581 1555
1437 520 1493 580 637

324 664 411 729 1740.
454 666 509 731 Ex
524 666 722 730 obedientia
741 665 976 731 Provincialis
996 649 1164 731 recedere
1181 667 1302 731 debuit
1317 683 1363 730 ex
1382 664 1492 729 Portu

258 773 392 838 Securo
406 772 445 836 P.
461 772 673 838 Ambrosius
687 773 733 837 ad
748 773 885 854 Bayam
901 771 1066 837 Omnium
1080 771 1303 848 Sanctorum,
1325 772 1492 852 quamvis

258 899 342 944 curn
356 879 477 944 dolore
491 897 562 944 non
577 881 708 961 exiguo
722 881 919 944 incolarum
931 881 1025 944 illius
1034 877 1197 944 Ducatus
1208 878 1335 944 Portus
1350 877 1490 944 Securi.

262 986 374 1066 Regio
388 987 450 1050 illa
464 1004 591 1051 versus
606 1004 704 1050 mare
718 986 822 1050 valde
835 987 965 1051 sterilis
976 1003 1042 1064 est,
1055 1005 1138 1051 nam
1150 988 1197 1050 ad
1209 987 1393 1065 interiora,
1410 1002 1493 1050 cum

263 1095 369 1175 pauci
383 1095 453 1158 sint
468 1094 664 1173 christiani,
680 1104 868 1175 penetrare
884 1112 956 1157 non
971 1095 1113 1174 audent,
1129 1106 1164 1159 et
1179 1096 1230 1158 ita
1241 1111 1322 1158 cum
1334 1094 1422 1158 duos
1434 1095 1495 1158 vel

261 1209 335 1266 tres
351 1219 463 1265 annos
478 1202 558 1282 agri
576 1201 626 1265 illi
645 1201 813 1265 maritimi
833 1201 1041 1266 colebantur
1062 1212 1097 1265 et
1118 1201 1274 1266 fructum
1299 1199 1397 1283 [non]
1417 1199 1494 1265 red·

260 1308 404 1385 debant,
422 1318 459 1372 ut
474 1308 612 1372 steriles
627 1308 926 1388 relinquebantur.
943 1307 1007 1372 Est
1022 1310 1129 1372 etiam
1142 1310 1313 1372 molestus
1327 1308 1496 1373 formica-

264 1431 342 1479 rum
356 1415 545 1493 exercituS,
562 1431 654 1496 quae
666 1415 839 1495 quasdam
855 1417 952 1478 velut
967 1415 1120 1497 forcipes
1136 1416 1266 1479 habent
1278 1417 1315 1479 in
1330 1433 1404 1494 ore,
1420 1414 1495 1496 qui·

263 1524 329 1587 bus
353 1523 473 1586 omnia
492 1541 582 1604 quae
604 1524 809 1604 plantantur
831 1520 1044 1587 abscindunt
1068 1533 1104 1586 et
1127 1522 1325 1598 desiccant;
1346 1523 1436 1586 adeo
1455 1529 1496 1585 ut

263 1632 400 1695 incolae
414 1647 480 1710 pro
498 1629 654 1694 remedio
673 1640 819 1694 utantur
833 1630 1045 1694 liberalitate
1063 1631 1233 1711 pascendi
1253 1631 1433 1707 formicas,
1449 1647 1495 1693 ne

261 1739 336 1801 oris
351 1754 489 1800 veneno
504 1737 738 1818 plantasillas
751 1747 993 1819 corrumpant,
1010 1755 1056 1800 ex
1070 1755 1222 1818 quarum
1236 1737 1417 1801 radicibus
1432 1752 1497 1818 pa-

266 1845 321 1908 nis
335 1843 531 1922 conficitur3
548 1853 582 1907 et
596 1844 676 1925 plus
689 1860 760 1906 una
774 1853 879 1908 nocte
895 1844 975 1906 illae
989 1842 1175 1908 destruunt
1190 1861 1296 1924 quam
1318 1843 1420 1907 multi
1434 1843 1496 1908 ho·

274 1951 386 2015 mines
400 1950 520 2014 multis
534 1951 641 2014 etiam
656 1950 779 2015 diebus
794 1949 932 2014 efficere
952 1952 1078 2025 solent;
1099 1968 1165 2015 nec
1184 1950 1260 2014 fieri
1280 1960 1397 2031 potest
1417 1950 1497 2015 hor·

273 2071 329 2121 tus
344 2059 447 2136 ullus,
464 2057 524 2138 qui
544 2058 662 2121 statim
684 2058 730 2120 ab
749 2058 801 2121 eis
822 2075 892 2122 non
914 2066 1163 2138 corrumpatur
1186 2056 1207 2116 ¹.
1230 2056 1334 2122 Vites
1355 2057 1497 2137 quidem

269 2164 401 2243 optime
424 2163 492 2226 illis
513 2163 548 2227 in
570 2164 904 2256 locisproveniunt,
926 2165 982 2226 bis
1001 2165 1107 2227 etiam
1126 2165 1277 2244 singulis
1298 2165 1413 2243 annis,
1433 2164 1497 2228 sed

271 2272 413 2335 servari
428 2271 472 2334 ab
487 2269 688 2351 hujusmodi
701 2270 859 2336 formicis
873 2288 936 2334 eas
950 2281 1099 2352 oportet;
1120 2271 1252 2351 alioqui
1269 2272 1374 2334 hodie
1393 2273 1498 2353 plena

274 2377 448 2440 fructibus
469 2386 503 2440 et
522 2377 579 2440 die
599 2377 756 2442 crastina
777 2378 939 2441 omnibus
959 2378 1122 2458 spoliata,
1146 2377 1338 2457 desiccata,
1359 2387 1498 2442 tantum

270 2483 318 2546 ad
335 2484 428 2564 ignis
443 2501 546 2547 usum
560 2486 668 2547 valet.
684 2483 834 2548 Molesta
848 2485 955 2548 etiam
970 2485 1039 2548 illis
1053 2495 1106 2548 est
1120 2485 1256 2548 locusta
1277 2485 1397 2549 omnia
1416 2502 1497 2549 con·

273 2607 428 2668 sumens,
445 2591 563 2670 itaque
577 2607 646 2654 non
661 2591 760 2654 deest
774 2591 932 2671 peccatis
946 2609 1010 2654 sua
1026 2591 1174 2671 punitio.

334 2695 421 2761 1741.
465 2697 553 2762 Cum
568 2699 729 2779 pervenit
746 2699 783 2763 P.
801 2700 1010 2763 Ambrosius
1024 2696 1070 2761 ad
1086 2700 1268 2762 civitatem
1287 2697 1496 2782 Salvatoris,

268 2822 362 2885 quae
382 2816 435 2869 est
455 2822 526 2868 non
545 2808 658 2869 solum
677 2806 799 2887 Bayae
822 2805 988 2889 Omnium
1001 2806 1227 2884 Sanctorum,
1251 2808 1314 2871 sed
1336 2819 1372 2871 et
1391 2810 1500 2873 totius

271 2911 445 2976 Brasiliae
471 2922 589 2992 caput,
616 2913 666 2975 illi
690 2912 849 2991 Collegio
874 2928 1042 2993 praeesse
1063 2911 1184 2992 jussus
1208 2925 1262 2977 est
1287 2910 1298 2941 ¹
1323 2924 1358 2977 et
1379 2914 1500 2979 domui

271 3036 463 3099 puerorum
479 3018 652 3097 indorum;
670 3029 704 3083 et
718 3036 841 3082 omnes
861 3038 1010 3083 numero
1032 3030 1133 3083 erant
1154 3020 1395 3101 quadraginta
1414 3040 1500 3102 qua·

273 3140 352 3191 tuor
376 3125 400 3185 ⁸.
421 3124 492 3190 Sed
511 3125 584 3190 indi
603 3125 707 3208 hujus
732 3126 888 3206 regionis
913 3128 1013 3191 bellis
1033 3126 1248 3191 infestabant
1272 3129 1498 3206 christianos

271 3232 443 3298 beneficio
470 3235 653 3314 sylvarum
673 3244 823 3311 utenteS,
845 3252 907 3315 per
928 3251 1017 3313 quas
1032 3235 1093 3313 illi,
1114 3244 1154 3297 ut
1169 3236 1350 3311 animalia,
1375 3252 1501 3299 secure

270 3344 386 3405 solent
401 3339 576 3403 incedere.
593 3339 787 3404 Christiani
802 3350 920 3403 autem
939 3358 984 3404 ne
1005 3342 1081 3431 sine
1101 3341 1211 3404 armis
1233 3341 1373 3421 quidem
1397 3342 1500 3423 (quae

272 3460 391 3511 tamen
416 3447 484 3511 illis
510 3458 591 3511 sunt
616 3448 721 3511 valde
745 3450 952 3511 necessaria
978 3458 1105 3510 contra
1133 3450 1286 3527 sagittas
1314 3448 1503 3513 Brasilien-

272 3554 376 3633 sium)
397 3572 461 3635 per
481 3572 543 3617 eas
565 3564 714 3636 possunt
733 3556 908 3619 incedere.
931 3553 1020 3618 Sunt
1042 3556 1150 3617 etiam
1168 3556 1218 3619 illi
1237 3556 1274 3618 in
1297 3556 1502 3635 sagittando

275 3672 347 3724 tam
363 3662 561 3739 exercitati,
578 3671 616 3724 ut
634 3662 822 3742 fugienteS,
839 3663 947 3725 immo
968 3671 1003 3725 et
1023 3672 1190 3724 natantes
1204 3679 1266 3742 per
1281 3680 1382 3727 mare
1402 3664 1503 3727 innu-

276 3767 464 3831 merabiles
479 3768 680 3849 conjiciant.

338 3874 426 3938 1742.
471 3874 615 3938 Praeter
626 3875 665 3939 P.
678 3876 907 3939 Ambrosium
918 3878 1015 3940 solus
1027 3876 1098 3940 illic
1110 3878 1278 3940 sacerdos
1290 3887 1367 3940 erat
1379 3876 1417 3941 Ρ.
1431 3878 1505 3943 An-

276 3982 394 4046 tonius
413 3981 533 4059 Perez,
550 3982 605 4045 vir
620 4000 691 4045 non
706 3971 913 4063 vulgaribus
929 3984 1121 4048 virtutibus
1135 3984 1328 4064 praeditus,
1345 3996 1379 4047 et
1395 4004 1436 4048 ea
1453 3986 1505 4049 in·

275 4090 423 4169 dustria,
453 4098 490 4153 ut
517 4106 623 4153 manu
652 4108 717 4154 sua
745 4089 906 4154 aedificia
935 4092 1054 4155 omnia
1083 4093 1287 4155 necessaria
1312 4101 1386 4156 tarn
1411 4110 1504 4174 quae

273 4214 296 4259 a
312 4196 421 4260 fabris
436 4198 695 4275 caementariis
709 4216 816 4279 quam
831 4216 922 4278 quae
938 4217 959 4261 a
974 4199 1136 4277 lignariis
1149 4198 1276 4262 confici
1291 4201 1415 4277 solent,
1432 4218 1506 4264 me·

278 4305 344 4367 lius
362 4321 469 4385 quam
485 4305 575 4368 ullus
596 4305 725 4369 artifex
744 4304 820 4385 ejus
841 4306 999 4387 regionis
1017 4305 1223 4382 fabricaret,
1241 4323 1332 4386 quas
1352 4317 1448 4371 artes
1468 4308 1504 4371 in

275 4410 425 4475 Brasilia
449 4410 585 4489 didicit,
613 4412 696 4475 dum
722 4412 879 4476 charitas
904 4430 983 4476 eum
1008 4423 1153 4493 urgeret
1174 4422 1212 4475 ut
1234 4414 1506 4478 necessitatibus

318 4616 325 4647 ¹
354 4614 444 4661 Sermo
454 4622 494 4659 est
504 4616 535 4659 de
547 4614 652 4660 formica
666 4616 810 4662 Oecodoma
820 4618 982 4673 cephalam,
990 4619 1126 4663 Latrellle.

318 4694 328 4719 ¹
355 4685 422 4731 Vide
432 4698 520 4741 rupru.
532 4698 591 4741 pag.
601 4688 649 4737 130,
661 4701 685 4732 n.
699 4690 757 4734 1715.

318 4760 329 4793 ⁵
356 4763 495 4808 Numerum
506 4766 620 4819 intellige
631 4776 768 4818 puerorum
781 4764 905 4819 indorum,
916 4764 959 4820 qul
969 4767 1017 4808 snb
1027 4772 1175 4809 nostrorum
1184 4776 1247 4808 cura
1259 4772 1344 4809 erant.
