3717 5400
364 495 420 555 188
831 493 960 554 Canon.
982 495 1058 554 Soc.
1080 495 1150 567 Jns.

363 643 407 704 lis
424 659 512 704 cura
527 649 562 704 et
577 641 760 722 Pro-regis
775 642 912 720 favore,
929 660 951 704 a
973 643 1151 723 primariis
1175 641 1312 705 civibus
1337 651 1463 704 auctus
1482 653 1547 719 est,
1565 651 1600 704 et

366 749 582 830 pauperibus
596 750 784 813 subvenire
800 752 916 831 coepit
933 749 955 814 ¹.

422 855 496 920 542.
541 855 707 920 Accessit
718 856 801 920 huic
814 859 913 937 operi
923 857 994 937 pio,
1011 874 1132 921 mense
1143 857 1320 936 Augusto,
1336 857 1431 921 aliud
1449 872 1522 920 non
1534 857 1599 920 mi-

363 981 431 1026 nus
438 963 539 1043 pium
550 981 650 1044 opus,
664 963 758 1045 quod
771 962 833 1045 [ut]
847 981 992 1043 novum,
1002 965 1051 1028 ita
1062 981 1157 1028 novo
1163 966 1352 1027 voluerunt
1361 964 1534 1044 appellari
1543 981 1601 1026 vo-

364 1070 492 1134 cabulo
504 1071 651 1134 scilicet:
664 1071 877 1136 “Consilium
886 1071 1097 1150 CharitatiS,
1108 1073 1164 1135 vel
1179 1069 1360 1135 “Officium
1372 1071 1597 1147 CharitatiS„

365 1178 449 1258 quia
460 1178 549 1241 nihil
564 1197 698 1258 eorum,
716 1196 807 1260 quae
823 1179 868 1240 ad
883 1180 1096 1243 charitatem
1111 1197 1153 1242 ac
1173 1180 1341 1260 pietatem
1363 1179 1597 1241 exercendam

364 1285 553 1364 pertinent,
572 1285 739 1350 excludit.
757 1285 895 1366 Scopus
910 1285 1013 1366 hujus
1028 1287 1146 1367 operis
1160 1296 1213 1349 est
1233 1285 1475 1367 spiritualibus
1495 1285 1600 1348 rebus

365 1409 409 1455 ac
424 1393 617 1472 praecipue
633 1393 819 1456 charitatis
835 1393 1002 1472 operibus
1022 1395 1208 1457 consulere
1223 1403 1258 1456 et
1273 1394 1318 1456 ad
1338 1395 1405 1456 hoc
1420 1393 1600 1470 excogita—

363 1507 439 1561 tum
453 1508 508 1560 est
525 1497 725 1576 huiusmodi
739 1498 953 1562 Institutum.
971 1500 1015 1562 Et
1030 1499 1325 1578 quemadmodum
1341 1500 1375 1561 in
1392 1515 1502 1577 regno
1515 1497 1601 1561 Sici·

365 1606 434 1666 liae
454 1605 651 1669 institutum
668 1617 746 1668 erat
757 1608 954 1681 consilium,
966 1609 1001 1668 in
1013 1624 1081 1685 quo
1094 1607 1136 1668 dc
1149 1609 1264 1680 rebuS,
1278 1624 1368 1685 quae
1381 1607 1426 1669 ad
1439 1606 1600 1668 bellicam

365 1721 479 1773 artem
495 1712 641 1786 faciunt,
659 1724 836 1791 ageretur,
854 1715 903 1776 ita
924 1724 958 1775 et
974 1715 1041 1776 hoc
1061 1715 1314 1776 instituendum
1336 1714 1521 1776 consilium
1542 1715 1599 1775 vel

366 1817 521 1882 officium
538 1821 652 1881 visum
669 1829 735 1898 est,
751 1833 790 1882 ut
804 1821 847 1883 de
862 1821 968 1883 rebus
983 1820 1027 1881 ad
1049 1821 1260 1884 charitatem
1282 1820 1539 1900 pertinentibus
1561 1820 1597 1882 in

366 1934 441 1987 toto
463 1943 586 2005 regn0,
613 1927 676 1989 sed
692 1929 882 2007 praecipue
898 1927 1096 2002 Messanae,
1113 1939 1290 2006 ageretur.
1314 1927 1387 1989 Nec
1403 1925 1597 2006 putandum

367 2044 421 2093 est
437 2034 598 2095 eamdem
613 2050 693 2096 esse
708 2035 881 2097 rationem
902 2033 1004 2114 hujus
1025 2035 1129 2098 officii
1150 2053 1192 2097 ac
1213 2035 1341 2096 montis
1363 2034 1505 2111 pietatis
1526 2031 1603 2112 jam

367 2139 452 2202 dicti
468 2139 490 2216 *,
508 2140 543 2201 in
559 2141 618 2202 illo
640 2140 734 2203 enim
752 2142 968 2220 pauperibus
989 2141 1175 2204 dumtaxat
1197 2141 1240 2203 de
1260 2141 1446 2220 temporali
1468 2139 1600 2203 auxilio

367 2247 588 2326 providetur,
602 2247 647 2310 ad
659 2249 728 2310 hoc
740 2257 857 2310 autem
870 2249 1055 2311 charitatis
1068 2247 1220 2311 officium
1232 2225 1370 2326 spectat
1386 2246 1469 2308 illud
1485 2255 1518 2308 et
1531 2246 1602 2308 alia

366 2355 426 2433 pia
442 2371 551 2432 opera
568 2371 800 2433 conservare,
816 2357 1031 2435 pauperibus
1047 2356 1138 2417 enim
1155 2357 1380 2434 prospicitur,
1398 2355 1517 2416 ablata
1533 2353 1603 2416 illis

369 2462 614 2539 restituuntur,
633 2471 781 2526 cavetur
796 2479 839 2525 ne
855 2463 940 2542 quid
960 2464 1089 2526 viduae
1104 2476 1137 2526 et
1154 2463 1277 2542 pupilli
1292 2460 1440 2540 injuriae
1462 2461 1600 2539 patian-

368 2576 437 2646 tur,
459 2569 601 2647 templa‚
628 2570 855 2647 monasteria,
874 2569 1063 2648 hospitalia
1079 2579 1139 2632 aut
1152 2571 1254 2648 lapsa
1268 2569 1523 2645 instaurantur,
1541 2577 1603 2629 aut

369 2676 508 2738 ruinam
531 2676 702 2739 minantia
725 2675 999 2755 confirmantur,
1023 2687 1058 2741 et
1078 2677 1148 2739 alia
1168 2674 1367 2755 hujusmodi
1394 2677 1503 2739 multa
1529 2691 1601 2737 non

369 2784 475 2862 pauci
496 2786 665 2846 momenti
687 2784 733 2848 ad
756 2783 823 2847 Dei
845 2785 1017 2847 honorem
1032 2784 1162 2847 lutura.
1183 2784 1228 2846 Et
1244 2785 1336 2847 inter
1358 2784 1427 2846 alia
1443 2784 1511 2845 hoc
1527 2780 1602 2860 jam

369 2890 466 2969 pium
482 2908 570 2969 opus
585 2891 702 2953 ellecit
715 2892 784 2955 hoc
799 2892 985 2954 consilium
1000 2908 1062 2954 seu
1078 2890 1230 2954 officium
1246 2890 1441 2968 charitatis
1469 2900 1507 2951 ut
1533 2889 1601 2951 edi·

370 3008 428 3058 cto
440 2998 581 3076 publico
594 3008 809 3061 statueretur
821 3008 859 3061 ut
871 2999 1012 3074 notarii,
1025 2999 1056 3061 si
1067 3016 1158 3079 quae
1170 2998 1283 3060 sciant
1296 2999 1413 3077 legata
1427 2998 1470 3058 ab
1484 2996 1604 3075 aliquo

369 3105 494 3165 relicta
510 3106 544 3167 ia
561 3107 638 3183 pios
654 3121 749 3179 usus,
765 3106 871 3168 etiam
888 3105 1100 3168 haeredibus
1114 3106 1361 3167 recusantibus
1374 3121 1415 3166 ea
1428 3104 1600 3183 aperiant,

369 3222 404 3273 et
421 3212 486 3286 his,
504 3213 562 3290 qui
577 3222 748 3290 praesunt
764 3212 846 3274 huic
862 3212 1048 3274 charitatis
1068 3210 1194 3289 officio,
1223 3212 1495 3291 quamprimum
1517 3208 1601 3271 rese·

370 3330 463 3393 rant,
481 3318 578 3379 etita
595 3319 855 3396 priucisdiebus
882 3335 1011 3396 magna
1039 3319 1268 3398 pecuniarum
1289 3334 1426 3379 summa
1447 3317 1603 3379 indicata

369 3426 436 3487 fuit
455 3426 491 3486 in
512 3442 688 3504 pauperes
713 3428 896 3503 eroganda
918 3436 978 3487 aut
999 3426 1065 3504 piis
1086 3425 1250 3505 operibus
1270 3424 1490 3501 insumenda,
1512 3440 1602 3503 quae

371 3546 518 3595 eatenus
538 3534 702 3594 latuerat.

430 3638 501 3700 543.
547 3638 635 3701 Sunt
655 3649 775 3702 autem
797 3640 900 3702 electi
926 3640 994 3701 viri
1020 3656 1083 3701 sex
1109 3639 1153 3700 ad
1178 3637 1378 3717 hujusmodi
1401 3637 1601 3699 consilium:

372 3746 453 3823 du0,
476 3747 622 3821 seilicet,
653 3746 820 3823 theologi,
845 3762 995 3825 quorum
1015 3748 1103 3808 alter
1129 3746 1194 3807 fuit
1212 3744 1248 3807 P.
1272 3744 1511 3823 Hieronymus
1532 3741 1601 3805 Do·

370 3854 531 3932 menoch,
548 3852 795 3930 Prouincialis;
816 3855 905 3914 alter
920 3852 1070 3914 celebris
1086 3851 1228 3931 quidam
1244 3852 1388 3914 Ordinis
1403 3849 1462 3914 Sa*
1482 3848 1603 3912 Domi·

371 3961 443 4023 nici
457 3962 648 4038 religiosus
662 3956 685 4037 ³;
701 3959 828 4020 tertius
848 3958 914 4020 suit
932 3975 1021 4020 unus
1041 3976 1085 4020 ex
1098 3956 1272 4037 judicibus
1293 3974 1445 4036 magnae
1468 3956 1600 4033 curiae;

415 4168 421 4193 ¹
452 4165 490 4208 De
501 4166 549 4208 hoe
561 4173 648 4207 tamen
659 4164 770 4207 Pietatis
784 4161 878 4211 Monte,
889 4174 935 4205 scu
946 4164 1030 4216 potius
1041 4163 1072 4204 de
1082 4162 1256 4216 appellatione
1267 4161 1422 4215 pauperibus
1434 4158 1549 4214 impieta,
1561 4160 1603 4213 qul

371 4248 419 4290 per
429 4236 495 4279 hunc
508 4236 620 4279 lllontcm
635 4238 856 4285 sublevabuntur,
875 4236 939 4277 hacc
957 4234 1095 4285 Polancus,
1114 4245 1146 4277 ex
1161 4245 1236 4281 com„
1253 4232 1324 4275 Patri
1340 4231 1498 4285 Hieronymo
1515 4229 1604 4273 Dome-

372 4310 445 4351 neclr:
456 4309 485 4351 ‘l'
495 4319 575 4361 opera
591 4308 631 4350 del
643 4316 729 4351 moute
743 4308 812 4351 della
826 4306 901 4349 Piera
913 4309 926 4349 e
942 4308 1020 4349 molto
1032 4307 1129 4357 huone,
1141 4316 1182 4347 mu
1198 4316 1248 4347 non
1265 4304 1337 4357 piace
1353 4314 1368 4346 a
1385 4300 1480 4346 Nostro
1492 4301 1574 4345 Pudre
1586 4301 1606 4344 il

371 4390 445 4423 nome
456 4379 480 4421 di
489 4382 585 4433 pot-ert
594 4381 761 4431 vergognosi,
773 4379 868 4433 perche
879 4389 929 4420 non
940 4378 1081 4421 doveriano
1095 4377 1267 4430 vergognarsi
1283 4374 1307 4417 d'
1319 4386 1390 4418 esser
1406 4374 1495 4427 paveri
1506 4384 1520 4415 e
1531 4384 1604 4417 conte

371 4452 419 4494 tuli
430 4461 515 4493 essere
526 4451 673 4501 subvenuti;
686 4450 731 4505 piu
740 4457 829 4504 presto
840 4450 857 4492 li
868 4461 916 4503 par
928 4450 1036 4493 doverla
1053 4449 1115 4492 dirsl
1133 4449 1267 4499 bisognosr'
1284 4458 1298 4490 o
1314 4449 1384 4490 altre
1400 4456 1460 4490 cosa
1477 4444 1609 4499 simile.„d

372 4522 524 4566 Decembris
535 4522 595 4563 luit.

414 4594 426 4626 ⁸
454 4594 486 4637 N.
499 4594 673 4645 praecedenti.

412 4665 424 4698 ⁸
451 4666 479 4709 P.
490 4666 643 4709 Vincentius
657 4664 778 4721 aliyrto.
792 4662 1110 4715 Acuttnna,Provmciae
1121 4664 1229 4706 Siculae
1246 4662 1388 4706 societatis
1404 4661 1471 4715 Jesu
1490 4660 1606 4705 Ortum

374 4750 419 4781 res
429 4740 530 4791 gestae,
540 4746 608 4790 part.
622 4748 639 4785 1,
651 4747 708 4790 cap.
720 4747 755 4788 rr,
767 4748 790 4778 n.
803 4748 866 4778 xxx.
