3717 5400
375 497 432 557 702
834 496 963 557 Canon.
983 494 1060 556 Soc:
1080 494 1150 571 Jns.

376 642 569 709 crediderit
583 641 877 706 condemnabitur
892 640 935 721 ¹,t
951 640 995 706 Et
1013 642 1094 723 “qui
1106 640 1300 706 manducat
1315 634 1429 705 meam
1449 658 1609 721 carnem,

376 758 412 815 et
425 751 508 815 bibit
521 768 638 814 meum
651 749 884 830 sangumem,
897 748 1001 813 babet
1016 750 1129 813 vitum
1143 754 1345 827 aeternam„
1360 756 1383 809 ¹.
1587 750 1590 756 ’

441 858 528 921 1955.
571 856 764 936 Postquam
774 865 894 920 autem
903 856 970 919 hos
982 872 1122 920 errores
1133 855 1171 919 P.
1183 856 1362 920 Gonzalus
1374 855 1604 935 confutasset,

378 966 430 1029 ita
454 974 493 1028 ut
518 964 695 1028 monacho
715 962 941 1027 satisfactum
959 974 1064 1042 esset,
1085 962 1321 1043 interrogavit
1342 964 1537 1027 monachus
1558 981 1605 1027 an

376 1089 442 1136 nos
456 1081 658 1135 teneremus
673 1070 797 1135 Fidem
811 1070 943 1137 Leonis
956 1069 1087 1151 Papae;
1103 1079 1138 1134 et
1154 1088 1235 1134 cum
1249 1070 1440 1134 affirmaret
1457 1067 1495 1131 P.
1511 1068 1605 1133 Gon·

376 1181 486 1257 zalus,
503 1176 650 1257 subjecit
663 1178 759 1259 quod
773 1177 840 1257 ipsi
853 1177 981 1241 librum
996 1176 1184 1258 quemdam
1196 1177 1384 1255 habebant,
1399 1178 1458 1258 qui
1470 1175 1606 1257 Papam

376 1283 533 1348 Leonem
548 1284 840 1365 reprehendebat,
857 1283 952 1364 quod
965 1282 1095 1347 Filium
1114 1283 1181 1347 Dei
1197 1281 1302 1346 Patre
1319 1284 1493 1347 minorem
1513 1283 1606 1347 dice·

376 1400 442 1469 ret,
459 1400 494 1454 et
507 1391 557 1453 ita
577 1400 730 1470 quatuor
750 1388 927 1453 Personas
948 1390 984 1453 in
1007 1388 1179 1453 Trinitate
1196 1390 1441 1469 constitueret3
1464 1401 1498 1453 et
1514 1407 1606 1453 com·

376 1500 530 1563 muniter
546 1497 729 1578 aethiopes
744 1496 813 1589 hoc
832 1496 877 1561 de
897 1496 1083 1561 catholicis
1098 1506 1253 1561 censent.
1278 1496 1346 1561 Sed
1363 1498 1557 1562 declaravit
1573 1499 1607 1561 ei

377 1606 557 1671 Gonzalus
570 1622 695 1669 verum
711 1622 789 1669 esse
805 1605 899 1685 quod
914 1604 1077 1669 Christus
1090 1606 1248 1685 aequalis
1260 1614 1353 1669 esset
1368 1605 1467 1669 Patri
1481 1622 1604 1669 secun·

377 1712 461 1775 dum
485 1721 651 1775 naturam
677 1711 851 1790 divinam,
877 1720 1023 1791 propter
1049 1729 1157 1792 quam
1183 1711 1271 1776 dixit
1300 1712 1409 1791 “Ego
1431 1718 1466 1775 et
1491 1712 1608 1775 Pater

376 1836 489 1883 unum
500 1836 662 1897 surius„
675 1816 687 1849 ⁸
699 1828 733 1881 et
748 1818 922 1883 minorem
933 1834 1011 1882 esse
1025 1818 1219 1883 secundum
1230 1818 1498 1900 humanitatem,
1513 1818 1605 1883 unde

377 1926 471 1989 idem
485 1926 575 1989 dixit
592 1925 703 2005 “Quia
717 1924 833 1989 Pater
846 1924 968 2005 nzojor
982 1942 1036 1988 me
1050 1930 1135 2003 est.,
1152 1923 1165 1955 ⁸
1180 1926 1223 1989 Et
1238 1944 1319 1990 cum
1334 1927 1530 1991 monachus
1544 1944 1606 2007 pu·

377 2042 470 2096 taret
482 2032 549 2095 hoc
563 2031 697 2095 dictum
712 2050 757 2095 ex
773 2031 971 2096 humilitate
989 2050 1010 2095 a
1033 2031 1187 2109 Christo,
1210 2042 1245 2096 et
1260 2042 1404 2114 propter
1417 2034 1606 2097 auctorita·

378 2148 449 2203 tem
469 2138 722 2218 generationis
745 2138 942 2204 declaravit
961 2139 1011 2203 illi
1026 2148 1212 2220 utramque
1229 2137 1429 2221 [naturam],
1447 2140 1608 2203 divinam

378 2254 414 2309 et
429 2245 633 2325 humanam,
649 2246 685 2309 in
701 2262 772 2309 una
786 2262 950 2325 persona,
968 2248 1116 2310 alteram
1127 2256 1297 2325 creatam,
1311 2249 1459 2311 alteram
1471 2247 1606 2311 increa-

378 2363 469 2432 tam,
489 2363 524 2415 et
545 2352 594 2415 ita
618 2352 794 2416 monacho
814 2353 953 2415 abunde
975 2351 1198 2416 satisfactum
1217 2364 1286 2432 est;
1309 2363 1343 2417 et
1363 2354 1537 2418 accedens
1559 2354 1605 2417 ad

378 2476 500 2523 aurem
513 2458 551 2523 P.
570 2458 721 2523 Gonzali
735 2459 835 2537 dixit,
851 2460 901 2522 ita
916 2468 955 2522 ut
970 2459 1028 2523 alii
1043 2460 1208 2524 monachi
1228 2478 1299 2525 non
1320 2461 1493 2539 audirent,
1510 2461 1607 2541 quod

378 2567 446 2631 hoc
464 2576 687 2641 resumeret,
701 2566 795 2648 quod
810 2567 854 2629 ab
869 2566 947 2646 ipso
960 2565 1153 2647 dicebatur,
1166 2576 1202 2630 et
1218 2569 1266 2631 ita
1282 2568 1318 2631 in
1332 2585 1396 2632 suo
1411 2567 1517 2639 corde
1528 2578 1607 2631 erat

377 2673 588 2751 crediturus;
603 2683 638 2737 et
653 2673 705 2737 sic
720 2692 741 2737 a
756 2672 888 2736 nostris
909 2672 1067 2738 recessit.

440 2781 528 2846 1956.
571 2780 659 2844 Cum
674 2790 792 2845 autem
806 2781 842 2844 in
857 2781 985 2846 castris
1001 2781 1065 2845 sub
1080 2783 1231 2848 tentorio
1248 2783 1393 2848 Missam
1409 2784 1553 2862 diceret,
1570 2794 1607 2849 et

377 2889 506 2952 ibidem
526 2887 768 2952 consessiones
787 2887 925 2952 audiret
946 2897 980 2951 et
999 2900 1261 2954 sacramentum
1276 2890 1521 2954 Eucharistiae
1543 2891 1604 2955 mi·

376 2996 544 3060 nistraret
559 2995 731 3073 lusitanis,
748 2994 807 3076 qui
821 2995 950 3058 ibidem
965 2999 1077 3075 etant,
1095 2996 1310 3076 significavit
1329 2998 1378 3061 illi
1399 2997 1486 3077 Rex,
1509 2998 1606 3079 quod

376 3102 524 3166 Missam
539 3102 661 3166 audire
676 3103 782 3165 vellet
797 3119 895 3165 more
914 3099 1086 3167 Romano.
1102 3104 1263 3170 Lusitani
1278 3121 1365 3184 ergo
1377 3107 1489 3168 altare
1504 3121 1604 3185 egre·

375 3210 434 3288 gie
448 3219 667 3272 exornarunt
682 3209 718 3272 in
734 3209 885 3272 rotundo
901 3210 1055 3290 quodam
1066 3211 1218 3273 tentorio
1230 3212 1409 3292 tapetibus
1424 3220 1551 3291 strato,
1568 3223 1605 3276 et

377 3316 426 3381 ibi
440 3333 562 3380 coram
577 3313 675 3395 Rege
689 3324 724 3378 et
738 3315 908 3379 iratribus
921 3315 1009 3396 ejus,
1023 3327 1057 3380 et
1073 3317 1150 3380 aliis
1166 3316 1378 3404 primoribus
1394 3319 1506 3400 regni,
1523 3319 1604 3383 Mis·

376 3441 455 3488 sam
469 3424 513 3487 de
527 3421 609 3488 S.¹¹²²
622 3422 796 3487 Trinitate
814 3421 852 3485 P.
870 3422 1051 3487 Gonzalus
1066 3424 1272 3488 celebravit.
1292 3423 1528 3507 Sumpserunt
1542 3443 1604 3490 au·

376 3539 448 3594 tem
472 3530 736 3594 sanctissimum
755 3529 1002 3594 Eucharistiae
1022 3541 1285 3596 sacramentum
1302 3533 1466 3597 undecim
1485 3535 1605 3598 lusita-

375 3637 424 3716 ni,
447 3654 598 3718 quorum
619 3637 776 3700 omnium
798 3636 1038 3701 consessiones
1059 3639 1245 3717 generales
1268 3639 1360 3704 idem
1382 3639 1486 3705 Pater
1507 3641 1605 3705 audi·

375 3754 465 3807 erat.
482 3741 542 3808 Sic
562 3743 655 3807 enim
675 3761 822 3807 necesse
843 3753 921 3808 erat
941 3761 1020 3808 cum
1040 3745 1099 3808 diu
1122 3744 1348 3810 confessariis
1370 3748 1405 3810 in
1428 3765 1470 3811 eo
1491 3765 1605 3827 regno

376 3850 587 3915 caruissent.

437 3957 525 4020 1957.
567 3956 705 4022 Placuit
730 3959 849 4021 autem
872 3957 979 4021 valde
1003 3955 1093 4038 Regi
1117 3959 1206 4023 ritus
1225 3978 1268 4023 ac
1289 3960 1413 4026 modus
1432 3961 1602 4026 sacrificii

374 4063 506 4128 Missae
526 4081 625 4128 more
646 4063 819 4128 Romano.
845 4064 1018 4128 Absoluto
1044 4075 1162 4129 autem
1188 4083 1304 4148 sacro,
1329 4067 1481 4132 ostendit
1507 4070 1539 4132 ei
1562 4068 1602 4132 P.

377 4169 558 4234 Gonzalus
573 4171 720 4235 calicem
733 4179 774 4237 ,et
793 4187 935 4234 sacram
955 4189 1067 4252 aram,
1084 4172 1248 4253 hostiam,
1265 4186 1300 4239 et
1320 4175 1513 4255 imaginem
1527 4192 1604 4238 cru·

375 4275 483 4354 ciiixi,
507 4285 542 4340 et
561 4277 752 4358 quamdam
773 4277 812 4340 Β.
829 4276 992 4357 Virginis
1017 4279 1207 4360 imaginem
1227 4282 1391 4360 penicillo
1413 4282 1603 4364 depictam,

415 4515 424 4551 Ι
453 4515 612 4572 Mane-,xva
625 4519 655 4565 1⁶.

414 4587 426 4620 Ι
453 4585 631 4643 Jom.‚v1,⁵5.

412 4661 426 4694 Ι
452 4658 499 4714 lo„
510 4659 581 4714 11,OE-

413 4732 426 4765 ⁴
453 4730 610 4787 10.,xrv,ta
