3717 5400
791 463 855 523 Aa.
877 462 947 522 1555
1426 460 1482 523 6OE

248 618 318 688 est,
334 610 430 692 quod
443 609 479 673 in
495 609 639 674 civitate
661 608 843 690 praedicta
862 606 922 672 S.t¹
940 607 1100 672 Thomae
1118 607 1305 671 dominicis
1325 616 1360 672 et
1378 607 1479 671 iestis

243 697 376 782 ¹diebus
389 714 508 781 iacere
523 718 647 781 solitus
662 725 755 795 erat;
772 715 897 797 eteius
913 715 1042 795 socius,
1061 715 1217 798 Joannes
1231 713 1368 795 Lopez‚
1388 714 1479 779 cliri-

250 826 406 890 stianam
421 824 619 889 doctrinam
639 824 854 904 explicabat,
876 832 911 886 et
926 839 1066 904 semper
1079 823 1116 886 in
1131 839 1173 886 ea
1195 822 1340 886 Domini
1359 823 1477 902 vinea,

252 941 288 997 et
302 932 445 1014 quidem
459 928 662 1012 diligenter,
678 932 884 1010 laborabat,
901 938 1036 1012 septem
1046 927 1121 1010 jam
1135 946 1248 993 annos
1263 928 1322 993 illo
1344 929 1382 993 in
1401 930 1479 993 loco

251 1035 367 1104 bonu's
391 1055 501 1104 senex
525 1047 707 1118 exegerat,
734 1039 778 1102 de
800 1037 964 1102 lusitanis
984 1045 1020 1100 et
1037 1035 1214 1116 indigenis
1237 1036 1328 1100 bene
1352 1037 1481 1100 mereri

250 1144 439 1210 studendo.
1493 1125 1499 1137 ’

315 1251 403 1317 1893.
446 1253 563 1317 Locus
581 1251 638 1316 ille
659 1253 697 1315 in
717 1251 865 1332 pulchro
887 1248 992 1314 valde
1016 1250 1086 1314 situ
1107 1248 1316 1329 magnificas
1330 1250 1410 1329 plus
1424 1266 1479 1312 sa·

250 1360 298 1423 tis
320 1359 444 1423 domos
465 1359 592 1439 habet,
616 1367 652 1422 et
672 1357 718 1422 ad
740 1357 901 1438 corporis
915 1356 1224 1435 commoditatem,
1248 1366 1283 1420 et
1304 1356 1480 1420 exercita·

251 1467 384 1530 tionem
406 1466 512 1530 etiam
535 1466 774 1544 venationum,
798 1465 917 1528 multis
938 1462 1134 1528 commodis
1149 1465 1316 1528 abundat.
1334 1463 1386 1527 Ibi
1399 1479 1479 1545 pas·

251 1589 333 1637 sum
349 1589 428 1637 esse
441 1571 505 1637 S.¹³²
526 1572 711 1650 Thomam,
728 1581 763 1636 et
777 1588 907 1652 corpus
925 1569 1000 1651 eius
1014 1571 1145 1635 ibidem
1157 1573 1332 1652 sepultum
1347 1580 1382 1634 et
1397 1569 1480 1633 inde

250 1681 324 1744 alio
338 1682 561 1758 translatum,
579 1679 623 1741 ab
638 1679 689 1742 eis
704 1678 857 1742 traditur
872 1687 907 1741 et
920 1677 1087 1742 scribitur
1104 1677 1125 1737 ¹.

318 1786 405 1852 1894.
449 1786 504 1851 De
532 1786 638 1849 rebus
666 1785 796 1849 divinis
823 1785 941 1849 minus
972 1794 1074 1848 erant
1101 1784 1242 1848 solliciti
1274 1799 1381 1865 quant
1413 1799 1480 1863 par

250 1906 347 1976 erat;
363 1895 467 1976 pauci
482 1893 667 1957 christiani
682 1901 783 1965 erant
797 1903 832 1956 et
847 1891 947 1956 multi
965 1891 1118 1970 gentiles
1131 1892 1305 1956 saraceni.
1322 1890 1480 1970 Utraque

252 2010 428 2084 potestaS,
446 2001 686 2064 ecclesiastica
706 2009 741 2063 et
755 1999 967 2079 saecularis,
988 1999 1040 2062 sic
1055 2017 1092 2063 se
1112 2000 1295 2079 gerebant,
1317 2010 1355 2062 ut
1374 1996 1478 2062 offen·

251 2109 370 2174 diculo
385 2109 502 2189 potius
517 2125 623 2188 quam
637 2105 877 2171 aedificationi
891 2105 1068 2185 indigenis
1082 2115 1211 2169 essent.
1226 2107 1367 2170 Etcum
1389 2105 1480 2170 chri·

251 2215 360 2300 stiani
374 2224 514 2278 veteres
528 2215 620 2278 male
634 2214 813 2291 viverent,
830 2212 1018 2294 neophyti,
1034 2222 1200 2276 naturam
1214 2229 1317 2277 suam
1332 2230 1480 2293 sequen-

253 2331 325 2402 teS,
347 2320 566 2387 deficiebant.
583 2322 627 2385 Et
642 2321 873 2402 qainondam
894 2321 940 2384 ad
961 2320 1141 2385 Christum
1161 2319 1343 2400 perfidem
1363 2336 1480 2383 acces·

255 2438 390 2508 serant,
407 2430 578 2493 accedere
594 2428 818 2507 recusabant,
839 2445 920 2492 cum
940 2444 1020 2491 eam
1037 2427 1133 2492 vitae
1152 2427 1327 2491 rationem
1340 2427 1377 2490 in
1391 2426 1481 2490 chri·

253 2537 381 2601 stianis
395 2536 575 2601 veteribus
590 2535 761 2614 viderent,
778 2544 818 2598 ut
832 2535 913 2601 odio
928 2535 1070 2616 dignior
1083 2547 1177 2599 esset
1192 2552 1298 2616 quam
1317 2532 1481 2597 imitatio·

251 2661 313 2724 ne;
334 2655 369 2707 et
384 2644 574 2724 praecipue
590 2643 683 2725 apud
697 2642 864 2708 finitimos
878 2643 971 2707 male
985 2643 1169 2707 christiani
1184 2641 1374 2706 audiebant
1388 2640 1480 2705 inter

252 2750 421 2827 infideles,
450 2760 488 2814 ut
509 2751 596 2814 illud
615 2751 810 2815 Ezechielis
841 2750 1137 2813 commaculastis
1158 2766 1285 2812 nomen
1306 2765 1422 2811 meum
1446 2754 1481 2811 et

249 2856 439 2938 pollutstt's
453 2856 547 2920 illud
560 2857 598 2920 in
612 2858 782 2937 gentrbus
796 2856 945 2921 'merito
961 2857 1004 2921 de
1016 2857 1084 2920 illis
1099 2856 1302 2920 christianis
1317 2855 1387 2919 dici
1402 2871 1482 2936 pos·

255 2971 320 3043 set,
336 2964 397 3045 qui
411 2962 515 3028 iactis
529 2964 709 3043 negabant
723 2963 818 3046 quod
834 2963 954 3028 selide
969 2963 1115 3027 credere
1130 2963 1308 3028 dicebant:
1324 2972 1359 3027 et
1374 2963 1482 3026 etiam

253 3070 292 3135 P.
309 3071 530 3153 Cyprianus,
548 3070 847 3153 quemadmodum
862 3071 905 3134 de
921 3070 960 3134 Ρ.
976 3069 1125 3135 Nicolao
1144 3071 1316 3148 diximus,
1332 3070 1480 3151 punitio-

250 3196 334 3244 nem
349 3179 541 3260 quamdam
556 3178 795 3243 universalem
810 3177 878 3243 Dei
893 3178 1054 3258 timebat,
1070 3194 1154 3241 nam
1166 3175 1268 3256 juxta
1290 3177 1376 3240 illud
1398 3176 1482 3240 Pro·

253 3287 381 3367 phetae
396 3284 408 3317 ³
423 3285 638 3365 gloriantur
654 3302 734 3349 cum
754 3284 847 3348 male
854 3285 1031 3365 fecerint,
1046 3289 1112 3364 pro
1133 3284 1267 3347 honore
1282 3284 1411 3347 ducere
1432 3284 1483 3347 vi·

251 3394 427 3458 debantur
442 3395 534 3457 male
550 3412 587 3455 se
602 3410 746 3473 gerere,
764 3402 798 3455 et
813 3402 908 3455 terra
928 3372 1064 3472 repleta
1083 3408 1162 3454 esse
1181 3391 1366 3472 iniquitate
1388 3391 1484 3453 vide·

251 3500 371 3564 batur.
391 3500 484 3564 Etsi
506 3516 597 3563 unus
613 3479 664 3561 'ex
683 3498 783 3563 india
806 3498 948 3563 Christo
973 3498 1240 3579 acquirebatur,
1262 3507 1414 3578 quatuor
1438 3514 1484 3560 ex

255 3606 323 3684 his,
339 3606 398 3685 qui
412 3615 586 3670 venerant
600 3624 645 3669 ex
660 3605 889 3686 Portugallia,
906 3606 1023 3685 perire
1038 3606 1266 3683 videbantur,
1282 3622 1366 3669 nam
1380 3604 1484 3667 simul

254 3722 362 3793 atque
377 3713 413 3775 in
427 3712 563 3775 Indiam
579 3713 779 3791 veniebant,
797 3728 920 3776 eorum
935 3728 1055 3775 mores
1069 3712 1344 3793 degenerabant3
1360 3720 1395 3774 et
1409 3728 1481 3774 ma·

249 3815 309 3897 jor
334 3834 456 3881 eorum
476 3835 561 3899 pars
580 3819 797 3883 moriebatur
816 3837 888 3883 non
906 3818 1062 3882 naturali
1081 3830 1205 3896 morte,
1227 3818 1289 3881 sed
1310 3820 1478 3897 violenta,

297 4133 304 4168 Ι
329 4132 397 4179 Vide
406 4144 496 4187 supra,
508 4139 526 4177 t.
537 4143 554 4187 r,
565 4144 625 4188 pag.
637 4133 684 4187 167,
695 4145 719 4177 n.
732 4134 777 4177 112.

294 4204 307 4238 ¹
333 4204 444 4249 Textum
454 4205 522 4247 hunc
534 4206 661 4258 integrum
672 4216 722 4249 non
737 4206 888 4250 invenimus.
897 4206 948 4249 Est
958 4205 1060 4260 quidem
1068 4206 1094 4250 ln
1103 4205 1240 4251 Ezechiele
1251 4208 1341 4254 xx'xvr.
1351 4218 1377 4249 v.
1387 4206 1420 4250 22
1429 4205 1483 4249 “Id-

251 4278 324 4323 circo
335 4277 404 4321 dlces
412 4276 497 4320 domni
509 4274 599 4319 Israel:
608 4274 680 4320 Haec
690 4277 753 4321 dleit
763 4276 887 4321 Dominus
894 4276 973 4321 Deus:
985 4276 1043 4321 Nou
1052 4286 1213 4332 proptervo·
1221 4289 1270 4332 ego
1279 4278 1382 4331 tacitum,
1395 4278 1485 4322 domus

253 4348 398 4399 Israel,sed
408 4354 516 4402 propter
526 4354 746 4393 nomensanctum
761 4360 853 4399 meum,
868 4350 935 4404 quod
951 4350 1079 4405 polluistis
1095 4352 1120 4394 tn
1134 4350 1263 4405 gentibus,
1279 4349 1312 4394 ad
1328 4360 1392 4405 quas
1403 4349 1485 4394 intra·

228 4428 232 4437 ·
253 4420 324 4474 ntia„
341 4419 418 4474 Apud
428 4419 568 4473 Jeremlam
579 4426 674 4469 antem,
689 4430 779 4475 xxxiv,
795 4433 820 4464 v.
833 4420 866 4464 16:
881 4420 929 4463 “Er
940 4422 1042 4465 reverti
1053 4423 1125 4475 estis,
1136 4428 1163 4466 et
1174 4422 1384 4467 commaculastis
1393 4432 1485 4465 nomen

251 4490 448 4545 meum...„-Ex
457 4492 549 4546 qulbus
558 4489 613 4534 lieri
622 4492 705 4545 potuit
713 4498 741 4535 ut
752 4492 852 4546 integer
863 4499 951 4536 textus
958 4493 1113 4549 ediceretur,
1124 4495 1167 4548 qni
1177 4494 1309 4538 Ezechieli
1317 4504 1333 4537 a
1343 4493 1424 4537 Patre
1435 4490 1484 4551 Cy·

254 4563 345 4619 priano
355 4562 424 4607 lnter
434 4562 598 4607 scribendum
610 4563 777 4608 tribueretur.

294 4635 306 4668 ⁸
332 4634 390 4681 Non
399 4634 425 4679 in
434 4634 581 4689 Prophetis,
590 4642 619 4679 ut
630 4635 742 4689 videtur,
752 4637 874 4690 leguntur
884 4637 959 4687 haee,
969 4638 1015 4681 sed
1024 4638 1157 4692 paulutum
1168 4638 1304 4682 immutata
1311 4637 1337 4681 ln
1347 4638 1413 4682 llbro
1423 4636 1486 4682 Pro·

253 4708 414 4763 verblorum,
424 4718 451 4762 rr,
463 4708 496 4752 ll:
507 4706 568 4761 “Qui
579 4708 711 4752 laetantur
721 4719 779 4753 cum
789 4708 976 4766 malefecerint,
987 4716 1014 4754 et
1024 4712 1143 4755 exultant
1152 4711 1179 4755 ln
1188 4710 1266 4754 rebus
1276 4709 1418 4765 pessimis..
