3717 5400
798 509 860 564 Au.
883 505 954 564 1555
1278 517 1283 525 ·
1436 501 1501 561 toi

254 669 328 717 non
343 653 458 716 solum
472 653 592 732 iniquo
609 653 727 716 animo
742 669 812 714 non
834 651 1011 729 ferebant,
1032 648 1095 714 sed
1115 649 1262 713 libenter
1281 648 1490 712 auscultan-

254 770 325 838 tes,
341 769 375 823 et
389 777 428 823 se
442 761 539 840 ipsos
553 759 621 840 ipsi
635 759 946 840 reprehendentes
966 756 1167 837 iuramenta
1187 773 1227 818 se
1249 756 1435 818 vitaturos
1449 754 1486 818 iu

253 875 440 946 posterum
459 867 726 947 pollicebantur.

318 973 390 1038 981.
433 973 735 1055 Interpretabatur
764 984 883 1038 autem
910 973 1144 1036 christianam
1171 972 1372 1036 doctrinam
1400 987 1491 1032 non·

252 1081 344 1144 dum
363 1081 544 1162 sacerdos
566 1079 718 1145 Michael
739 1080 933 1160 Govierno,
956 1097 1061 1162 quem
1081 1079 1297 1160 perlibenter
1317 1076 1488 1140 valentini

251 1187 302 1250 de
317 1187 386 1251 hac
401 1187 564 1251 doctrina
578 1188 811 1252 disserentem
825 1187 1028 1266 audiebant,
1045 1197 1080 1250 et
1100 1186 1239 1250 fructus
1258 1185 1342 1248 huic
1360 1200 1486 1246 eornm

252 1293 494 1358 :satisfactioni
508 1294 757 1373 respondebat,
774 1295 865 1358 sicut
879 1303 914 1357 et
929 1295 1131 1358 auditorum
1146 1307 1357 1355 concursus.

318 1397 390 1463 982.
433 1399 536 1479 Quod
550 1401 596 1464 ad
611 1401 780 1482 templum
800 1401 983 1465 materiale
1008 1401 1145 1478 attinet,
1172 1399 1249 1478 ipso
1276 1397 1360 1461 anni
1384 1396 1487 1460 initio

253 1523 349 1585 opus
363 1507 515 1571 aedificii
525 1508 692 1589 prosequi
703 1509 973 1587 constituerunt,
986 1517 1020 1572 et
1033 1507 1220 1587 diligenter
1230 1523 1380 1570 manum·
1388 1505 1489 1584 operi

254 1613 506 1694 admoverunt,
523 1625 559 1678 et
572 1617 747 1696 quaedam
761 1616 1024 1696 impedimenta,
1041 1632 1132 1697 quae
1148 1632 1168 1678 a
1184 1613 1362 1678 nonnullis
1377 1614 1488 1676 ecclc·

261 1715 413 1786 siastici's
428 1740 472 1785 ac
485 1723 662 1802 religiosis
676 1723 818 1802 fiebant,
834 1741 880 1786 ne
894 1724 1140 1786 absolveretur
1154 1729 1318 1801 coeptum
1331 1736 1422 1800 opus
1432 1737 1490 1782 ec·

252 1828 400 1907 clesiae,
417 1829 476 1910 qui
491 1829 705 1909 reipublicae
719 1829 922 1893 valentinae
936 1837 1127 1911 praeerant
1149 1826 1170 1907 ¹,
1195 1827 1359 1892 omnibus
1379 1826 1488 1888 ratio·

261 1934 363 1998 nibus
385 1935 468 1998 hinc
487 1945 521 2000 et
546 1936 628 2000 inde
649 1938 856 2017 perspectis,
878 1936 1019 2000 auferre
1039 1936 1255 2000 mandarunt
1273 1934 1486 2014 plenamque

255 2042 472 2106 aedificandi
486 2051 697 2122 potestatem
716 2043 848 2107 nostris
868 2044 1020 2122 benigne
1037 2043 1209 2106 fecerunt·
1232 2041 1276 2105 Et
1296 2042 1357 2121 qui
1376 2039 1489 2104 Colle·

255 2148 321 2227 gio
340 2157 505 2226 praeerat
524 2146 546 2228 ',
569 2149 732 2229 Pro-regi
755 2147 767 2180 ³
786 2158 910 2230 gestae
934 2151 985 2213 rei
1006 2166 1153 2213 causam
1170 2149 1352 2227 narravit,
1373 2147 1489 2228 quiin

259 2256 423 2319 omnibus
447 2273 486 2319 se
501 2268 703 2336 promptum
721 2257 910 2321 exhibebat
929 2257 976 2320 ad
994 2273 1053 2320 res
1070 2255 1259 2320 Societatis
1277 2271 1489 2335 promoven*

253 2361 339 2440 das3
356 2370 391 2424 et
404 2365 513 2426 semel
525 2373 630 2443 atque
644 2362 771 2427 iterum
786 2364 832 2427 ad
847 2372 990 2428 nostros
1005 2363 1167 2438 accessit,
1189 2371 1228 2426 ut
1248 2379 1306 2426 res
1325 2362 1488 2424 exactius

259 2467 459 2547 inspiceret,
476 2479 510 2532 et
525 2487 627 2533 suam
642 2487 763 2534 coram
779 2469 942 2534 omnibus
951 2485 1039 2549 erga
1051 2479 1193 2532 nostros
1203 2467 1489 2532 benevolentiam

253 2574 493 2654 significabat.
504 2575 561 2638 Ad
570 2577 690 2657 templi
700 2577 807 2640 etiam
818 2576 1017 2640 aedificium
1027 2593 1099 2639 non
1110 2575 1327 2639 mediocrem
1338 2574 1489 2637 eleemo-

253 2697 386 2762 synam
402 2682 479 2747 dari
491 2682 605 2764 jussit.

317 2788 388 2853 983.
431 2791 470 2855 In
481 2790 600 2855 Natali
612 2808 698 2873 ergo
709 2791 870 2872 Virginis
880 2791 1025 2870 Mariae,
1039 2801 1169 2855 octava
1176 2790 1405 2873 Septembris
1418 2790 1488 2872 pri·

258 2914 353 2960 mum
369 2896 500 2961 Missae
514 2899 729 2963 sacrificium
743 2901 780 2963 in
794 2917 889 2963 novo
905 2901 1037 2981 templo
1051 2900 1267 2963 celebratum
1281 2908 1346 2980 est,
1363 2909 1398 2963 et
1413 2898 1491 2979 ejus

258 3004 353 3067 fores
368 3014 524 3085 apertae,
546 3015 673 3070 uttam
687 3008 786 3087 viriS,
803 3024 909 3089 quam
924 3007 1130 3071 mulieribus
1144 3016 1324 3089 paterent;
1341 3024 1425 3071 nam
1441 3007 1488 3069 ad

258 3112 326 3174 hoc
341 3128 453 3193 usque
467 3124 605 3193 tempus
619 3116 708 3179 viris
728 3124 865 3178 tantum
886 3131 1053 3178 accessus
1074 3114 1120 3178 ad
1138 3123 1298 3178 nostrum
1318 3114 1486 3177 domesti-

252 3234 339 3281 cum
354 3222 524 3283 sacellum
537 3223 691 3301 patebat,
709 3222 792 3302 quia
806 3222 900 3285 intra
915 3220 1065 3301 Collegii
1080 3223 1235 3285 claustra
1250 3229 1338 3296 erat;
1357 3222 1393 3283 in
1405 3221 1485 3284 aliis

252 3336 377 3389 autem
391 3326 530 3407 templis
545 3327 750 3391 mulieribus
765 3336 991 3391 sacramenta
1006 3328 1254 3392 ministrabant
1271 3324 1293 3388 ⁴.

299 3678 307 3709 ¹
337 3677 384 3721 ie.
395 3677 497 3733 Jurati.
509 3677 575 3722 Vlde
587 3677 708 3722 Litterae
718 3678 948 3734 Quadrimestres,
957 3686 976 3723 t.
987 3690 1025 3731 111,
1036 3690 1097 3735 paz.
1106 3680 1155 3732 595,
1164 3687 1189 3723 et
1198 3678 1490 3723 SanctusFranciscus

254 3748 369 3803 Borgia,
379 3756 397 3793 t.
408 3761 424 3803 1,
435 3762 495 3805 pag.
506 3750 554 3795 739.
564 3757 651 3794 annot.
661 3750 683 3793 ³.

298 3822 309 3853 ¹
337 3822 405 3866 “Con
415 3824 440 3865 la
452 3824 521 3867 saraa
532 3823 562 3866 de
572 3830 630 3867 esta
640 3823 731 3867 miston
741 3823 851 3877 (snpra,
861 3827 880 3867 t.
891 3823 908 3867 1
912 3823 941 3874 V,
947 3831 1011 3878 pag.
1022 3824 1084 3878 342,
1095 3836 1120 3867 n.
1131 3824 1204 3879 729),
1214 3831 1259 3869 tan
1270 3824 1416 3869 ielizmente
1428 3833 1487 3866 con·

254 3893 354 3949 clulda,
365 3896 380 3937 d
390 3895 474 3949 portia
485 3895 614 3939 deseaban
625 3897 650 3939 al
662 3894 688 3937 Ρ.
703 3894 796 3939 Barma
806 3906 838 3938 en
848 3897 1042 3950 otroslugareq
1052 3908 1114 3951 pero
1125 3898 1149 3941 el
1160 3896 1187 3939 P.
1199 3896 1304 3951 Barma,
1312 3895 1442 3940 temlendo
1452 3895 1490 3937 at·

254 3976 310 4019 gun
319 3970 473 4011 menoncabo
483 3978 514 4010 en
525 3968 565 4010 las
575 3977 649 4011 cosas
660 3966 690 4011 de
701 3978 730 4011 su
743 3968 847 4020 Colerlo
857 3980 888 4011 en
900 3974 947 4012 tan
956 3970 1033 4023 larga
1047 3969 1254 4023 pereennaclon,
1264 3980 1292 4012 se
1304 3970 1420 4013 volvloa
1437 3968 1489 4011 Va·

258 4039 342 4083 lencla
352 4042 368 4082 a
378 4039 468 4083 cuidar
479 4039 520 4082 del
530 4040 654 4093 gobierno
665 4040 695 4083 de
706 4051 750 4084 ans
760 4041 876 4085 subditos
886 4054 903 4097 y
913 4041 946 4084 de
956 4041 982 4084 la
993 4042 1094 4086 lubrica
1104 4042 1135 4085 de
1145 4042 1171 4085 la
1181 4040 1277 4095 Iglesla
1287 4041 1372 4085 dando
1381 4043 1453 4086 calor
1462 4042 1488 4084 al

252 4108 358 4154 edificio
371 4123 389 4167 y
403 4110 576 4155 desbaclendo
593 4113 632 4155 los
646 4112 780 4167 nublados,
792 4124 840 4167 que
855 4120 948 4156 contra
958 4114 983 4157 el
993 4125 1020 4156 ae
1030 4113 1194 4165 levantaron,
1206 4124 1279 4157 como
1294 4126 1330 4171 γι
1344 4113 1489 4167 dlllmos...,

257 4180 381 4226 Historia
392 4195 439 4227 ms.
449 4182 482 4227 de
492 4183 520 4225 ta
530 4182 682 4237 suadacian
693 4195 712 4237 y
724 4190 869 4238 progresos
881 4185 926 4227 dei
941 4184 1044 4238 Colegio
1058 4187 1092 4228 aa
1107 4186 1135 4228 ia
1152 4185 1299 4240 Campania
1313 4186 1347 4228 de
1361 4184 1444 4240 Jesus
1453 4186 1490 4229 de

255 4253 282 4296 S.
295 4254 377 4299 Fabia
385 4256 419 4298 dc
435 4254 570 4307 Valencia,
580 4268 602 4299 c.
615 4256 646 4299 lt.
656 4254 722 4299 Vide
732 4255 855 4300 Litterae
864 4256 970 4309 Quadri
973 4260 1096 4307 mestres,
1106 4260 1153 4302 loc.
1162 4258 1216 4311 cit„
1226 4263 1314 4301 annot.
1323 4258 1346 4300 3.

296 4328 308 4359 ⁸
335 4326 495 4371 Bernardino
505 4328 536 4370 de
547 4326 679 4371 Cardenus
690 4334 716 4371 et
727 4327 854 4379 Pacbeco,
863 4328 1005 4383 blaquedae
1016 4330 1091 4374 Duci·

295 4399 309 4431 ⁴
335 4398 538 4443 Exhortationea
548 4405 635 4443 tamen
645 4400 671 4443 iu
682 4400 794 4454 quadam
804 4401 894 4444 domus
905 4402 967 4444 aula
977 4402 1011 4444 ad
1022 4404 1144 4446 mulieres
1154 4404 1326 4447 habebantur.
1335 4405 1388 4448 “....
1399 4415 1417 4459 y
1427 4414 1489 4447 ann·

257 4481 305 4523 que
316 4471 342 4514 la
351 4470 455 4523 Iglesla,
468 4482 514 4524 por
523 4482 595 4516 esrar
606 4473 636 4514 de
648 4472 756 4523 itbrlca,
767 4482 800 4515 no
810 4474 902 4516 artaba
914 4474 1022 4516 todavia
1033 4483 1094 4527 apta
1111 4485 1177 4528 para
1193 4478 1232 4519 lor
1246 4476 1405 4520 ministerlos
1418 4475 1450 4519 de
1460 4477 1488 4518 la

251 4540 406 4596 Campania,
417 4554 449 4585 no
461 4553 558 4595 pereso
568 4543 590 4585 el
600 4542 688 4585 servor
699 4542 729 4585 de
740 4548 859 4587 nuestros
872 4543 969 4588 Padres
979 4546 1017 4589 les
1027 4547 1149 4599 permitis
1159 4554 1231 4590 estat
1242 4548 1350 4602 ociosum
1359 4558 1375 4601 y
1385 4548 1426 4591 ari
1432 4547 1489 4602 jau·

252 4614 337 4657 cando
347 4616 364 4657 a
373 4616 411 4657 los
421 4614 541 4657 hombres
550 4624 582 4655 en
592 4624 642 4657 una
654 4613 755 4668 Capilla
766 4626 784 4669 y
793 4618 809 4658 a
819 4616 860 4659 las
870 4616 983 4670 mujeres
992 4628 1024 4659 en
1039 4628 1090 4661 una
1104 4620 1188 4662 ulad
1203 4628 1311 4663 manera
1325 4619 1357 4662 de
1373 4618 1489 4673 congre-

257 4685 388 4739 gacionea,
400 4688 437 4728 les
447 4686 596 4739 plarlcaban
606 4696 653 4728 con
664 4686 755 4729 mucho
767 4686 836 4729 iruto
848 4687 878 4729 de
888 4698 933 4730 sus
942 4689 1049 4742 alma„
1059 4688 1183 4733 Historia
1197 4700 1244 4735 mr.
1255 4691 1289 4735 dr
1297 4691 1488 4746 iasnrrdacian

254 4764 425 4811 yprogresas
434 4757 478 4802 det
490 4756 590 4809 Caiegia
600 4758 633 4801 de
643 4758 670 4801 la
682 4757 828 4812 Campania
839 4760 872 4802 de
879 4759 961 4813 Jesus
971 4762 1005 4805 de
1016 4760 1042 4807 S.
1054 4761 1137 4806 Patrio
1146 4764 1180 4806 aa
1196 4762 1332 4814 Valentia,
1341 4766 1390 4809 loc.
1402 4765 1447 4808 cit.
