3717 5400
347 475 401 533 174
804 474 933 535 Chaon.
954 475 1031 535 Soc.
1052 477 1123 550 Jes.

346 621 545 698 recedente,
562 619 829 700 refrigescebat.
846 621 1019 686 Effectum
1035 633 1088 685 est
1103 622 1222 702 itaque
1238 633 1275 686 ut
1291 626 1417 686 saitem
1439 640 1503 702 per
1519 624 1579 686 ali·

346 737 433 807 quot
447 743 598 804 menses,
614 728 731 789 necin
751 726 821 791 hoc
835 727 1045 792 Pontificatu
1062 737 1123 792 aut
1142 729 1311 808 Marcelli,
1329 733 1407 793 loco
1423 747 1580 793 movere-

347 845 415 913 tur,
433 834 597 913 quamvis
612 835 677 897 sub
693 833 804 897 Paulo
819 833 881 914 IV,
900 845 939 897 ut
953 834 1112 898 dicemus
1128 834 1148 913 ¹,
1164 837 1246 900 inde
1259 837 1459 900 recesserit.

405 941 477 1004 500.
521 941 761 1004 concionatus
777 951 831 1004 est
846 941 924 1022 ipso
940 941 995 1005 die
1010 941 1231 1022 Epiphaniae
1252 943 1289 1006 in
1310 945 1441 1025 templo
1456 952 1582 1008 nostro

347 1048 570 1128 perpulchre,
587 1058 622 1110 et
637 1057 829 1111 consecuta
843 1057 897 1111 est
917 1065 1050 1128 magna
1069 1049 1405 1114 communicantium
1425 1051 1581 1115 multitu-

348 1157 405 1234 do;
421 1165 456 1219 et
467 1155 661 1236 jubilaeum
679 1172 744 1235 pro
765 1154 971 1219 reductione
994 1155 1147 1236 Angliae
1169 1174 1280 1238 usque
1299 1156 1344 1219 ad
1363 1157 1453 1220 duas
1471 1159 1583 1221 horas

348 1264 464 1327 noctis
477 1272 621 1324 nostros
636 1262 876 1326 confessarios
892 1262 1083 1326 detinebat.

406 1368 478 1432 501.
522 1368 747 1432 Christianae
763 1368 947 1432 doctrinae
961 1371 1168 1434 exercitatio
1183 1372 1218 1434 in
1234 1371 1309 1434 dies
1331 1372 1523 1449 crescebat,
1541 1383 1576 1434 et

349 1485 491 1557 praeter
506 1476 661 1555 priorem
674 1475 697 1550 ²,
714 1477 826 1539 altero
837 1474 912 1555 jam
926 1477 962 1539 in
976 1479 1055 1540 loco
1071 1478 1289 1558 tradebatur;
1305 1488 1431 1542 etcum
1444 1478 1580 1542 schola-

349 1585 431 1646 stici
442 1583 489 1646 ad
499 1581 560 1644 200
570 1581 813 1660 ascenderent,
827 1600 898 1646 non
906 1601 1031 1664 parum
1041 1585 1285 1665 occupationis
1296 1587 1427 1649 nostris
1438 1586 1580 1666 praebe-

350 1693 445 1754 bant.
463 1688 660 1753 Societates
675 1691 756 1753 illae
772 1700 846 1754 tam
860 1693 1031 1770 virorum,
1048 1709 1155 1772 quam
1169 1694 1366 1770 mulierum,
1389 1691 1432 1756 de
1453 1692 1587 1771 quibus,

350 1815 444 1860 anno
459 1797 651 1876 praeterito
666 1796 761 1859 facta
776 1805 830 1860 e'st
844 1798 976 1862 mentio
992 1796 1014 1874 ³,
1028 1800 1236 1862 crescebant
1248 1815 1328 1862 cum
1343 1799 1488 1878 egregio
1500 1815 1579 1878 pro·

350 1921 493 1985 gressu,
518 1921 560 1966 ac
579 1905 770 1984 praecipue
790 1906 1024 1984 congregatio
1045 1905 1292 1980 foeminarum,
1317 1905 1352 1968 in
1374 1923 1481 1986 quam
1502 1922 1586 1970 cum

272 1995 280 2008 ⁹
352 2012 449 2074 nulla
461 2010 718 2085 admitteretur,
731 2028 822 2091 quae
832 2029 904 2074 non
916 2013 1132 2076 valediceret
1143 2014 1293 2076 vanitati
1304 2014 1418 2076 cultus
1431 2030 1474 2075 ac
1484 2029 1583 2094 prae·

354 2119 478 2181 sertim
503 2117 627 2180 abusui
651 2117 865 2197 depingendi
892 2121 1027 2182 vultum
1052 2119 1132 2182 albo
1157 2129 1191 2182 et
1219 2119 1326 2182 rubro
1355 2121 1488 2199 colore,
1515 2117 1584 2182 hac

352 2208 492 2287 ratione
513 2232 548 2286 et
570 2226 743 2304 exemplo,
770 2242 842 2287 non
864 2226 981 2288 minus
1001 2225 1092 2288 forte
1115 2242 1222 2306 quarn
1243 2225 1471 2288 concionibus
1497 2225 1589 2288 effici

354 2347 460 2410 posse
474 2330 521 2393 ad
535 2331 722 2394 mulierum
738 2330 1028 2395 reformationem
1047 2331 1245 2396 videbatur.

414 2435 486 2500 502.
529 2437 791 2501 Marchionissa
810 2438 915 2501 Vasti
934 2435 946 2467 ⁴
962 2447 1155 2518 rogaverat
1173 2439 1212 2502 P.
1234 2437 1477 2502 Salmeronem
1497 2449 1536 2500 ut
1551 2438 1589 2500 in

354 2544 467 2625 ipsius
478 2543 633 2623 gratiam
644 2544 927 2624 Quadragesima
938 2547 1110 2625 sequenti,
1120 2546 1156 2608 in
1166 2547 1297 2624 templo
1310 2545 1464 2625 quodam
1475 2545 1586 2626 ipsius

356 2651 475 2715 domui
489 2651 620 2731 vicino,
637 2651 924 2731 concionaretur3
947 2662 981 2715 et
1003 2653 1167 2734 quamvis
1180 2669 1226 2716 ex
1245 2651 1322 2715 aliis
1337 2652 1498 2716 ecclesiis
1513 2649 1588 2731 ejus

355 2778 465 2840 opera
478 2758 758 2835 desiderabatur,
771 2777 970 2840 propensus
979 2769 1056 2823 erat
1066 2761 1111 2823 ad
1120 2761 1154 2823 ei
1164 2759 1452 2823 satisfaciendum
1462 2758 1501 2822 P.
1515 2757 1586 2823 Sal·

355 2884 490 2946 merom
508 2883 591 2929 nam
607 2883 739 2945 magna
759 2867 925 2930 nobilitas
940 2868 986 2931 ad
1005 2868 1168 2930 eumdem
1186 2868 1304 2931 locum
1321 2867 1508 2930 videbatur
1531 2884 1585 2929 ac·

356 2990 514 3052 cessura,
531 2971 593 3035 sed
610 2990 692 3035 curn
706 2982 852 3053 propter
868 2972 1058 3037 adversam
1073 2974 1311 3038 valetudinem
1322 2972 1488 3037 Puteolos
1498 2972 1592 3035 Mar-v

357 3080 534 3143 chionissa
565 3080 657 3141 itura
676 3088 781 3157 esset,
806 3080 841 3141 in
857 3080 1007 3142 ecclesia
1026 3080 1223 3160 parochiali
1244 3078 1304 3144 gu
1322 3078 1479 3159 Georgii,
1500 3096 1592 3159 quae

357 3188 462 3266 longe
478 3186 645 3266 capacior
659 3195 737 3249 erat
751 3198 786 3248 et
800 3186 835 3248 in
851 3184 1049 3265 frequentia
1063 3188 1162 3250 urbis
1181 3188 1250 3250 sita
1266 3184 1289 3265 ⁵,
1311 3186 1517 3250 concionari
1532 3187 1590 3248 de·

358 3302 533 3357 creverat.

417 3398 488 3462 503.
532 3399 700 3462 Vicarius
728 3397 740 3430 ⁰
767 3400 995 3462 nihilominus
1029 3399 1298 3480 Archiepiscopi
1331 3409 1366 3463 et
1394 3400 1593 3463 Cardinalis

357 3506 522 3570 Theatini
541 3506 551 3536 ¹
572 3507 705 3569 famam
725 3517 906 3586 sparserat
920 3525 984 3586 per
1006 3508 1128 3570 urbem
1148 3508 1242 3588 quod
1258 3508 1293 3570 in
1314 3506 1517 3571 Cathedrali
1538 3524 1592 3569 ec·

358 3615 467 3678 clesia
482 3613 520 3676 P.
539 3613 724 3677 Salmeron
740 3624 833 3676 esset
849 3615 1133 3691 concionaturus,
1158 3625 1193 3677 et
1209 3614 1257 3677 ita
1273 3614 1386 3677 eidem
1401 3613 1497 3677 Patri
1518 3612 1592 3677 Sal-

400 3926 408 3957 ¹
438 3924 616 3977 intransitu.

399 3997 411 4027 ²
438 3997 509 4040 Voce
522 3998 571 4040 hac
581 3999 702 4050 priorem
712 3998 822 4051 (iocum)
832 3998 1000 4051 intelligenda
1010 3996 1114 4041 videtur
1124 3996 1235 4039 ecelesia
1245 3996 1289 4039 vel
1300 3995 1385 4049 potius
1396 3996 1519 4041 sacellum
1528 3995 1550 4039 N
1552 4006 1600 4040 ει·-

359 4068 468 4123 polliani
479 4069 599 4122 Collegii,
610 4070 635 4113 in
646 4080 696 4123 quo
706 4076 798 4123 coepta
809 4076 849 4112 est
859 4080 926 4113 anno
938 4069 1106 4125 praecedenti
1116 4067 1209 4123 exponi
1218 4067 1336 4111 doctrina
1346 4067 1498 4112 christiana.
1508 4067 1546 4111 Cf.
1555 4078 1596 4110 eu-

360 4150 417 4195 pra,
430 4147 448 4185 t.
460 4151 496 4194 ιν,
509 4152 571 4195 pag.
583 4140 630 4195 190,
641 4153 665 4184 n.
676 4140 725 4192 409,
736 4148 762 4184 et
774 4140 871 4184 cartus
880 4142 913 4183 de
924 4140 980 4184 San
991 4141 1108 4195 lgnacio,
1120 4146 1139 4183 t.
1150 4151 1175 4191 v,
1186 4150 1246 4193 pag.
1256 4139 1291 4181 57.

400 4212 412 4244 ⁸
440 4212 512 4255 Tom.
523 4224 559 4265 rv,
568 4222 631 4266 pag.
644 4213 690 4256 174.
701 4224 742 4255 nn.
754 4212 856 4255 365-368.

400 4285 413 4316 ⁴
442 4283 580 4327 Elisabeth
591 4272 723 4338 Gonzaga.
735 4283 800 4327 Vide
810 4294 899 4337 supra,
910 4291 929 4327 t.
941 4294 975 4335 iv,
986 4295 1046 4338 pag.
1055 4283 1101 4335 178,
1114 4295 1137 4326 n.
1149 4282 1200 4325 37t.

400 4354 412 4388 ⁸
441 4354 654 4399 Sermonemesse
664 4362 785 4410 putamus
796 4356 827 4397 de
842 4354 955 4397 ecclesia
969 4366 1034 4409 quae
1049 4355 1186 4398 dicebatur
1203 4351 1298 4395 “Santo
1315 4350 1421 4407 Giorgio
1432 4354 1465 4398 ad
1480 4354 1572 4407 forum;
1585 4356 1604 4395 b

361 4436 412 4469 una
423 4426 513 4470 chiesa
524 4427 590 4469 delle
601 4434 708 4479 quattro
719 4424 860 4469 Parroehie
870 4426 971 4480 grandh
987 4429 1001 4469 e
1015 4425 1115 4469 situata
1130 4425 1200 4468 nella
1215 4422 1318 4475 strada,
1336 4427 1418 4477 peria
1433 4426 1509 4479 quale
1523 4425 1547 4469 ai
1565 4435 1602 4473 va

362 4497 433 4541 daila
443 4504 522 4552 porta
531 4499 600 4541 delia
610 4497 676 4540 citra
685 4496 819 4540 chiamata
830 4496 931 4540 Nolana
940 4498 967 4540 al
978 4496 1073 4551 Seggio
1084 4498 1115 4539 de
1126 4496 1199 4549 Nido,
1211 4506 1225 4537 e
1235 4496 1278 4537 eta
1287 4504 1303 4536 a
1319 4505 1379 4539 man
1387 4497 1515 4549 sinistra,
1533 4494 1595 4539 Srrt·

362 4578 441 4621 raro,
452 4568 633 4613 Descrittione
643 4570 688 4611 dei
698 4568 790 4621 luoghi
800 4571 874 4611 sacri
883 4569 912 4611 di
922 4568 1030 4623 Napoii,
1040 4568 1082 4613 iol.
1093 4568 1117 4611 17
1127 4582 1152 4612 v.
1159 4566 1248 4609 -Vide
1259 4564 1339 4607 etiam
1350 4578 1373 4610 n.
1385 4578 1438 4623 seq.

402 4638 414 4672 ⁰
442 4641 529 4696 Scipio
542 4640 649 4691 Rebiba,
659 4639 810 4683 Motuiensis
821 4640 976 4695 Episcopus.

403 4712 414 4743 '¹
442 4712 549 4765 Joannis
561 4712 633 4755 Petri
643 4710 755 4761 cararia.
766 4710 809 4765 qui
821 4712 869 4755 hoe
881 4711 937 4766 ipso
946 4724 1012 4755 anno
1021 4712 1045 4756 ln
1056 4711 1187 4756 Summum
1197 4712 1376 4759 Pontificatum
1387 4718 1536 4768 assumptae
1547 4716 1595 4759 est.
