3717 5400
813 485 876 545 Au.
900 486 970 545 1555
1453 486 1509 547 483

340 634 427 698 1311.
472 634 519 697 111
534 642 653 695 autem
668 632 706 695 P.
723 631 938 695 Franciscus
953 629 999 693 ad
1014 630 1082 693 hoc
1097 648 1186 710 opus
1206 630 1420 711 Episcopum
1435 632 1507 694 ani·

268 752 400 820 maret,
418 740 571 803 mediam
586 748 722 819 partem
738 739 831 801 iilius
845 754 1005 801 summae
1021 734 1177 817 Collegio
1191 738 1355 816 donatae,
1372 739 1403 801 si
1417 756 1507 817 opus

276 859 380 928 esset,
408 848 532 910 obtulit
557 863 595 909 se
620 848 787 911 daturum
811 846 832 907 ¹.
857 844 939 909 Fuit
964 844 1031 908 hoc
1057 861 1145 924 opus
1170 862 1239 908 non
1265 848 1378 909 solum
1403 846 1508 909 vaide

277 959 395 1039 pium,
425 967 463 1020 ut
490 954 729 1018 conscientiae
757 953 925 1033 Episcopi
953 954 1218 1029 consuleretur,
1249 953 1308 1033 qui
1338 952 1508 1031 plurimos

277 1082 391 1129 annos
405 1064 660 1143 Episcopatum
673 1062 771 1123 illum
785 1069 949 1123 tenuerat
962 1059 985 1135 ',
1003 1060 1066 1124 sed
1080 1060 1187 1121 etiam
1203 1060 1378 1139 praeclari
1392 1077 1506 1123 exem-

274 1173 337 1253 pli;
353 1181 388 1233 et
402 1171 451 1233 ita
467 1186 635 1247 magnam
650 1166 920 1230 admirationem
935 1166 972 1229 in
986 1176 1060 1229 toto
1075 1182 1187 1245 regno
1205 1165 1410 1229 concitavit.

340 1276 427 1340 1312.
471 1274 596 1355 Coepit
609 1274 716 1336 etiam
731 1290 839 1353 agere
854 1273 898 1337 de
912 1272 1118 1353 reliquendo
1137 1271 1372 1351 Episcopatu,
1389 1272 1508 1352 aliqua

275 1384 447 1465 pensione
462 1382 529 1445 sibi
544 1390 738 1460 reservata,
755 1398 802 1443 ex
816 1398 886 1461 qua
897 1388 1167 1458 sustentaretur,
1179 1396 1263 1441 nam
1276 1379 1418 1459 pinguis
1430 1390 1509 1442 erat
1582 1380 1590 1401 '

278 1494 367 1557 satis
381 1490 531 1567 reditus,
554 1489 691 1551 scilicet
708 1487 1024 1567 trigintamiliium
1047 1486 1256 1549 ducatorum
1278 1486 1427 1566 singulis
1450 1504 1507 1550 an·

280 1600 345 1663 nis.
363 1597 507 1661 Interim
523 1606 641 1659 autem
656 1595 740 1659 dum
755 1595 843 1657 haec
859 1592 1000 1673 fiebant,
1022 1592 1224 1657 Placentiae
1247 1610 1326 1657 sese
1340 1594 1508 1674 colligere

279 1724 362 1771 cum
376 1723 441 1768 sex
455 1706 512 1766 vel
528 1714 609 1765 octo
624 1702 800 1781 theologis
819 1701 995 1779 decrevit,
1019 1710 1055 1763 ut
1075 1701 1112 1763 in
1133 1701 1277 1764 modum
1300 1702 1509 1765 monasterii

280 1829 503 1877 communem
517 1828 598 1873 cum
613 1810 699 1889 ipsis
715 1826 874 1896 mensam
889 1808 1047 1885 haberet,
1066 1824 1154 1888 quos
1169 1824 1232 1887 per
1246 1808 1369 1872 varias
1388 1817 1510 1889 partes

274 1938 366 1984 suae
381 1918 575 1993 DioecesiS,
597 1916 872 1998 praedicationis
894 1933 937 1978 ac
956 1916 1171 1979 visitationis
1193 1916 1322 1995 gratia,
1344 1917 1508 1996 mitteret,

281 2028 407 2109 paucis
420 2026 590 2089 ministris
605 2024 751 2087 retentis
766 2024 852 2086 etin
870 2024 990 2087 vicina
1005 2024 1155 2087 ecclesia
1171 2023 1193 2086 ³.

345 2134 433 2198 1313,
477 2132 568 2213 Quia
582 2143 702 2194 tamen
717 2128 882 2194 Madridii
896 2131 1013 2211 aliqua
1026 2132 1170 2210 negotia
1184 2132 1252 2210 ipsi
1267 2141 1368 2195 erant
1384 2134 1510 2196 transi·

277 2242 411 2322 geuda,
428 2241 566 2304 initium
580 2236 730 2318 alicuius
745 2238 884 2317 collegii
902 2236 1092 2301 Societatis
1112 2238 1241 2302 ibidem
1262 2239 1338 2303 fieri
1358 2242 1509 2321 postula·

280 2350 354 2429 bat;
369 2358 405 2411 et
419 2348 503 2411 dum
518 2346 588 2407 alia
602 2354 834 2425 quaereretur
856 2345 1094 2425 commodior,
1116 2364 1218 2409 suam
1240 2346 1383 2410 domum
1404 2350 1511 2411 etiam

281 2456 445 2521 Madridii
462 2453 648 2530 offerebat,
670 2461 705 2514 et
727 2451 773 2513 ad
792 2451 1050 2515 aedificandam
1071 2453 1197 2532 aliam,
1219 2470 1322 2517 suum
1341 2456 1511 2519 auxilium

281 2582 352 2627 nou
368 2561 569 2625 defuturum
585 2558 701 2639 ajebat
715 2555 738 2617 ⁴.

346 2670 434 2733 1314.
478 2668 653 2749 Quamdiu
667 2669 706 2732 P.
723 2668 937 2732 Franciscus
950 2684 1030 2731 curn
1044 2666 1221 2749 Episcopo
1233 2668 1308 2746 suit,
1322 2669 1418 2735 dedit
1432 2688 1511 2753 ope·

284 2796 362 2842 ram
376 2776 620 2842 reformationi
635 2775 820 2856 cujusdam
833 2775 1049 2854 monasterii,
1063 2775 1108 2838 ad
1120 2776 1214 2856 quod
1226 2777 1395 2841 moniales
1407 2779 1442 2842 in
1455 2780 1512 2842 de·

284 2895 379 2950 serto
395 2884 548 2966 quodam
563 2886 642 2946 loco
658 2883 857 2946 habitantes
868 2881 1065 2962 Episcopus
1077 2884 1316 2958 transtulerat,
1330 2902 1420 2965 quae
1432 2903 1514 2949 cum

279 2993 493 3056 claustrales
509 3000 637 3066 essent,
656 2990 701 3052 ad
717 2990 1003 3053 observationem
1017 2989 1192 3068 regularis
1213 2990 1363 3055 instituti
1384 2992 1513 3056 adduci

285 3117 356 3163 non
372 3107 535 3178 poterant
552 3096 574 3159 ⁶.
593 3097 668 3158 Has
686 3097 896 3177 Episcopus,
918 3097 974 3159 cui
996 3097 1156 3160 subditae
1178 3105 1290 3178 erant,
1314 3101 1514 3178 complures

284 3223 406 3269 carum
431 3207 466 3268 in
491 3221 635 3267 carcere
655 3211 828 3283 tenuerat,
851 3221 917 3266 nec
940 3212 1059 3267 tamen
1073 3203 1239 3268 edomare
1255 3215 1429 3286 potuerat.
1445 3206 1514 3270 Sed

283 3325 370 3377 tunc
391 3311 429 3375 P.
451 3312 664 3375 Franciscus
685 3312 809 3391 paucis
827 3311 896 3373 illis
918 3310 1051 3390 diebus,
1076 3329 1164 3392 quos
1186 3313 1280 3391 apud
1300 3313 1514 3394 Episcopum

325 3521 334 3553 ¹
362 3519 476 3565 Scilicet.
487 3518 608 3572 quoniam
623 3516 743 3571 Episcopi
755 3516 900 3559 debitorum
910 3516 1040 3569 solutioni,
1056 3524 1100 3560 aut
1117 3529 1204 3561 rerum
1219 3519 1313 3574 iniuste
1332 3521 1364 3563 ab
1379 3521 1435 3575 ipso
1447 3524 1488 3564 vel
1500 3533 1515 3564 a

283 3592 339 3634 suis
354 3590 506 3633 officialibus
523 3589 687 3632 detentarum
702 3587 872 3640 restitutioni,
888 3587 1069 3641 cujuscumque
1085 3587 1119 3641 pii
1138 3589 1232 3642 operis,
1248 3597 1276 3633 ut
1290 3597 1347 3634 erat
1363 3589 1515 3642 Collegium.

286 3661 415 3706 institutio
426 3669 483 3704 erat
493 3661 681 3715 posthabenda,
693 3658 824 3702 dimidiam
834 3666 937 3712 partem
945 3669 1042 3712 eorum,
1052 3670 1117 3712 quae
1126 3659 1158 3701 ad
1167 3659 1276 3715 Collegit
1285 3663 1473 3706 institutionem
1482 3667 1516 3707 ab

285 3731 414 3788 Episcopo
425 3733 521 3775 donata
531 3731 642 3781 fueraut,
654 3731 775 3773 daturum
785 3741 822 3782 se,
833 3730 855 3773 si
865 3735 1007 3784 oporteret,
1019 3729 1045 3772 P.
1056 3729 1210 3774 Franciscus
1221 3731 1318 3786 Borgia
1329 3735 1432 3778 obtulit.

326 3805 338 3836 ¹
365 3803 525 3858 'trigesimus
535 3802 634 3857 primus
641 3803 696 3856 jam
706 3813 788 3845 annus
798 3803 963 3849 excurrebat,
980 3808 1098 3855 aquota.
1110 3802 1206 3856 15241111
1222 3803 1404 3859 Episcopalem
1415 3807 1517 3851 Plasem·

285 3879 338 3921 tiae
348 3876 436 3920 sedem
448 3875 527 3918 Dnus.
540 3874 662 3918 Gutierre
674 3873 779 3927 Vargas
789 3880 815 3916 et
827 3873 953 3928 Caranal
966 3879 1098 3927 promotus
1109 3874 1203 3918 iuerat.

324 3947 337 3980 ⁸
363 3947 414 4000 Sic;
421 3948 583 4002 suspicamur
594 3953 681 3990 autem
691 3947 773 3988 verba
783 3946 871 4000 aliqua
880 3946 922 3989 hic
933 3957 949 3988 a
960 3945 1065 3988 Polauci
1078 3946 1184 3990 librario
1194 3950 1389 4001 praetermissa.

324 4021 337 4053 ὁ
363 4018 465 4062 Matriti
475 4018 609 4061 aedificari
620 4023 739 4071 coeptum
750 4017 835 4060 iuerat
846 4029 862 4060 a
870 4015 1010 4060 Francisco
1021 4017 1051 4059 de
1060 4016 1173 4070 Vargas,
1185 4019 1330 4064 Placentini
1341 4021 1463 4079 Episcopi
1475 4037 1518 4080 pa·

284 4099 335 4147 tre,
346 4098 372 4134 et
383 4092 416 4134 ab
426 4091 482 4144 ipso
492 4089 621 4144 Episcopo
632 4089 783 4142 perfectum,
796 4088 895 4142 insigne
905 4089 1039 4142 sacellum,
1049 4089 1152 4142 capitia
1163 4090 1207 4133 dei
1225 4091 1321 4146 obispo
1332 4103 1518 4149 nuncupatum.

285 4164 369 4216 Quare
381 4163 559 4206 existimamus
570 4162 611 4205 hic
624 4172 769 4204 sermonem
779 4172 795 4203 a
805 4161 917 4203 Polauco
935 4158 1030 4203 deride
1043 4161 1116 4204 domu
1132 4162 1220 4216 aliqua
1237 4165 1326 4208 insitu
1343 4166 1462 4218 quodam.
1475 4169 1517 4222 qui

283 4235 381 4278 sacello
391 4231 503 4286 adjacet,
513 4234 574 4276 olim
584 4238 699 4284 extante,
710 4232 752 4276 ubi
764 4243 830 4275 nunc
846 4240 886 4275 est
896 4239 974 4274 vetus
989 4238 1015 4274 et
1026 4232 1134 4276 informe
1151 4233 1332 4288 desertumque
1348 4239 1483 4293 palatium,
1494 4241 1518 4282 111

281 4315 335 4358 quo
342 4304 481 4358 postremis
492 4303 531 4347 bis
542 4305 617 4346 annis
628 4303 752 4346 archivus
763 4302 880 4346 Ducstus
889 4302 921 4344 de
932 4301 1008 4357 Hijar
1019 4306 1215 4346 asservabatur.
1227 4304 1325 4349 Verum
1335 4309 1432 4352 nulium
1443 4309 1520 4365 hujus

284 4376 322 4420 111
330 4377 363 4419 ab
370 4375 470 4429 his,qui
481 4374 590 4428 collegii
598 4375 759 4418 Matritensis
767 4374 902 4418 historiam
911 4381 1010 4427 terrere,
1021 4374 1160 4428 vestigium
1169 4375 1288 4419 relietum
1297 4377 1519 4432 deprehendimus.

324 4445 336 4479 ⁸
363 4446 453 4489 Sermo
463 4454 512 4498 est,
522 4453 550 4488 ut
566 4459 598 4488 ex
608 4446 725 4500 proxime
736 4456 752 4489 a
761 4445 875 4490 Polanco
885 4444 1001 4488 dicendis
1016 4445 1124 4496 eruitur,
1140 4446 1171 4489 de
1188 4450 1346 4492 monasterio
1361 4451 1519 4506 monialium,

205 4553 215 4575 ,
282 4517 305 4561 0
324 4517 352 4562 S.
359 4516 414 4570 Fr„
425 4517 492 4572 quod
503 4523 562 4570 post
570 4528 665 4560 annum
676 4516 737 4566 1500.
746 4518 791 4560 sed
801 4522 862 4560 ante
871 4515 930 4568 two,
940 4517 966 4560 iu
974 4517 1067 4572 oppido
1078 4515 1209 4573 Jaralcejo
1218 4527 1339 4564 erexerat
1348 4520 1428 4567 Dnus.
1439 4521 1521 4568 Eran-

282 4590 369 4633 ciscus
383 4589 512 4642 Quintano
527 4588 681 4641 Villalobos,
696 4589 813 4643 quodque
828 4590 960 4633 desertum
975 4597 1023 4642 est,
1039 4601 1070 4632 ex
1086 4601 1135 4644 quo
1151 4590 1187 4634 “ei
1204 4589 1355 4635 ilustrisimo
1368 4593 1408 4640 Sr.
1424 4594 1520 4651 Obispo

288 4660 355 4703 Lnso
369 4661 492 4715 suprimio
508 4669 564 4703 esta
580 4660 742 4711 comunidad,
757 4673 775 4716 y
790 4661 937 4716 distribuyo
952 4662 992 4704 las
1008 4661 1145 4714 religiosas
1162 4669 1235 4705 entre
1251 4663 1289 4706 los
1300 4673 1442 4711 conventos
1453 4668 1483 4711 de
1495 4671 1521 4713 la

286 4733 380 4775 misma
389 4732 469 4775 orden
479 4742 511 4774 en
522 4731 637 4786 Trujillo,
647 4733 784 4776 Plasencin
795 4731 990 4788 ySerradllla.,
1000 4731 1100 4777 11111101.
1113 4733 1130 4777 1.
1142 4745 1165 4776 c.
