3717 5400
770 509 835 569 Art.
857 509 928 568 1555
1427 511 1466 570 83

237 659 461 738 accipiebant
476 657 632 721 melioris
646 658 743 721 vitae
758 659 891 722 monita
906 659 1089 722 salutaria.
1102 657 1259 738 Singulis
1274 667 1393 722 autem
1408 659 1469 722 do·

237 766 379 829 minicis
395 779 428 828 et
451 765 550 829 lestis
572 765 707 844 diebus,
724 781 796 828 non
817 774 955 829 tantum
976 765 1273 846 peregrinationis
1294 766 1373 845 piae
1388 782 1467 846 gra·

237 874 300 950 tia,
324 872 387 936 sed
408 881 445 935 ut
467 872 653 952 generales
672 871 768 935 vitae
791 870 1287 952 confessionesinstituerent,
1303 874 1403 936 multi
1426 890 1471 935 ex

237 981 368 1044 vicinis
385 980 524 1059 oppidis
540 997 582 1042 ac
598 979 802 1042 civitatibus
817 979 1019 1042 veniebant.
1036 979 1081 1043 Et
1096 979 1164 1041 hoc
1179 996 1307 1042 nomen
1322 996 1470 1058 genera·

237 1088 326 1151 lium
341 1087 614 1164 confessionum,
631 1087 730 1167 prius
752 1087 825 1149 fere
846 1085 1054 1165 inauditum,
1077 1087 1224 1160 scilicet,
1248 1085 1291 1148 de
1305 1095 1380 1148 tota
1394 1086 1470 1148 vita

239 1203 418 1270 anteacta,
436 1193 574 1256 celebre
596 1194 632 1256 in
654 1192 815 1256 Marchia
839 1195 957 1273 (quarn
979 1192 1153 1255 Picenum
1175 1193 1257 1255 olim
1279 1193 1471 1266 vocabant)

238 1318 320 1364 esse
335 1301 463 1380 coepit.
480 1299 568 1364 Cum
584 1299 676 1363 enim
698 1300 841 1380 plurimi
855 1301 1037 1379 singulare
1058 1299 1251 1363 remedium
1267 1301 1471 1363 morborum

237 1424 387 1472 suorum
402 1408 639 1488 spiritualium
654 1407 689 1470 in
711 1424 755 1470 ea
770 1408 999 1485 invenissent,
1024 1407 1085 1470 alii
1105 1408 1194 1470 alios
1209 1407 1419 1486 invitabant;
1437 1416 1472 1469 et

238 1515 304 1578 vix
319 1513 387 1577 sibi
401 1514 654 1592 satisfaciebat,
671 1514 731 1593 qui
751 1531 821 1577 non
842 1513 877 1576 id
892 1513 1082 1592 obtinebat,
1101 1523 1138 1576 ut
1161 1513 1339 1593 generalis
1361 1514 1473 1594 ipsius

238 1621 418 1685 consessio
433 1621 627 1698 audiretur;
641 1630 676 1683 et
689 1619 814 1684 deinde
830 1621 972 1700 puriore
983 1620 1080 1683 vitae
1095 1620 1232 1683 ratione
1242 1620 1279 1683 in
1290 1632 1472 1700 posterum

238 1726 320 1792 Deo
335 1727 593 1791 deserviebant.

301 1834 374 1900 204.
417 1833 497 1899 Non
512 1837 617 1915 pauci
632 1834 702 1899 viri
717 1844 750 1899 et
772 1835 949 1911 mulieres
966 1833 1177 1914 praesertim
1195 1834 1370 1914 virgines,
1393 1834 1472 1897 reli·

239 1943 309 2008 ctis
325 1943 460 2006 saeculi
474 1940 739 2019 blandimentis
757 1939 834 2004 Deo
849 1958 887 2004 se
910 1942 1187 2020 consecrabant,
1204 1941 1312 2022 etqui
1328 1941 1472 2003 acriori·

238 2051 308 2113 bus
323 2048 550 2130 poenitentiis
565 2065 709 2112 carnem
730 2065 832 2111 suam
852 2056 887 2110 et
905 2047 1050 2111 honoris
1065 2039 1230 2111 affectum
1245 2048 1468 2127 attriverant,

239 2166 324 2238 post
339 2157 432 2219 hanc
447 2156 503 2219 sui
518 2155 720 2231 victoriam,
733 2173 812 2218 eam
827 2155 1106 2218 consolationem
1122 2154 1308 2218 aDomino
1322 2154 1472 2234 accipie·

239 2265 340 2340 bant,
357 2272 396 2326 ut
412 2261 603 2342 aliquando
619 2279 699 2324 cum
720 2263 913 2341 lachrymis
934 2263 979 2324 ad
998 2261 1137 2340 gratias
1160 2259 1319 2340 agendas
1340 2261 1473 2324 nostris

239 2371 419 2448 venirent,
436 2369 531 2450 quod
545 2378 619 2433 tam
634 2369 849 2432 salutaribus
870 2367 996 2431 mediis
1016 2367 1172 2448 ipsorum
1191 2368 1272 2449 paci
1291 2378 1325 2431 et
1347 2385 1470 2431 conso-

240 2476 368 2540 lationi
379 2475 555 2556 spirituali
566 2475 838 2554 consuluissent;
855 2484 889 2538 et
901 2473 967 2538 suit
980 2473 1039 2555 qui
1050 2475 1200 2554 singulis
1211 2476 1326 2552 auniS,
1340 2475 1375 2539 in
1390 2477 1473 2539 talis

240 2581 404 2647 beneficii
434 2583 656 2661 memoriam,
687 2590 901 2662 proponeret
934 2597 1076 2644 sacram
1104 2583 1389 2645 communionem
1416 2601 1472 2646 ac·

242 2689 376 2771 cipere.

304 2797 376 2861 205.
419 2798 532 2861 Erant
546 2798 637 2862 inter
651 2799 715 2861 hos
730 2798 867 2861 nobiles
881 2798 1002 2878 aliqui,
1019 2796 1163 2861 etfama
1178 2808 1232 2860 est
1251 2798 1345 2877 quod
1361 2817 1404 2861 ne
1426 2799 1472 2861 ad

241 2905 535 2987 poenitentiarios
561 2905 703 2987 quidem
735 2906 833 2968 urbis
857 2905 992 2969 Romae
1017 2916 1090 2968 tarn
1115 2907 1213 2968 multi
1239 2907 1471 2986 poenitentes,

242 3026 389 3093 tamque
405 3013 603 3093 indigentes
618 3014 793 3093 spirituali
807 3013 993 3090 medicina,
1012 3012 1188 3076 confluere
1202 3016 1351 3076 soleant.

305 3120 377 3184 206.
420 3119 520 3185 Soliti
540 3130 641 3183 erant
655 3120 768 3183 nostri
790 3120 965 3200 hospitale
984 3120 1150 3197 invisere,
1167 3131 1202 3183 et
1217 3122 1394 3183 consolari
1416 3139 1473 3183 ae·
1564 3204 1568 3210 .

241 3238 442 3310 grotanteS,
459 3237 564 3307 atque
578 3228 707 3290 horum
722 3228 845 3290 audire
867 3226 1120 3305 consessiones
1137 3238 1170 3290 et
1188 3227 1336 3306 publicis
1351 3246 1394 3292 ac
1405 3230 1473 3308 pri·

242 3336 340 3399 vatis
359 3334 666 3398 exhortationibus
681 3352 742 3397 eos
757 3337 935 3398 animare:
953 3333 1014 3397 sed
1039 3344 1184 3414 propter
1210 3335 1472 3399 confessionum

243 3458 459 3506 concursum
487 3443 687 3521 copiosum,
718 3441 938 3505 existimavit
968 3440 1210 3518 Gubernator,
1237 3453 1378 3506 nostros
1406 3444 1473 3507 hac

242 3567 334 3613 cura
347 3548 550 3613 liberandos
565 3566 660 3627 esse,
677 3556 715 3611 ut
729 3549 781 3611 sie
802 3550 974 3611 ecclesiae
993 3551 1175 3629 copiosius
1195 3550 1416 3630 assisterent3
1439 3560 1474 3614 et

244 3674 289 3719 ea
304 3672 390 3719 cura
406 3653 619 3718 demandata
635 3664 688 3717 est
703 3664 853 3734 quatuor
868 3655 1113 3719 sacerdotibus
1128 3657 1351 3721 Lauretanis.

307 3760 378 3825 207.
421 3762 460 3826 In
475 3762 606 3842 templo
621 3761 660 3824 B.
676 3760 837 3841 Virginis
848 3762 990 3827 habitae
1005 3774 1088 3827 sunt
1101 3764 1290 3827 conciones
1301 3775 1473 3846 quotquot
1496 3768 1502 3779 ’

244 3869 317 3948 ipsi
335 3868 575 3932 Gubernatori
594 3869 694 3931 visae
715 3878 798 3932 sunt
816 3869 995 3949 expedire.
1017 3869 1105 3933 Cum
1123 3880 1241 3934 autem
1261 3870 1298 3935 P.
1319 3872 1474 3954 Jacobus

244 3974 405 4056 Laynez,
420 3984 459 4038 ut
473 3974 636 4055 superius
651 3975 803 4039 diximus
820 3974 840 4053 ¹,
857 3975 1049 4041 Lauretum
1068 3979 1240 4056 venisset,
1261 3988 1335 4041 tres
1352 3978 1474 4041 habuit

245 4081 405 4162 eJ'usdem
426 4081 684 4146 Gubernatoris
708 4093 837 4163 rogatu
857 4086 1048 4148 conciones
1071 4086 1184 4149 tribus
1209 4086 1386 4149 continuis
1405 4086 1474 4149 die·

244 4190 326 4268 buS,
342 4189 401 4270 qui
416 4205 549 4268 magna
564 4189 619 4252 sui
633 4190 778 4269 spiritus
793 4208 836 4253 ac
851 4189 1036 4255 doctrinae
1057 4191 1291 4256 admiratione
1306 4196 1474 4273 populum

245 4297 346 4360 illum
360 4304 395 4359 et
407 4296 542 4358 clerum
556 4294 673 4359 affecit
688 4306 723 4359 et
735 4296 923 4376 plurimum
936 4315 1058 4360 eorum
1072 4298 1269 4378 proiectum
1284 4302 1474 4380 promovit.

244 4402 296 4467 At
310 4400 349 4465 P.
364 4402 520 4485 Joannes
534 4400 758 4481 Laurentius
776 4420 847 4467 non
862 4404 976 4467 solum
991 4406 1026 4466 in
1042 4406 1183 4483 templo,
1205 4405 1269 4469 sed
1287 4408 1394 4470 etiarn
1416 4409 1476 4470 ali-

245 4509 284 4573 bi
295 4526 376 4573 cum
388 4509 574 4588 oportebat
586 4510 877 4589 concionabatur;
893 4522 927 4575 et
944 4510 1073 4574 iratres
1088 4513 1199 4576 nostri
1212 4523 1287 4576 turn
1298 4512 1334 4575 in
1347 4516 1475 4594 platea,

291 4749 300 4782 ¹
330 4748 435 4804 Pauor,
446 4760 473 4794 n.
490 4748 529 4793 tau
