3717 5400
345 489 403 549 266
806 489 933 549 Cnxou.
954 489 1031 547 Soc.
1051 489 1121 560 Jus.

345 635 500 698 nesciret
509 633 592 714 quid
600 634 743 697 diceret.
754 633 855 696 Alter
866 634 973 698 etiam
981 633 1158 696 fatebatur
1169 641 1291 696 nostro
1300 631 1412 712 Jonae
1422 631 1576 696 Adlero¹

345 742 554 822 scrupulum
568 740 634 804 sibi
648 741 684 804 in
700 740 918 804 conscientia
934 740 1119 819 reliquisse
1134 739 1171 802 P.
1189 739 1371 816 Natalem;
1388 738 1451 801 sed
1470 739 1577 803 obsti·

347 848 423 911 nati
438 847 580 910 omnino
596 857 631 910 et
645 847 828 910 obcaecati
843 847 879 908 in
894 846 969 909 suis
983 847 1168 909 erroribus
1180 854 1293 908 erant.
1315 900 1318 905 Α

407 953 479 1018 739.
522 952 735 1033 Alloquutus
756 961 809 1015 est
830 951 1053 1015 familiariter
1070 951 1148 1015 Rex
1167 951 1410 1016 Romanorum
1433 951 1577 1015 Patrem

350 1061 512 1125 Natalem
535 1061 577 1124 de
598 1060 804 1124 fundatione
829 1059 979 1139 Collegii
1003 1059 1194 1138 Pragensis
1222 1070 1257 1122 et
1280 1059 1514 1137 habitatione;
1541 1069 1577 1121 et

343 1177 432 1232 tunc
447 1167 596 1230 Romam
612 1167 765 1246 scripsit,
779 1177 816 1228 ut
832 1167 996 1246 superius
1007 1167 1162 1230 diximus
1178 1164 1200 1244 ¹;
1215 1177 1249 1228 et
1260 1176 1406 1244 gratum
1420 1165 1486 1228 sibi
1500 1165 1577 1228 fore

349 1274 425 1337 Rex
441 1273 655 1354 significavit
666 1275 696 1335 si
710 1273 870 1336 Viennae
882 1283 916 1336 et
928 1274 965 1336 in
976 1274 1170 1337 Germania
1184 1272 1392 1353 aliquandiu
1406 1271 1499 1335 idem
1513 1271 1576 1335 Pa-

344 1391 401 1446 ter
422 1390 590 1445 maneret.

406 1488 477 1551 740.
521 1487 610 1551 Tota
626 1497 744 1552 autem
759 1487 983 1552 hebdomada
996 1497 1122 1550 sancta
1141 1497 1175 1550 et
1203 1487 1316 1567 primo
1338 1488 1395 1551 die
1416 1486 1577 1550 Paschae

348 1597 382 1658 in
410 1596 690 1660 confessionibus
715 1597 780 1659 fuit
803 1605 1009 1674 occupatus:
1029 1593 1191 1658 Nuncius
1215 1595 1456 1674 Apostolicus,
1483 1594 1578 1656 inter

345 1704 449 1781 alioS,
467 1703 581 1766 eidem
596 1702 780 1766 confessus
794 1711 847 1764 est
863 1711 898 1764 et
917 1701 963 1764 D·
979 1701 1156 1764 Martinus
1175 1701 1219 1764 de
1232 1701 1413 1780 -Guzman,
1429 1701 1488 1780 qui
1506 1703 1576 1782 pri·

349 1827 426 1873 mas
444 1810 538 1890 apud
552 1809 687 1887 Regem
701 1807 944 1872 Romanorum
959 1808 1102 1871 tenebat
1115 1825 1122 1886 ;
1139 1820 1173 1870 et
1185 1808 1283 1871 illum
1294 1807 1400 1870 valde
1411 1807 1576 1871 affectum

344 1933 434 1996 erga
450 1915 662 1980 Societatem
677 1915 818 1994 reliquit
832 1913 854 1993 ³,
872 1924 906 1978 et
921 1915 1012 1978 alios
1026 1917 1156 1978 multos
1171 1913 1329 1978 ‘nobiles
1344 1913 1389 1977 ex
1400 1916 1500 1978 curia
1511 1913 1577 1977 Re·

346 2026 414 2103 gis.
431 2023 510 2103 Ipse
525 2033 643 2086 autem
657 2022 816 2086 Nuncius
831 2025 921 2085 miro
937 2021 1066 2085 affeetu
1086 2022 1313 2085 vocationem
1335 2031 1495 2085 nostram
1516 2039 1576 2084 ex·

350 2131 509 2208 tollebat,
530 2147 597 2193 nec
621 2147 697 2193 esse
718 2131 906 2210 quicquam
926 2129 963 2192 in
983 2130 1050 2192 hac
1071 2129 1146 2192 vita
1168 2128 1358 2208 optabilius
1378 2127 1575 2191 affirmabat

349 2255 457 2318 quam
472 2255 536 2317 pro
552 2238 752 2300 animarum
767 2237 879 2298 salute
899 2253 963 2315 per
982 2236 1102 2298 orbem
1123 2236 1333 2313 discurrere,
1350 2236 1578 2315 quemadmo-

346 2345 433 2408 dum
458 2342 617 2407 Societas
641 2343 814 2420 faciebat,
841 2353 876 2404 et
900 2342 931 2404 si
956 2342 1096 2422 ipsimet
1115 2359 1178 2421 per
1196 2342 1349 2421 gradum
1368 2351 1402 2405 et
1424 2342 1576 2406 officium

345 2468 451 2514 suum
468 2467 540 2512 non
554 2450 711 2512 licuisset
727 2447 895 2512 Societati
910 2459 1055 2512 nostrae
1070 2466 1109 2511 se
1124 2447 1328 2528 adjungere,
1341 2448 1434 2528 quod
1448 2450 1574 2512 saltem

345 2556 425 2637 ejns
439 2557 586 2620 consilio
601 2557 752 2620 similem
767 2555 898 2618 nostris
913 2556 1026 2617 vitam
1042 2558 1148 2618 vellet
1163 2573 1283 2635 agere.

407 2663 477 2727 741.
522 2663 575 2727 De
591 2662 836 2743 Oenipontano
852 2661 1011 2742 Collegio
1026 2661 1243 2742 significavit
1254 2662 1331 2725 Rex
1345 2661 1442 2726 Patri
1457 2661 1578 2726 Natali

350 2771 444 2851 quod
461 2770 553 2833 infra
573 2771 753 2833 biennium
772 2770 859 2831 nihil
881 2769 1031 2832 tractari
1052 2779 1203 2850 poterat,
1228 2770 1309 2849 quia
1331 2768 1492 2832 aedificio
1514 2786 1575 2832 va·

345 2877 501 2940 candum
516 2889 605 2955 erat3
621 2878 683 2939 sed
699 2894 763 2940 suo
778 2887 936 2955 tempore
951 2877 1011 2954 agi
1026 2894 1069 2937 ea
1084 2877 1127 2939 de
1142 2893 1181 2939 re
1196 2886 1371 2956 oportere.

406 2982 477 3045 742.
522 2984 607 3047 Erat
621 2984 751 3046 ibidem
767 2982 810 3045 D.
827 2982 954 3045 Petrus
969 2983 1013 3044 de
1027 2982 1166 3060 Zarate,
1184 2983 1244 3062 qui
1258 2984 1402 3063 negotia
1417 3000 1482 3045 sua
1494 3000 1576 3046 cum

345 3090 445 3169 Rege
460 3089 701 3153 Romanorum
717 3106 761 3151 ex
777 3088 952 3151 sententia
965 3086 1128 3167 confecia
1144 3106 1227 3152 nam
1240 3088 1482 3151 Romanorum
1496 3089 1576 3152 Rex

351 3196 480 3260 Nuntio
497 3196 703 3275 Apostolico
723 3196 825 3274 dixit,
848 3198 1048 3286 (postquam
1065 3212 1145 3257 eum
1166 3195 1302 3258 audivit
1323 3196 1391 3257 hoc
1410 3196 1454 3257 de
1469 3212 1576 3275 nego·

347 3305 397 3367 tio
412 3303 625 3382 loquentem)
640 3319 679 3365 se
695 3302 842 3365 libenter
857 3304 1103 3381 amplexurum
1118 3301 1211 3364 hauc
1231 3301 1574 3379 confraternitatem,

343 3411 405 3473 cui
430 3426 559 3473 nornen
585 3425 687 3472 suum
711 3410 818 3471 etiam
843 3408 1070 3487 subscripsit,
1098 3408 1191 3487 quod
1217 3418 1251 3470 et
1274 3408 1539 3488 Herbipolensis
1564 3406 1577 3438 ⁸

346 3517 543 3597 Episcopus
559 3526 592 3579 et
609 3514 889 3594 salisburgensis
904 3512 915 3545 ⁰
930 3514 1013 3577 fecit
1029 3514 1050 3576 ².
1064 3514 1107 3577 Et
1118 3517 1202 3594 quia
1215 3514 1412 3596 Episcopus
1423 3516 1578 3594 Vegien-

349 3694 560 3704 ———--

388 3794 394 3825 ¹
425 3792 450 3836 Is
461 3792 619 3836 Societatem
629 3804 695 3835 anno
709 3792 759 3835 1553
769 3793 901 3845 ingressus
916 3791 992 3841 (Vide
1004 3803 1091 3845 supra,
1107 3800 1125 3835 t.
1142 3803 1177 3843 ιιι,
1193 3803 1254 3845 pag.
1268 3794 1316 3842 239,
1327 3806 1351 3835 n.
1361 3794 1422 3844 536),
1436 3804 1575 3849 postquam

346 3876 455 3920 operam
465 3876 547 3915 suam.
559 3865 733 3908 concionando
744 3864 909 3918 praeserrlm
921 3870 1027 3907 strenue
1036 3865 1156 3914 navavit,
1166 3876 1183 3907 a
1192 3864 1323 3907 Scelerate
1334 3867 1439 3909 tandem
1450 3878 1517 3909 anno
1526 3866 1580 3910 15⁶2

346 3938 451 3983 defecit.
464 3938 535 3980 Mira
547 3937 606 3991 ejus
610 3937 675 3991 faio
687 3944 780 3980 narrat
793 3936 981 3988 Rsrereuasno,
993 3936 1133 3979 Historiae
1143 3936 1292 3979 Riterranae
1304 3937 1328 3979 S.
1340 3938 1362 3989 J.
1374 3939 1417 3981 lib.
1429 3950 1464 3991 ιν,
1475 3950 1532 3993 cap.
1541 3950 1578 3983 rr.

348 4010 414 4054 Vlde
425 4011 504 4053 etium
516 4008 630 4062 Haustus,
642 4007 805 4052 Rheinische
816 4009 911 4059 Aleten,
921 4009 1078 4062 praesertim
1088 4021 1149 4063 pag.
1159 4009 1207 4051 «102.

388 4082 399 4113 ⁸
427 4081 489 4134 Peg.
501 4080 584 4134 253,n.
595 4080 645 4123 712.

387 4152 399 4185 ὃ
426 4152 451 4195 Is
461 4152 587 4195 Manibus
597 4152 627 4195 de
639 4150 761 4201 Guzman.
774 4150 931 4194 Ferdinsndl
942 4150 952 4192 l
964 4151 1132 4202 camerarius,
1143 4162 1189 4193 seu
1199 4152 1382 4204 cubicularius,
1392 4160 1509 4197 secretus
1519 4160 1578 4198 erst

346 4232 374 4267 et
384 4224 460 4279 Regii
471 4224 654 4268 valetudinarii
667 4222 820 4267 Viennensis
829 4222 1011 4276 (Naubospital
1021 4223 1068 4265 der
1078 4222 1113 4264 hl.
1126 4222 1351 4277 Barmberzigkelt
1362 4237 1393 4268 zu
1404 4224 1491 4277 Wicn)
1501 4226 1581 4270 admi·

347 4296 483 4339 nistrator.
495 4295 560 4339 Vide
572 4295 784 4345 Bauuusssrtora,
796 4296 813 4337 l.
823 4304 854 4346 c.,
865 4305 924 4347 pag.
935 4293 976 4336 427
986 4300 1013 4337 et
1022 4294 1074 4336 tta.

388 4368 400 4401 ὅ
426 4368 481 4417 Ms..
491 4367 517 4411 in
527 4378 576 4421 quo
587 4367 618 4411 ad
630 4367 740 4419 paginae
750 4376 823 4409 oram
833 4366 907 4415 baec,
918 4366 951 4409 ad
963 4368 1044 4409 verba
1054 4376 1133 4419 usque
1144 4365 1225 4408 veliti
1233 4376 1323 4418 agere,
1331 4378 1346 4410 s
1354 4367 1458 4411 Polaucl
1469 4368 1597 4412 librarlo'
1612 4366 1618 4371 “

347 4438 516 4491 superaddita
527 4444 594 4489 suut,
606 4440 684 4481 babet
695 4444 721 4481 et
732 4438 782 4479 aiii
793 4437 880 4480 multi.

389 4511 400 4543 ⁵
427 4510 550 4553 Melcbior
561 4510 591 4552 de
603 4510 689 4553 Zobel.

388 4578 401 4611 ⁶
428 4581 477 4635 Sic;
487 4588 545 4624 erat
556 4580 577 4624 ls
588 4580 698 4625 Michael
708 4592 724 4623 a
736 4568 883 4633 Kuenburg.

389 4655 398 4684 ⁷
427 4653 515 4697 Verba
525 4654 590 4696 baec
601 4654 669 4705 quod
680 4655 705 4696 ei
716 4653 920 4706 Herbipolensis
933 4651 1081 4706 Episcopus
1090 4655 1116 4695 ei
1127 4653 1346 4704 salisburgensis
1355 4652 1422 4704 fecii
1433 4663 1511 4697 manu
1523 4664 1582 4706 pro·

347 4726 406 4779 pria
418 4726 441 4768 in
450 4736 497 4769 ora
507 4725 617 4779 paglnae
629 4724 733 4778 scripsit
750 4724 885 4767 Poluncus.
