3717 5400
807 484 871 544 Aa.
894 486 964 546 1555
1446 489 1499 547 511

331 630 419 695 1392.
463 630 687 694 Exercebant
703 649 741 694 se
755 632 790 694 in
804 632 1046 712 spiritualibus
1060 632 1376 697 exercitationibus
1390 635 1502 714 aliqui

264 739 304 801 in
316 738 403 819 ipsis
414 738 535 816 initiis,
545 738 637 801 inter
649 754 738 819 quos
750 756 841 802 unus
852 737 918 803 suit
929 738 1073 803 natione
1084 740 1267 820 cantaber,
1278 739 1431 821 juvenis,
1441 742 1502 823 qui

266 848 305 909 in
320 844 536 909 Societatem
550 844 728 908 admissus
748 854 802 909 est
821 854 856 909 et
876 844 1080 911 Cordubam
1099 847 1309 911 destinatus.
1329 848 1502 912 Excultus

157 1002 161 1009 .
267 961 325 1015 est
341 950 473 1015 eisdem
489 951 679 1015 Exercitiis
699 951 977 1034 christophorus
998 952 1170 1033 Sanchez,
1193 955 1363 1020 sacerdos
1384 966 1419 1019 et
1438 956 1503 1019 Pa·

271 1059 338 1122 tris
352 1057 434 1122 83³²
453 1056 578 1122 Crucis
591 1057 704 1121 irater
720 1055 740 1137 ¹,
758 1058 818 1139 qui
831 1059 986 1122 mediam
1000 1070 1140 1140 partem
1154 1061 1347 1125 dotationis
1360 1064 1503 1144 collegii

268 1166 418 1230 dederat
443 1162 632 1242 Societati;
662 1174 697 1229 et
724 1165 803 1230 ideo
827 1164 1043 1230 Societatem
1067 1167 1208 1247 ingredi
1231 1185 1305 1232 non
1329 1170 1502 1250 decrevit,

266 1272 366 1354 quod
381 1280 528 1353 propter
541 1272 758 1337 valetudinis
772 1272 949 1337 desectum
960 1274 1119 1337 inutilem
1130 1292 1169 1338 se
1180 1276 1256 1339 sore
1269 1277 1502 1341 existimaret.

270 1378 323 1444 Ne
340 1388 458 1443 autem
473 1380 570 1442 solus
585 1388 679 1443 esset
693 1380 862 1443 sacerdos
878 1379 916 1442 P.
932 1380 1130 1461 Navarrus,
1152 1382 1282 1446 missus
1302 1394 1357 1447 est
1376 1383 1505 1465 Hispa·

271 1487 332 1551 lim
353 1486 555 1565 Marcellus,
582 1485 657 1567 eius
679 1486 800 1550 socius
821 1485 844 1563 ³,
868 1496 906 1550 ut
926 1488 1056 1551 ibidem
1077 1488 1123 1551 ad
1143 1489 1285 1553 ordines
1305 1500 1502 1571 promotuS,

268 1594 402 1658 rediret
418 1593 464 1658 ad
478 1591 619 1657 Patrem
636 1592 839 1657 Navarrum
855 1592 1066 1674 juvandum.
1083 1594 1235 1674 Quidam
1252 1596 1361 1661 etiam
1382 1616 1428 1662 ex
1447 1616 1504 1662 ca·

273 1701 423 1780 pellanis
451 1700 561 1781 regiis
588 1700 721 1763 eisdem
750 1699 1037 1765 meditationibus
1066 1703 1297 1782 exercitatus,
1328 1722 1371 1768 ac
1400 1706 1505 1769 valde

268 1807 475 1889 proficiens
494 1808 665 1887 optimum
680 1824 766 1871 suae
781 1809 925 1872 virtutis
941 1810 1087 1873 odorem
1099 1809 1135 1873 in
1147 1828 1190 1873 ea
1202 1811 1348 1875 civitate
1359 1814 1502 1893 sparsit.

336 1913 424 1977 1393.
468 1912 507 1976 In
527 1914 681 1994 quodam
701 1916 919 1979 monasterio
942 1914 1004 1979 S.ti
1022 1916 1233 1997 Hieronymi
1258 1918 1402 1997 quidam
1428 1922 1505 1983 reli·

272 2021 409 2101 giosuS,
425 2020 536 2084 irater
549 2020 765 2084 Franciscus
780 2022 824 2085 de
838 2020 955 2086 Baeza
970 2020 1147 2100 'nomine
1164 2024 1266 2087 Prior
1277 2022 1353 2104 eJ‘us
1365 2026 1504 2104 domus,

268 2138 308 2193 et
323 2130 358 2193 in
374 2144 505 2207 magna
520 2129 751 2192 veneratione
766 2140 911 2209 propter
926 2129 1152 2194 sanctitatem
1171 2132 1326 2211 habitus,
1350 2132 1507 2213 Societa-

272 2250 346 2301 tem
372 2234 542 2315 diligebat
566 2252 796 2317 magnopere,
818 2245 852 2300 et
874 2236 1054 2301 Exercitia
1075 2238 1272 2318 spiritualia
1293 2240 1428 2321 scripta
1448 2260 1506 2321 pe·

270 2361 338 2407 nes
353 2361 391 2407 se
408 2342 573 2421 habebat,
591 2351 626 2406 et
639 2342 865 2421 significabat
880 2345 1034 2424 aliquem
1058 2344 1197 2423 ducem,
1223 2354 1261 2409 ut
1280 2347 1317 2410 in
1336 2346 1388 2410 eis
1408 2364 1507 2411 exer-

273 2460 428 2530 ceretur,
445 2466 484 2513 se
499 2458 638 2530 optare;
656 2449 718 2513 sed
732 2462 880 2533 propter
895 2451 1149 2533 occupationes
1163 2455 1294 2517 multas
1310 2453 1348 2517 P.
1370 2452 1509 2518 Navar·
1573 2463 1577 2469 '

271 2574 336 2621 rus
350 2556 385 2620 id
400 2555 547 2620 distulit.

340 2664 428 2728 1394.
472 2664 554 2729 Fuit
569 2675 688 2730 autem
703 2665 853 2746 insignis
868 2665 1017 2730 mutatio
1031 2674 1066 2730 et
1080 2683 1234 2748 magnae
1250 2666 1508 2733 aedificationis

273 2770 461 2852 cujusdam
483 2772 637 2854 juveniS,
664 2773 724 2854 qui
748 2775 844 2836 nulla
870 2775 1008 2837 ratione
1033 2774 1194 2839 edomari
1214 2784 1367 2856 poterat,
1390 2784 1425 2839 et
1446 2777 1508 2840 ali·

276 2881 420 2960 quando
435 2880 607 2944 ducentos
621 2889 656 2944 et
675 2889 854 2944 trecentos
873 2897 1001 2944 aureos
1025 2899 1046 2944 a
1065 2891 1168 2962 patre
1186 2899 1251 2946 suo
1272 2883 1394 2947 furtim
1414 2884 1507 2948 acci·

275 2986 405 3068 pichot,
422 3005 465 3050 ac
481 2987 622 3050 demum
638 2988 673 3050 in
689 2987 868 3068 publicum
882 3004 1078 3067 carcerem,
1095 2998 1197 3069 patre
1216 2998 1370 3070 petente,
1391 2989 1509 3056 fuerat

271 3093 467 3174 conjectus,
485 3093 545 3175 qui
559 3095 727 3175 privatim
743 3093 971 3175 compedibus
990 3094 1116 3158 ferreis
1138 3113 1218 3159 eum
1241 3097 1336 3160 domi
1356 3098 1509 3161 retinue-

276 3210 344 3280 rat;
361 3201 424 3264 sed
440 3200 559 3264 omnia
575 3201 818 3280 abrumpebat.
836 3199 924 3264 Cum
939 3217 1028 3280 ergo
1043 3210 1137 3265 esset
1151 3204 1188 3266 in
1208 3221 1366 3284 carcere,
1386 3204 1509 3268 invisit

274 3325 358 3372 eum
373 3306 411 3370 P.
428 3307 614 3372 Navarrus
628 3309 672 3371 ab
688 3308 767 3371 aliis
782 3317 941 3388 rogatus,
958 3317 993 3370 et
1013 3317 1226 3389 praetexens
1248 3309 1509 3375 confessionem

275 3414 323 3478 ab
338 3415 414 3495 ipso
428 3413 629 3478 faciendam
644 3414 842 3494 diligenter,
859 3413 1003 3478 domum
1023 3424 1185 3479 nostram
1206 3433 1326 3480 secum
1349 3435 1430 3480 eum
1450 3417 1509 3480 ad·

281 3523 392 3600 duxit,
410 3530 446 3585 et
459 3521 657 3601 spiritualia
672 3520 853 3585 Exercitia
868 3521 901 3584 ei
915 3520 1030 3601 dedit;
1046 3529 1082 3585 et
1097 3525 1261 3603 quamvis
1272 3542 1376 3587 nemo
1389 3526 1511 3588 crede·

279 3630 343 3693 bat
364 3647 445 3693 eum
465 3646 544 3694 esse
565 3629 770 3710 patientem,
790 3630 849 3692 vel
866 3629 1103 3709 paucissimos
1125 3631 1200 3694 dies
1221 3633 1509 3712 immansurum,

276 3737 433 3800 absolvit
447 3746 566 3801 tamen
581 3735 773 3814 Exercitia,
791 3736 826 3799 in
842 3735 970 3816 quibus
984 3753 1093 3817 supra
1115 3739 1262 3818 triginta
1283 3739 1360 3803 dies
1381 3758 1511 3820 expen-

275 3845 340 3922 dit;
357 3853 391 3907 ct
407 3844 459 3906 sic
473 3844 634 3924 profecit,
651 3853 690 3906 ut
705 3859 827 3906 omnes
838 3843 874 3906 in
885 3861 1061 3908 summam
1072 3842 1344 3910 admirationem
1357 3846 1511 3910 adduxe·

277 3951 338 4028 rit3
357 3960 392 4015 et
407 3951 547 4031 quietus
558 3951 677 4014 animo
690 3949 892 4015 Cordubam
904 3951 1011 4014 studii
1021 3953 1140 4031 gratia
1153 3970 1173 4015 a
1185 3964 1287 4034 patre
1299 3957 1428 4019 missus
1440 3965 1508 4018 est.

275 4057 320 4122 Et
348 4059 412 4121 vix
440 4058 486 4120 ad
514 4056 617 4137 hujus
643 4055 784 4137 juvenis
813 4058 964 4121 salutem
993 4060 1064 4122 alia
1092 4060 1184 4124 ratio
1212 4060 1400 4125 videbatur
1428 4060 1511 4124 iniri

275 4183 394 4246 posse.

317 4370 325 4402 ¹
354 4370 422 4414 Vide
432 4381 521 4425 supra,
534 4381 594 4425 pag.
605 4370 653 4419 506.
664 4381 687 4414 n.
700 4369 761 4413 1382.

316 4441 327 4473 ¹
354 4440 421 4485 Vide
432 4453 520 4496 supra,
529 4453 590 4497 pag.
602 4441 651 4496 508,
662 4454 685 4486 n.
698 4443 757 4486 1386.

316 4512 328 4546 ⁸
355 4513 439 4558 Probe
454 4513 496 4558 hle
518 4514 714 4568 distinguendus
733 4516 838 4561 videtur
854 4527 868 4560 a
884 4517 915 4562 fr.
932 4515 1074 4561 Francleco
1089 4517 1120 4560 de
1136 4516 1230 4573 Baeza,
1246 4517 1275 4562 B.
1292 4518 1400 4571 Joannls
1415 4519 1513 4564 Avllae

273 4583 410 4640 dleclpulo,
422 4586 464 4640 qul
474 4585 579 4629 tandem
590 4585 736 4631 nonSanctl
749 4586 899 4642 Hieronymi
910 4589 955 4633 sed
971 4587 1171 4632 Carmelltarum
1186 4589 1308 4633 Ordinem
1322 4589 1456 4644 ingressus
1471 4599 1513 4635 est

276 4661 304 4698 et
315 4665 471 4710 magnopere
484 4656 636 4700 illustravit.
646 4656 713 4700 Vide
725 4657 823 4714 Mulloz,
838 4658 904 4704 Vidn
913 4671 932 4714 y
943 4659 1069 4704 virtudes
1083 4659 1127 4703 del
1143 4659 1169 4704 V.
1181 4659 1217 4704 M.
1227 4659 1302 4716 Juun
1317 4661 1350 4704 de
1365 4659 1455 4710 Avila,
1464 4670 1483 4706 t.
1495 4673 1514 4716 r,

274 4738 335 4783 eap-
345 4727 382 4774 21.
