3717 5400
329 481 384 542 270
786 483 912 543 Canon.
934 483 1012 544 Soc.
1031 487 1102 558 Jns.

333 647 417 692 nam
432 646 543 708 usque
559 630 673 710 ipsum
690 628 853 692 deferret.
866 628 956 693 Tam
969 630 1058 693 bene
1068 630 1112 693 de
1123 630 1301 694 Societate
1311 631 1484 694 sentiebat
1497 631 1563 695 hic

332 735 543 816 EpiscopuS,
559 746 596 798 ut
612 737 646 798 in
660 736 799 800 afflictis
809 746 845 800 et
856 755 946 818 pene
957 737 1153 818 desperatis
1164 736 1378 801 Germaniae
1389 739 1495 800 rebus
1506 755 1562 802 re«

335 842 489 906 medium
511 845 683 923 optinum
708 844 952 918 arbitraretur,
977 843 1007 906 si
1032 842 1198 908 Summus
1222 843 1384 907 Pontiiex
1407 844 1564 924 singulis.

331 949 520 1030 Episcopis
534 948 746 1012 Germaniae
762 950 851 1012 duos
865 949 908 1012 de
923 948 1100 1013 Societate
1114 951 1281 1028 mitteret,
1304 967 1456 1030 quorum
1475 967 1555 1015 con·

331 1057 411 1120 silio
427 1065 461 1120 et
476 1056 607 1120 auxilio
623 1073 707 1119 suas
721 1057 892 1120 ecclesias
910 1058 1160 1137 gubernarent.
1183 1056 1402 1137 Deplorabat
1422 1059 1480 1121 ille
1500 1060 1561 1122 sui

332 1163 570 1244 Episcopatus
584 1163 749 1227 miseram
766 1165 1014 1242 conditionem,
1030 1181 1111 1228 cum
1130 1164 1297 1244 parochis
1317 1174 1352 1228 et
1372 1164 1556 1244 praedica·

337 1271 472 1334 toribus
498 1271 688 1333 haereticis
711 1273 769 1332 vel
797 1271 936 1351 publice
963 1272 1225 1334 concubinariis
1252 1279 1314 1334 aut
1340 1271 1559 1351 coniugatis.

336 1395 426 1458 quos
441 1378 679 1454 substitueret,
696 1379 812 1440 nullos
827 1378 989 1455 haberet;
1005 1387 1039 1440 et
1054 1387 1311 1442 contentum-se
1329 1379 1562 1460 quodammo-

335 1485 381 1548 do
396 1486 432 1547 in
447 1487 611 1548 examine
626 1483 828 1564 hujusmodi
842 1486 1023 1548 hominum
1040 1483 1195 1565 [aiebat],
1212 1485 1243 1548 si
1256 1489 1461 1565 germanice
1471 1488 1562 1550 scie-

334 1592 431 1670 bant,
449 1609 490 1656 ac
506 1591 652 1655 Missam
667 1593 814 1655 latinam
829 1593 994 1656 dicebant
1008 1593 1029 1654 ¹.
1046 1592 1194 1656 intanta
1206 1601 1322 1656 autern
1335 1594 1556 1658 multitudiue

333 1697 533 1777 hujusmodi
549 1699 781 1763 sectariorum
796 1709 831 1762 et
846 1700 1026 1779 paucitate
1040 1709 1254 1777 nostrorum,
1275 1700 1335 1779 qui
1354 1702 1388 1762 in
1409 1700 1554 1765 Germa·

333 1808 391 1870 nia
408 1806 655 1884 versabantur,
672 1807 800 1868 mirum
822 1815 1041 1885 quantopere
1062 1804 1277 1870 Societatem
1296 1817 1455 1870 nostram
1473 1807 1554 1871 hae·

331 1913 434 1977 retici
458 1913 633 1989 timerent,
660 1931 725 1976 nec
751 1913 841 1975 alios
866 1913 1079 1976 videbantur
1104 1913 1292 1993 theologos
1319 1931 1461 1995 curare,
1490 1916 1553 1979 sed

328 2019 489 2101 jesuitaS,
505 2037 594 2101 quos
606 2019 802 2083 obstinatos
816 2020 980 2083 dicebant
993 2038 1059 2083 nec
1070 2021 1157 2100 ipsis
1167 2023 1257 2084 velle
1267 2021 1460 2102 quidquam
1472 2040 1560 2086 con·-

325 2131 463 2194 cedere.

385 2237 455 2300 750.
501 2235 673 2300 Passavia
706 2251 792 2312 ergo
823 2253 884 2315 per
919 2233 1122 2298 Danubium
1150 2233 1403 2300 descendentes
1437 2236 1551 2316 prima

330 2346 385 2409 die
411 2345 495 2408 Maii
521 2340 736 2424 [Viennam],
759 2354 795 2405 ut
812 2343 967 2406 diximus
980 2341 1002 2419 ¹,
1018 2353 1273 2421 pervenerunt,
1290 2343 1349 2405 ubi
1363 2343 1401 2405 P.
1414 2342 1551 2408 Natalis

332 2471 396 2516 suo
419 2451 625 2514 Visitatoris
647 2449 760 2512 officio
781 2449 986 2530 perfunctus
1007 2459 1071 2526 est,
1094 2458 1128 2511 et
1147 2466 1257 2529 usque
1280 2449 1325 2512 ad
1345 2449 1450 2512 finem
1468 2449 1552 2532 Julii

329 2559 510 2639 cogitabat
526 2557 686 2620 Viennae
702 2574 856 2634 manere,
875 2566 908 2618 et
923 2556 1061 2632 deinde,
1077 2556 1231 2619 visitatis
1245 2556 1367 2619 ltaliae
1379 2557 1549 2637 collegiis,

329 2667 394 2731 sub
409 2665 561 2730 medium
578 2663 819 2745 Septembrem
834 2661 984 2727 Romam
1000 2663 1126 2742 redire,
1147 2672 1182 2726 et
1200 2662 1353 2743 interim,
1376 2663 1406 2727 si
1426 2681 1494 2743 qua
1514 2663 1550 2728 in

327 2794 366 2838 re
381 2785 512 2855 posset,
529 2773 572 2835 de
587 2772 758 2851 religione
773 2771 862 2834 bene
877 2772 1017 2849 mereri,
1035 2770 1132 2851 Rege
1146 2772 1356 2850 praesertim
1377 2770 1550 2835 Romano·

328 2900 408 2945 rum
423 2881 600 2945 Viennam
617 2880 818 2943 accedente.
836 2877 904 2943 Sed
919 2896 999 2941 cum
1021 2888 1171 2941 mortem
1190 2877 1347 2941 Marcelli
1366 2877 1547 2942 Pontificis

326 2989 494 3063 audisset,
519 2998 552 3050 et
578 3005 648 3049 non
674 2997 862 3049 venturum
883 3002 961 3048 esse
980 3003 1021 3048 ea
1045 2994 1179 3048 aestate
1201 2984 1336 3064 Regem
1355 2984 1546 3048 Ferdinan·

334 3098 417 3161 dum
432 3094 454 3173 ³,
472 3095 611 3158 Vienna
628 3095 662 3157 in
678 3094 827 3171 Italiam,
844 3103 881 3154 ut
897 3093 1059 3172 superius
1074 3092 1227 3155 diximus
1241 3089 1265 3169 ⁴,
1281 3092 1455 3155 discessit.

387 3203 459 3266 751.
501 3202 690 3285 Judicabat
710 3212 827 3263 autem
848 3200 1016 3279 expedire
1037 3216 1143 3278 quam
1162 3198 1327 3275 maxime,
1350 3199 1380 3261 si
1399 3197 1438 3263 P.
1460 3198 1552 3279 Lay-

327 3328 405 3391 nez,
422 3320 547 3373 contra
561 3308 759 3371 haereticos
775 3306 984 3385 scripturuS,
1001 3307 1036 3368 in
1051 3304 1280 3369 Germaniam
1294 3306 1504 3385 mitteretur,
1516 3316 1551 3369 et

331 3420 484 3499 aliquem
509 3415 772 3497 typographum
798 3413 965 3476 idoneum
992 3413 1154 3476 Viennae
1182 3413 1305 3475 haberi
1332 3426 1454 3492 posse;
1485 3430 1550 3475 sua

330 3526 437 3589 etiam
452 3524 651 3605 praesentia
667 3530 701 3584 et
716 3520 945 3583 concionibus
960 3536 1064 3599 posse
1080 3536 1296 3599 magnopere
1312 3518 1450 3599 juvare.
1471 3517 1550 3599 lpse

330 3632 437 3696 etiam
462 3650 499 3695 se
525 3646 738 3711 propensum
767 3638 804 3690 ut
830 3636 988 3691 maneret
1008 3627 1044 3689 in
1066 3626 1269 3701 Germania,
1292 3635 1331 3688 ut
1352 3634 1550 3705 praestaret

328 3756 570 3821 quaecumque
594 3746 713 3817 posset
734 3747 809 3797 tum
828 3735 863 3797 in
889 3734 1050 3813 collegiis
1070 3732 1268 3810 SocietatiS,
1291 3742 1366 3795 turn
1387 3733 1423 3794 in
1445 3734 1552 3796 rebus

328 3847 408 3909 aliis
423 3844 640 3909 ostendebat.
657 3842 781 3905 Nullus
795 3842 888 3903 enim
903 3851 980 3902 erat
996 3840 1195 3903 catholicus
1208 3839 1244 3902 in
1263 3839 1467 3917 Germania,
1489 3840 1549 3920 qui

329 3966 453 4017 contra
469 3950 668 4015 haereticos
683 3949 864 4023 scriberet,
881 3948 940 4027 qui
955 3958 1074 4011 tamen
1095 3948 1228 4009 nullum
1246 3944 1351 4009 finem
1370 3946 1545 4011 scribendi

327 4060 504 4125 iaciebant
521 4058 564 4120 ad
580 4073 663 4118 suas
678 4056 844 4117 haereses
859 4052 1131 4116 confirmandas

331 4174 528 4183 ——··--———-·---

362 4227 371 4260 ¹
403 4226 474 4269 Haec
484 4226 538 4280 lant
548 4237 625 4278 supra
638 4226 707 4269 dicta
718 4226 797 4277 luere,
809 4230 827 4267 t.
838 4235 864 4277 ιιΙ
875 4234 935 4277 pag.
944 4223 992 4274 580,
1002 4235 1027 4266 n.
1036 4224 1085 4266 384.

358 4297 370 4329 ¹
397 4298 490 4352 Supra,
501 4308 560 4353 pag.
570 4297 618 4350 187,
628 4308 645 4340 ιι
663 4296 710 4339 585.

359 4368 371 4397 ⁸
401 4368 593 4412 “Ferdinandus
603 4368 630 4411 22
639 4366 789 4411 Decembris
802 4368 851 4411 1554
860 4366 1023 4416 Laudishnti,
1034 4366 1097 4409 24-18
1103 4365 1253 4409 Decembris
1261 4364 1397 4416 Monachli,
1407 4366 1434 4409 29
1443 4365 1549 4410 Decem·

326 4440 381 4484 bria
392 4440 442 4483 1554
454 4439 487 4483 ud
499 4440 523 4482 19
533 4440 645 4493 Augusti
657 4440 708 4483 1555
719 4439 854 4493 Augustae
865 4438 1057 4482 Vindelicornm
1069 4438 1125 4488 luit,
1135 4438 1177 4480 ubi
1188 4436 1347 4481 bFebruarll
1358 4437 1549 4491 comitialmpe·

322 4510 354 4555 rii
366 4511 475 4565 aperuit.
485 4510 521 4554 Eo
530 4512 608 4555 etiam
618 4512 739 4555 hibertus
747 4510 770 4553 V
779 4510 909 4554 Bavarlae
918 4508 976 4553 Dur
985 4517 1093 4554 venerat
1102 4509 1210 4562 (Stdlin,
1218 4509 1441 4552 Anienrhaltsorte
1449 4508 1480 4552 K.
1488 4507 1550 4553 Fer·

323 4582 432 4626 dinauds
443 4580 462 4635 1,
479 4582 601 4635 1521-1554,
612 4582 636 4624 in
649 4580 833 4635 Forschungen
849 4593 894 4624 zur
904 4582 1044 4625 deutschen
1055 4580 1212 4624 Geschichte
1228 4580 1238 4624 l
1252 4580 1412 4634 (Gottingen,
1429 4579 1549 4634 illumit-

324 4654 373 4707 595,
385 4664 445 4709 pag.
456 4652 503 4707 195,
512 4654 625 4708 Jansen,
637 4656 651 4696 l.
663 4665 684 4697 c.
696 4664 733 4709 ιιι,
744 4654 815 4707 tte„
826 4652 1039 4707 Bnauusntnouu,
1049 4655 1066 4697 l.
1077 4664 1108 4707 c.,
1118 4664 1177 4707 pag.
1187 4652 1236 4705 518,
1246 4658 1334 4696 annot.
1345 4654 1365 4697 l.

354 4729 367 4762 4
395 4724 459 4779 Pag.
471 4726 504 4781 16,
516 4738 539 4769 ιι.
553 4725 585 4769 19,
