3717 5400
397 445 435 506 52
857 441 986 500 Chaon.
1006 437 1084 498 Soc.
1104 437 1175 512 Jns.

396 599 432 654 et
449 590 531 655 valiis
552 587 709 670 peccatis
735 602 797 650 eos
817 585 1015 649 retraheret
1034 593 1071 647 et
1090 584 1136 648 ad
1160 584 1308 648 meliora
1330 594 1570 664 promoveret
1595 592 1631 649 et

380 697 561 778 -quamvis
576 709 682 776 saepe
702 693 750 772 id,
767 691 863 774 qnod
876 691 1054 772 cupiebat,
1076 707 1149 754 non
1163 691 1348 768 obtineret,
1370 692 1562 771 aliquando
1577 701 1627 756 ta·

397 823 475 869 men
493 802 568 883 ejus
582 801 778 866 ministerio
793 797 968 864 Dominus
979 796 1088 861 corda
1101 796 1302 876 huiusmodi
1316 797 1499 861 hominum
1511 815 1627 861 more·

396 913 466 982 bat;
485 921 519 973 et
534 911 584 973 ita
599 907 771 989 quosdam
786 907 878 969 inter
892 921 931 968 se
946 903 1162 979 conciliavit,
1178 903 1245 984 qui
1257 905 1431 983 gravibus
1444 923 1490 968 ex
1510 906 1630 970 causis

397 1016 599 1082 inimicitias
614 1015 840 1080 exercebant.
857 1012 912 1078 Ex
928 1013 984 1076 his
1005 1020 1158 1092 quatuor
1173 1010 1327 1075 Domino
1347 1013 1568 1077 reconciliati
1583 1029 1628 1078 ex

396 1127 464 1190 hac
480 1126 555 1188 vita
570 1124 818 1188 discesserunt.
835 1119 907 1184 Alii
922 1121 1041 1195 etiam,
1056 1119 1260 1184 valetudine
1275 1119 1370 1183 bona
1390 1121 1560 1200 fruentes
1583 1122 1628 1186 ab

397 1250 440 1296 eo
456 1243 490 1295 et
506 1232 585 1295 aliis
600 1229 730 1294 nostris
745 1227 866 1307 adjuti,
883 1227 966 1291 odia
980 1236 1016 1290 et
1030 1226 1211 1290 vindictae
1229 1225 1380 1290 allectus
1399 1228 1625 1308 reliquerunt.

397 1339 442 1403 Et
463 1340 512 1401 ita
538 1356 559 1402 a
580 1337 803 1400 diversorum
826 1334 992 1398 ordinum
1017 1333 1218 1397 hominibus
1240 1334 1352 1397 variis
1372 1333 1416 1397 de
1438 1336 1558 1399 causis
1582 1334 1627 1398 ad

397 1445 436 1508 P.
453 1445 683 1508 Laurentium
698 1442 989 1520 concurrebatur;
1013 1449 1048 1504 et
1067 1441 1279 1520 praesertim
1297 1442 1358 1522 qui
1378 1443 1627 1522 aegrotabant,

399 1561 436 1615 ut
451 1552 626 1615 medicum
645 1549 787 1629 corpori
807 1548 979 1612 auxilium
998 1548 1199 1626 allaturum,
1220 1547 1270 1611 ita
1288 1548 1453 1613 eumdem
1474 1548 1628 1614 Lauren·

396 1660 483 1722 tium
499 1669 536 1721 ut
552 1657 680 1722 animis
694 1655 895 1720 mederetur
910 1655 1155 1734 accersebant;
1171 1664 1206 1718 et
1224 1655 1275 1718 ita
1289 1657 1411 1720 multis
1430 1656 1569 1724 inlocis
1583 1658 1628 1720 ci·

395 1766 517 1830 vitatis
532 1773 679 1845 uterque
695 1762 853 1828 medicus
872 1763 977 1826 simul
991 1762 1213 1826 invisebatur
1230 1760 1249 1825 ¹.

459 1870 525 1934 105.
570 1869 713 1934 Accidit
728 1868 846 1947 etiam,
862 1878 901 1933 ut
916 1885 997 1932 curn
1012 1868 1224 1947 virguncula
1238 1868 1415 1949 quaedam
1434 1871 1587 1935 hebraea
1604 1890 1626 1935 a

394 1978 602 2059 parentibus
618 1980 733 2054 (erant
747 1986 866 2040 autem
880 1993 952 2038 non
963 1975 1069 2055 pauci
1083 1974 1226 2055 Tybure
1237 1975 1473 2040 hebraeorum
1486 1977 1625 2052 domus)

384 2086 440 2149 ad
455 2085 577 2148 ludum
591 2085 650 2148 vel
664 2084 824 2147 scholam
844 2083 1061 2146 christianae
1076 2082 1238 2146 mulieris
1253 2082 1338 2146 data
1351 2092 1458 2162 esset,
1477 2085 1532 2148 vel
1551 2103 1627 2148 ora·

393 2193 549 2256 tionibus
560 2192 640 2270 piis
655 2207 746 2271 quae
759 2200 840 2253 sunt
852 2190 888 2252 in
900 2189 1145 2269 alphabetario
1156 2188 1285 2264 libello,
1294 2190 1352 2252 vel
1364 2191 1626 2255 honestioribus

394 2293 566 2376 moribus
589 2315 679 2378 quos
704 2297 931 2375 observabat,
955 2305 1145 2374 commota,
1173 2297 1232 2358 vel
1256 2297 1374 2376 potius
1395 2297 1627 2378 inspiratione

395 2405 528 2470 Christi
543 2406 730 2481 illustrata,
748 2403 942 2467 christiana
962 2402 1040 2466 fieri
1053 2418 1271 2482 magnopere
1294 2414 1451 2483 cuperet;
1472 2405 1534 2467 sed
1556 2422 1626 2468 ma·

393 2525 486 2576 trem
506 2515 622 2575 celare
644 2529 747 2575 suum
773 2508 972 2588 consilium,
999 2509 1093 2589 quod
1116 2509 1312 2589 magistrae
1337 2521 1538 2591 aperuerat,
1567 2529 1625 2574 vo·

394 2621 470 2684 luit.
488 2617 638 2682 Maritus
653 2625 772 2682 autem
786 2616 1102 2697 hujus-magistrae
1126 2617 1303 2680 consuluit
1325 2616 1363 2680 P.
1380 2617 1622 2696 Laurentium,

394 2726 477 2809 quid
494 2728 612 2790 facere
628 2727 664 2790 in
679 2744 722 2789 ea
734 2744 772 2789 re
784 2725 940 2789 deberet:
956 2722 1061 2787 Pater
1072 2732 1192 2787 autem
1206 2723 1419 2787 Laurentius
1431 2725 1477 2788 ad
1489 2724 1622 2790 Guber-

393 2833 580 2897 natorem¹
595 2850 671 2896 rem
685 2832 842 2911 deduxit,
859 2842 893 2895 et
909 2849 991 2895 cum
1004 2830 1080 2910 ejus
1100 2831 1250 2894 consilio
1271 2832 1389 2910 puella
1411 2830 1557 2897 Romam
1574 2834 1619 2897 ad

390 2942 727 3005 catechumenorum
751 2940 892 3004 domum
916 2938 1069 3002 deducta
1093 2947 1157 3001 est.
1180 2937 1334 3003 Rediens
1356 2950 1475 3003 autem
1498 2940 1618 3021 Tybur

298 3050 300 3059 ’
388 3048 538 3112 maritus
554 3048 598 3110 ab
614 3047 775 3110 auditore
791 3045 946 3128 quodam
962 3043 1162 3109 Cardinalis
1181 3044 1422 3109 Ferrariens's
1437 3047 1553 3127 (quem
1575 3050 1620 3111 le-

389 3156 533 3218 rebatur
548 3171 570 3216 a
590 3153 728 3233 iudaeis
741 3154 800 3216 vel
821 3152 1020 3216 rationibus
1040 3154 1097 3214 vel
1112 3152 1220 3214 etiam
1241 3152 1344 3216 donis
1363 3156 1625 3233 oppugnatum)

388 3262 424 3325 in
440 3278 622 3325 carcerem
638 3258 819 3340 conjectus
834 3269 898 3323 est.
920 3257 1086 3322 Nondum
1102 3259 1207 3321 enim·
1217 3260 1334 3338 puella
1353 3276 1415 3323 eos
1434 3278 1549 3324 annos
1561 3279 1622 3325 ex·

388 3378 557 3445 cesserat,
578 3366 705 3447 quibus
730 3384 751 3429 a
774 3374 949 3446 potestate
974 3374 1162 3445 parentum
1183 3365 1332 3429 subduci
1356 3377 1489 3448 posset,
1517 3378 1552 3431 et
1572 3369 1624 3432 illi

387 3474 538 3538 sollicite
553 3473 744 3537 admodum
763 3474 831 3537 hoc
846 3472 1029 3552 negotium
1050 3472 1238 3551 urgebant.
1255 3471 1325 3537 Sed
1347 3475 1464 3554 puella
1484 3492 1564 3539 eam
1586 3494 1624 3540 se

387 3582 561 3661 praebuit,
579 3590 618 3644 ut
631 3579 772 3644 facilea
795 3579 948 3643 Domino
963 3580 1113 3643 electam
1133 3578 1244 3643 fuisse
1265 3590 1482 3645 cerneretur.
1507 3583 1552 3647 Et
1574 3583 1623 3646 ita

386 3690 499 3752 bonus
514 3690 571 3751 vir
585 3688 642 3750 ille
659 3704 769 3767 opera
783 3686 899 3750 Patris
914 3686 1098 3751 Laurentii
1112 3687 1268 3751 libertati
1282 3688 1469 3754 restitutus
1483 3699 1547 3754 est.

449 3794 516 3858 106.
561 3794 691 3858 Missus
705 3793 770 3857 fuit
785 3792 907 3873 Tybur
926 3792 1085 3875 Joannes
1104 3792 1282 3872 ValeriuS,
1303 3794 1446 3875 juvenis
1465 3795 1622 3860 eruditus

428 4036 436 4069 ί
468 4035 525 4089 Sle;
541 4035 608 4079 forte
620 4034 822 4084 inveniebatur,
836 4032 884 4076 hoc
901 4040 950 4082 est,
965 4036 1076 4087 uterque
1092 4034 1177 4077 simui
1196 4035 1317 4077 irredicus
1332 4036 1406 4089 apud
1417 4038 1540 4089 aegrotos
1549 4036 1623 4080 inve·

390 4109 527 4151 aiebatur.

425 4180 436 4210 Ι
463 4178 541 4222 Urbis
551 4176 713 4233 Tyburtinae
724 4176 889 4220 Gubernator
905 4175 1009 4231 proprie
1025 4183 1083 4219 erat
1099 4175 1153 4230 lpse
1170 4176 1317 4221 cardinalis
1334 4177 1524 4234 Ferrarlensis,
1541 4180 1621 4224 donec

385 4252 433 4294 hoc
444 4250 499 4303 ipso
510 4259 577 4292 anno
588 4257 674 4291 mense
686 4246 824 4292 Decembri
834 4259 850 4291 a
861 4246 943 4290 Panlo
953 4246 991 4289 tv
1005 4259 1036 4289 eo
1051 4258 1155 4290 munere
1171 4255 1328 4293 exoneratus
1344 4256 1395 4293 est.
1413 4250 1512 4295 Verum
1526 4262 1624 4295 sermo·

386 4332 444 4364 nem
458 4321 500 4364 hlc
511 4318 566 4363 lieri
577 4324 697 4373 putamus
709 4318 799 4363 nonde
811 4318 992 4363 Gubernatore
1003 4319 1048 4361 sed
1058 4319 1089 4362 de
1100 4319 1155 4373 ejus
1166 4320 1372 4372 locumtenente,
1385 4334 1431 4366 seu
1447 4323 1491 4377 qui
1505 4324 1562 4378 ejus
1579 4334 1624 4366 no·

386 4392 839 4460 mineuclvltatemgubernaba13non
850 4390 917 4433 enlm
928 4389 1076 4433 Cardlnalls
1088 4391 1200 4434 Auditor
1215 4400 1308 4437 contre
1322 4392 1470 4438 cardinalis
1485 4395 1621 4439 consilium

386 4465 423 4506 ire
435 4463 524 4506 luisset
536 4472 622 4507 ausus.
634 4462 647 4513 J
650 4474 692 4506 nm
702 4472 766 4505 vero
776 4461 825 4505 dno
835 4462 983 4506 tuccessive
993 4462 1206 4506 locumtenentes
1216 4464 1264 4507 hoc
1274 4476 1341 4508 anno
1352 4464 1456 4521 Tybure
1468 4467 1552 4515 fuere.
1569 4467 1622 4521 pri-

385 4546 441 4578 mus
452 4534 544 4577 Petrus
555 4532 663 4578 Urrinus
674 4534 705 4575 de
716 4532 828 4584 Ursinis,
838 4534 965 4577 secundun
975 4532 1087 4585 Joannes
1098 4534 1128 4577 de
1141 4533 1222 4578 Sauli.
1234 4534 1404 4591 erasurum,
1416 4536 1457 4581 De
1474 4536 1584 4581 Vescovr'
1593 4542 1619 4581 et

386 4604 564 4649 Governatori
576 4606 604 4647 di
621 4604 713 4655 Tivoii,
723 4614 783 4658 pag.
797 4604 938 4648 loli-Vide
950 4604 1020 4648 Petri
1032 4602 1114 4660 Sylvii
1125 4606 1239 4656 litteras,
1250 4618 1263 4649 e
1274 4608 1366 4661 quibus
1376 4619 1442 4663 quae
1451 4610 1494 4653 ltlc
1510 4620 1621 4654 narran-

386 4687 428 4721 tur
439 4678 574 4730 desumpta
585 4684 655 4725 sunt,
666 4678 690 4719 in
702 4676 822 4719 Litterae
833 4674 1064 4728 Quadrimestres,
1076 4684 1093 4719 t.
1104 4688 1140 4729 ru,
1152 4689 1212 4731 pag.
1222 4678 1262 4721 604
1271 4680 1319 4723 007.
