3717 5400
382 484 439 547 586
842 486 970 545 Cunus.
991 482 1068 544 Soc.
1087 484 1158 557 Jss.

449 630 538 695 1616.
581 631 671 696 Cum
687 642 808 695 autem
821 630 916 695 idem
930 632 979 694 ob
991 646 1075 695 suas
1090 630 1343 712 occupationes
1363 642 1473 708 aegre
1486 636 1522 691 et
1535 642 1616 690 cum

385 739 625 821 repugnantia
641 738 687 801 ad
701 738 986 803 concionandum
999 738 1247 816 adduceretur,
1262 755 1281 800 a
1298 736 1449 800 Rectore
1462 733 1616 798 admoni-

388 858 461 927 tus,
481 846 603 910 statim
623 846 773 925 agnovit
793 844 981 925 delectum,
1008 854 1054 925 et,
1079 845 1223 909 tesiam
1246 853 1383 925 petens,
1409 841 1616 906 concionari

386 952 505 1033 coepit
519 968 600 1015 cunr
615 968 747 1031 magna
762 962 797 1016 et
811 968 876 1016 sua
892 960 928 1015 et
942 952 1159 1016 audientium
1174 950 1428 1029 consolatione,
1442 959 1481 1012 ut
1490 948 1552 1029 qul
1563 958 1614 1011 ra-

388 1062 521 1124 lentum
537 1058 582 1122 ad
597 1058 634 1122 id
647 1057 833 1139 egregium
848 1076 887 1123 se
900 1058 1033 1123 lrabere
1046 1058 1146 1123 laeto
1158 1057 1323 1122 ostendit.

452 1165 540 1229 1617.
583 1164 628 1229 Α.
644 1164 683 1229 P.
699 1164 896 1229 Francisco
907 1166 1040 1246 Borgia
1054 1166 1121 1229 sub
1135 1166 1220 1229 anni
1232 1165 1371 1229 initium
1384 1163 1455 1227 duo
1469 1178 1516 1226 ex
1534 1158 1615 1225 Pro·

384 1271 506 1336 vincia
522 1272 699 1335 Castellae
713 1272 750 1335 in
764 1272 1021 1352 portugalliam
1036 1273 1137 1337 missi
1149 1282 1246 1348 sunt;
1263 1272 1327 1335 sed
1345 1282 1468 1353 postea
1488 1284 1617 1333 novem

383 1380 489 1459 alios,
507 1380 637 1460 partim
659 1380 824 1458 novitios,
847 1380 1015 1461 partim...
1033 1382 1054 1458 ²,
1071 1396 1153 1443 cum
1167 1379 1360 1458 collegium
1377 1377 1487 1457 Regis
1508 1376 1616 1439 susci·

386 1487 554 1567 piendum
570 1485 706 1564 luisset,
723 1486 759 1549 in
774 1486 970 1550 subsidium
982 1486 1157 1551 submisit.

450 1592 537 1657 1618.
584 1591 621 1655 P.
631 1591 848 1672 Miron,aliis
860 1594 1184 1675 rebnsoccuparus,
1196 1593 1450 1657 noninviserat
1460 1592 1527 1653 hoc
1539 1589 1616 1653 Col·

388 1702 519 1781 legium
535 1699 836 1780 conimbricense;
852 1698 916 1764 sed
930 1716 1013 1764 cum
1027 1700 1205 1781 agendum
1219 1710 1313 1762 esset
1328 1699 1371 1762 de
1383 1696 1489 1760 rebus
1498 1710 1617 1759 neces·

383 1808 492 1871 sariis
507 1806 677 1888 parandis
692 1806 738 1869 ad
753 1804 856 1887 Regii
869 1806 1011 1887 collegii
1025 1807 1206 1887 lectiones,
1223 1818 1262 1870 ut
1276 1806 1426 1869 inferius
1440 1804 1578 1867 dicetur
1591 1804 1614 1880 ⁸,

385 1926 509 1976 mense
533 1910 628 1993 Majo
653 1911 918 1977 Conimbrlcam
942 1914 1052 1977 venit.
1077 1912 1147 1977 Sed
1173 1923 1317 1993 propter
1344 1910 1617 1990 occupationum

385 2020 539 2085 aliarum
555 2019 826 2099 multitudinem,
839 2020 1044 2084 domesticis
1058 2022 1166 2083 rebus
1179 2038 1224 2083 ne
1234 2029 1319 2085 tunc
1331 2018 1474 2099 quidem
1484 2032 1616 2080 vacare

392 2127 517 2207 potuim
534 2135 568 2189 et
582 2142 636 2205 ea,
652 2140 744 2207 quae
759 2127 827 2207 ipsi
841 2127 1131 2208 proponebantur
1144 2127 1262 2206 dubia,
1280 2126 1357 2190 sine
1369 2124 1551 2188 decisione
1563 2139 1615 2185 re·

390 2234 583 2313 linquebat,
601 2232 696 2313 quod
711 2234 988 2314 perturbationis
1001 2234 1212 2315 quibusdam
1227 2234 1396 2297 iratribus
1411 2248 1521 2295 causa
1539 2230 1613 2305 luit,

386 2340 556 2421 quamvis
568 2340 676 2404 etiarn
690 2340 758 2404 boc
772 2342 885 2421 ipsius
898 2342 1042 2421 ingenio
1053 2340 1288 2423 potiusquam
1300 2339 1474 2402 voluntati
1486 2338 1616 2401 adscri-

391 2448 545 2511 beretur.
562 2444 748 2528 Colloquia
768 2444 875 2511 etlam
894 2447 939 2511 de
957 2446 1063 2511 rebus
1080 2464 1207 2529 parum
1228 2448 1274 2511 ad
1298 2446 1520 2527 spiritualem
1539 2460 1616 2523 pro·

269 2530 272 2537 ’
388 2558 521 2618 tectum
550 2555 806 2634 pertinentibus
836 2552 1118 2636 [Provincialem
1145 2552 1318 2635 miscere]
1351 2554 1499 2617 notabat
1525 2551 1618 2615 idem

392 2660 432 2724 P:
441 2662 515 2726 Leo
531 2658 554 2741 ³;
571 2676 636 2726 nec
653 2662 779 2726 mirum
795 2670 848 2726 est
863 2663 893 2728 si
907 2672 1002 2727 totus
1016 2672 1110 2727 esset
1123 2662 1161 2726 in
1175 2662 1396 2727 inveniendis
1407 2671 1442 2725 et
1452 2676 1617 2726 exercen-

389 2769 448 2832 dis
462 2767 529 2846 bis,
547 2769 607 2849 qui
622 2779 694 2832 tam
706 2769 882 2833 difficilem
893 2771 1117 2851 provinciam
1128 2771 1327 2851 suscepturi
1338 2777 1440 2832 erant
1451 2768 1473 2847 ⁴,
1486 2785 1533 2831 ex
1545 2767 1618 2848 qui·

391 2877 457 2938 bus
477 2876 585 2955 aliqui
606 2875 650 2937 ad
672 2877 868 2956 magisterii
890 2878 1043 2956 gradum
1061 2878 1098 2942 in
1118 2877 1343 2959 philosophia
1365 2875 1518 2957 promoti
1537 2883 1619 2938 sunt

389 2990 472 3062 post
486 2981 691 3061 diligentem
706 2985 1017 3064 examinationem,
1033 2994 1069 3048 et
1081 2986 1287 3066 praemissis
1301 3001 1366 3064 pro
1381 3001 1481 3046 more
1492 2981 1616 3046 oratio·

389 3089 507 3168 nibus,
524 3099 558 3152 et
573 3091 662 3155 bene
676 3107 714 3154 se
729 3093 765 3154 in
780 3091 943 3156 omnibus
958 3103 1161 3172 gesserunt3
1177 3093 1273 3156 nullo
1285 3090 1487 3172 juramento
1502 3087 1619 3153 adacti

390 3205 486 3276 sunt,
503 3213 547 3260 eo
561 3197 655 3277 quod
669 3197 747 3262 Rex
761 3199 1007 3263 universitatis
1020 3197 1166 3264 Rectori
1180 3200 1394 3280 scripsisset,
1410 3207 1449 3261 ut
1462 3214 1524 3260 eus
1538 3195 1618 3261 libe·

392 3321 454 3367 ros
468 3303 514 3366 ad
528 3303 679 3383 gradum
695 3305 771 3368 slne
783 3303 985 3385 iuramento
1000 3307 1202 3370 admitteret
1216 3303 1239 3366 ⁸.

456 3409 543 3473 1619.
588 3409 695 3474 Venit
719 3420 754 3475 et
779 3411 818 3475 P.
842 3411 1052 3477 Patriarcba
1076 3412 1089 3446 ⁸
1111 3414 1216 3478 simul
1235 3427 1316 3476 curn
1336 3412 1375 3476 P.
1398 3409 1535 3476 Mirone
1554 3411 1619 3474 sub

397 3515 502 3580 linem
518 3513 748 3598 Septembris,
764 3527 802 3582 ut
817 3519 956 3600 aliquos
969 3536 1016 3584 ex
1029 3519 1200 3585 iratribus
1214 3520 1346 3584 nostris
1359 3517 1405 3582 ad
1423 3535 1548 3582 sacros
1567 3535 1620 3581 or-

391 3623 494 3686 dines
507 3635 745 3706 promoveret;
762 3635 797 3689 et
811 3627 889 3707 ipso
904 3627 961 3690 die
975 3626 1036 3691 Sil
1054 3627 1238 3692 Michaelis
1253 3627 1407 3690 minores
1423 3626 1566 3690 ordines
1585 3635 1620 3688 et

388 3729 668 3795 subdiaconatus
681 3731 767 3810 (sr'cl
786 3731 996 3813 quibusdam
1012 3733 1118 3813 dedit,
1140 3746 1175 3798 et
1193 3745 1279 3797 tunc
1299 3734 1451 3813 primum
1465 3733 1558 3797 hanc
1572 3731 1620 3796 la-

389 3837 560 3901 cultatem
588 3840 825 3920 episcopalem
857 3841 1004 3921 exsequi
1032 3841 1159 3921 eoepit.
1194 3838 1392 3904 Dominicis
1418 3840 1544 3905 diebus
1569 3855 1621 3902 se·

394 3973 603 4006 ..fl-...ffl-

431 4072 441 4110 t
469 4075 517 4122 liic
528 4079 650 4122 nonnulla
660 4078 849 4132 desiderentur.
860 4081 1051 4136 quaternorum
1060 4081 1173 4137 paginae
1182 4078 1275 4126 addite
1288 4082 1400 4126 tuerent.
1412 4079 1461 4125 sed
1471 4085 1532 4125 etin
1545 4081 1622 4137 lupen

388 4151 516 4206 temporis
526 4151 621 4194 charte
631 4152 835 4208 abscinderetur,
846 4165 964 4210 papyrus
972 4153 1038 4198 eutis
1048 4164 1140 4198 crasse
1149 4155 1371 4210 estenperporlra.
1380 4153 1537 4210 quoiuctum
1546 4158 1624 4197 estut

387 4233 458 4277 qnae
472 4223 495 4264 el
511 4222 610 4267 subsint
625 4224 676 4277 leti
691 4231 828 4279 nequeant.
844 4224 1009 4280 Conspicitur
1024 4232 1119 4280 tamen,
1130 4226 1192 4271 licet
1207 4228 1373 4282 subobscure,
1384 4236 1452 4280 ve...;
1463 4236 1544 4281 quere
1554 4224 1623 4270 bend

391 4301 491 4339 tenere
501 4294 558 4348 quie
566 4295 695 4340 scriberet
706 4295 887 4354 veneramus).
1130 4289 1150 4313 '⁴

430 4364 443 4400 Ι
469 4363 595 4410 infrena.
608 4367 735 4413 16101111.

432 4438 443 4470 ⁸
470 4437 538 4483 Vide
548 4449 635 4494 tupru,
646 4451 706 4495 pap.
716 4441 758 4484 57⁴
777 4453 801 4486 n.
811 4443 873 4497 11111,
882 4448 909 4487 et
920 4441 1016 4487 cartas
1025 4443 1059 4486 de
1071 4441 1128 4486 San
1139 4441 1257 4496 Ιςκααο,
1265 4449 1285 4486 t.
1296 4453 1321 4494 v,
1332 4451 1393 4496 pat.
1404 4441 1426 4496 4,
1436 4439 1555 4485 amnt-⁸.

431 4511 444 4546 ⁴
470 4509 585 4556 Ducendi
596 4511 721 4556 videlieet
730 4513 757 4556 ln
766 4511 884 4569 collegio
896 4513 976 4569 Regio
988 4513 1201 4558 Conimbricensi.

431 4583 443 4617 ⁸
469 4583 536 4628 Vide
546 4593 635 4638 supra,
646 4589 664 4627 t.
676 4593 712 4637 ιν,
723 4596 782 4640 pag.
792 4585 842 4638 101,
851 4599 874 4632 n.
883 4587 944 4640 1058.
951 4597 977 4631 et
987 4586 1127 4631 curtasse
1137 4585 1193 4629 San
1200 4585 1319 4638 tenuero,
1326 4591 1345 4630 t.
1355 4595 1392 4640 π,
1401 4595 1461 4640 pag.
1468 4583 1628 4628 m-l’lun

388 4655 471 4700 etium
481 4657 512 4699 de
524 4655 566 4700 itis
575 4655 648 4699 dubit
659 4653 734 4698 Nova
745 4655 837 4701 series
846 4659 1003 4703 litterarum
1014 4658 1109 4702 saneti
1120 4657 1232 4710 ignara.

429 4725 442 4759 ⁸
470 4725 496 4773 P.
509 4727 622 4781 ioannes
632 4727 727 4784 Nuper,
740 4729 895 4786 Aethiopiae
907 4731 1075 4776 patriarcba,
