<?xml version="1.0" encoding="UTF-8"?>
<!DOCTYPE html PUBLIC "-//W3C//DTD XHTML 1.0 Transitional//EN"
    "http://www.w3.org/TR/xhtml1/DTD/xhtml1-transitional.dtd">
<html xmlns="http://www.w3.org/1999/xhtml" xml:lang="en" lang="en">
 <head>
  <title>
</title>
<meta http-equiv="Content-Type" content="text/html;charset=utf-8" />
  <meta name='ocr-system' content='tesseract 3.04.00' />
  <meta name='ocr-capabilities' content='ocr_page ocr_carea ocr_par ocr_line ocrx_word'/>
</head>
<body>
  <div class='ocr_page' id='page_1' title='image "./vitaignatiiloio01polagoog_0057.png"; bbox 0 0 3717 5400; ppageno 0'>
   <div class='ocr_carea' id='block_1_1' title="bbox 778 461 1476 528">
    <p class='ocr_par' dir='ltr' id='par_1_1' title="bbox 778 461 1476 528">
     <span class='ocr_line' id='line_1_1' title="bbox 778 461 1476 528; baseline 0.003 -7"><span class='ocrx_word' id='word_1_1' title='bbox 778 461 851 522; x_wconf 79' lang='lat' dir='ltr'>Au.</span> <span class='ocrx_word' id='word_1_2' title='bbox 873 463 945 524; x_wconf 78' lang='lat'>1555</span> <span class='ocrx_word' id='word_1_3' title='bbox 1443 467 1476 528; x_wconf 84' lang='lat'>51</span> 
     </span>
    </p>
   </div>
   <div class='ocr_carea' id='block_1_2' title="bbox 246 607 1500 4423">
    <p class='ocr_par' dir='ltr' id='par_1_2' title="bbox 246 607 1480 993">
     <span class='ocr_line' id='line_1_2' title="bbox 246 607 1479 689; baseline 0.002 -17"><span class='ocrx_word' id='word_1_4' title='bbox 246 609 285 673; x_wconf 91' lang='grc' dir='ltr'>Ρ.</span> <span class='ocrx_word' id='word_1_5' title='bbox 303 608 447 673; x_wconf 88' lang='lat' dir='ltr'>Petrum</span> <span class='ocrx_word' id='word_1_6' title='bbox 458 607 619 689; x_wconf 88' lang='lat' dir='ltr'>juvabat.</span> <span class='ocrx_word' id='word_1_7' title='bbox 635 609 813 673; x_wconf 90' lang='lat' dir='ltr'>Antonius</span> <span class='ocrx_word' id='word_1_8' title='bbox 824 622 943 672; x_wconf 90' lang='lat' dir='ltr'>autem</span> <span class='ocrx_word' id='word_1_9' title='bbox 954 609 998 672; x_wconf 90' lang='lat' dir='ltr'>de</span> <span class='ocrx_word' id='word_1_10' title='bbox 1008 607 1149 673; x_wconf 86' lang='lat' dir='ltr'>Robore</span> <span class='ocrx_word' id='word_1_11' title='bbox 1160 609 1365 673; x_wconf 86' lang='lat' dir='ltr'>necessaria</span> <span class='ocrx_word' id='word_1_12' title='bbox 1376 621 1479 674; x_wconf 81' lang='lat' dir='ltr'>extra</span> 
     </span>
     <span class='ocr_line' id='line_1_3' title="bbox 247 715 1480 797; baseline 0.002 -19"><span class='ocrx_word' id='word_1_13' title='bbox 247 715 392 779; x_wconf 92' lang='lat' dir='ltr'>domum</span> <span class='ocrx_word' id='word_1_14' title='bbox 407 715 453 778; x_wconf 93' lang='lat' dir='ltr'>ad</span> <span class='ocrx_word' id='word_1_15' title='bbox 464 715 598 779; x_wconf 89' lang='lat' dir='ltr'>vietum</span> <span class='ocrx_word' id='word_1_16' title='bbox 610 716 771 794; x_wconf 89' lang='lat' dir='ltr'>curabat,</span> <span class='ocrx_word' id='word_1_17' title='bbox 784 724 819 778; x_wconf 94' lang='lat' dir='ltr'>et</span> <span class='ocrx_word' id='word_1_18' title='bbox 830 715 941 779; x_wconf 92' lang='lat' dir='ltr'>multa</span> <span class='ocrx_word' id='word_1_19' title='bbox 952 715 1095 778; x_wconf 89' lang='lat' dir='ltr'>interim</span> <span class='ocrx_word' id='word_1_20' title='bbox 1106 716 1249 795; x_wconf 88' lang='lat' dir='ltr'>pietatis</span> <span class='ocrx_word' id='word_1_21' title='bbox 1260 732 1370 797; x_wconf 87' lang='lat' dir='ltr'>opera</span> <span class='ocrx_word' id='word_1_22' title='bbox 1380 733 1480 780; x_wconf 84' lang='lat' dir='ltr'>exer·</span> 
     </span>
     <span class='ocr_line' id='line_1_4' title="bbox 247 822 1479 904; baseline 0.001 -19"><span class='ocrx_word' id='word_1_23' title='bbox 247 823 363 898; x_wconf 86' lang='lat' dir='ltr'>cebat,</span> <span class='ocrx_word' id='word_1_24' title='bbox 379 831 415 898; x_wconf 82' lang='lat' dir='ltr'>et</span> <span class='ocrx_word' id='word_1_25' title='bbox 429 822 734 886; x_wconf 85' lang='lat' dir='ltr'>exhortationibus</span> <span class='ocrx_word' id='word_1_26' title='bbox 747 823 869 887; x_wconf 87' lang='lat' dir='ltr'>utilem</span> <span class='ocrx_word' id='word_1_27' title='bbox 883 838 1030 902; x_wconf 83' lang='lat' dir='ltr'>operam</span> <span class='ocrx_word' id='word_1_28' title='bbox 1043 822 1163 886; x_wconf 91' lang='lat' dir='ltr'>multis</span> <span class='ocrx_word' id='word_1_29' title='bbox 1177 841 1199 886; x_wconf 89' lang='lat' dir='ltr'>a</span> <span class='ocrx_word' id='word_1_30' title='bbox 1214 832 1362 904; x_wconf 90' lang='lat' dir='ltr'>peccato</span> <span class='ocrx_word' id='word_1_31' title='bbox 1378 842 1479 886; x_wconf 88' lang='lat' dir='ltr'>revo-</span> 
     </span>
     <span class='ocr_line' id='line_1_5' title="bbox 247 927 997 993; baseline -0.003 -1"><span class='ocrx_word' id='word_1_32' title='bbox 247 929 374 993; x_wconf 90' lang='lat' dir='ltr'>candis</span> <span class='ocrx_word' id='word_1_33' title='bbox 388 938 423 992; x_wconf 92' lang='lat' dir='ltr'>et</span> <span class='ocrx_word' id='word_1_34' title='bbox 436 928 482 992; x_wconf 89' lang='lat' dir='ltr'>ad</span> <span class='ocrx_word' id='word_1_35' title='bbox 497 929 592 992; x_wconf 91' lang='lat' dir='ltr'>bona</span> <span class='ocrx_word' id='word_1_36' title='bbox 605 927 814 992; x_wconf 87' lang='lat' dir='ltr'>inducendis</span> <span class='ocrx_word' id='word_1_37' title='bbox 828 929 997 992; x_wconf 90' lang='lat' dir='ltr'>navabat.</span> 
     </span>
    </p>

    <p class='ocr_par' dir='ltr' id='par_1_3' title="bbox 247 1034 1485 1651">
     <span class='ocr_line' id='line_1_6' title="bbox 314 1034 1481 1116; baseline 0.003 -18"><span class='ocrx_word' id='word_1_38' title='bbox 314 1034 382 1098; x_wconf 89' lang='lat'>101.</span> <span class='ocrx_word' id='word_1_39' title='bbox 424 1035 471 1099; x_wconf 90' lang='lat' dir='ltr'>Et</span> <span class='ocrx_word' id='word_1_40' title='bbox 484 1035 668 1099; x_wconf 88' lang='lat' dir='ltr'>crescebat</span> <span class='ocrx_word' id='word_1_41' title='bbox 683 1052 807 1099; x_wconf 90' lang='lat' dir='ltr'>eorum</span> <span class='ocrx_word' id='word_1_42' title='bbox 822 1036 1022 1114; x_wconf 91' lang='lat' dir='ltr'>multitud0,</span> <span class='ocrx_word' id='word_1_43' title='bbox 1038 1036 1098 1116; x_wconf 92' lang='lat' dir='ltr'>qui</span> <span class='ocrx_word' id='word_1_44' title='bbox 1112 1037 1159 1100; x_wconf 93' lang='lat' dir='ltr'>ad</span> <span class='ocrx_word' id='word_1_45' title='bbox 1175 1038 1324 1102; x_wconf 86' lang='lat' dir='ltr'>verbum</span> <span class='ocrx_word' id='word_1_46' title='bbox 1338 1038 1408 1101; x_wconf 92' lang='lat' dir='ltr'>Dei</span> <span class='ocrx_word' id='word_1_47' title='bbox 1422 1056 1481 1102; x_wconf 87' lang='lat' dir='ltr'>au-</span> 
     </span>
     <span class='ocr_line' id='line_1_7' title="bbox 248 1142 1480 1223; baseline 0.002 -16"><span class='ocrx_word' id='word_1_48' title='bbox 248 1143 429 1221; x_wconf 90' lang='lat' dir='ltr'>diendum,</span> <span class='ocrx_word' id='word_1_49' title='bbox 452 1143 510 1205; x_wconf 89' lang='lat' dir='ltr'>vel</span> <span class='ocrx_word' id='word_1_50' title='bbox 532 1142 579 1205; x_wconf 91' lang='lat' dir='ltr'>ad</span> <span class='ocrx_word' id='word_1_51' title='bbox 598 1152 824 1206; x_wconf 88' lang='lat' dir='ltr'>sacramenta</span> <span class='ocrx_word' id='word_1_52' title='bbox 850 1143 1079 1223; x_wconf 89' lang='lat' dir='ltr'>percipienda</span> <span class='ocrx_word' id='word_1_53' title='bbox 1099 1142 1146 1205; x_wconf 93' lang='lat' dir='ltr'>ad</span> <span class='ocrx_word' id='word_1_54' title='bbox 1170 1153 1313 1207; x_wconf 91' lang='lat' dir='ltr'>nostros</span> <span class='ocrx_word' id='word_1_55' title='bbox 1338 1145 1480 1210; x_wconf 88' lang='lat' dir='ltr'>accede·</span> 
     </span>
     <span class='ocr_line' id='line_1_8' title="bbox 247 1249 1482 1331; baseline 0.002 -17"><span class='ocrx_word' id='word_1_56' title='bbox 247 1261 340 1325; x_wconf 86' lang='lat' dir='ltr'>rent;</span> <span class='ocrx_word' id='word_1_57' title='bbox 358 1249 523 1330; x_wconf 90' lang='lat' dir='ltr'>quamvis</span> <span class='ocrx_word' id='word_1_58' title='bbox 536 1250 653 1313; x_wconf 91' lang='lat' dir='ltr'>tenuis</span> <span class='ocrx_word' id='word_1_59' title='bbox 672 1258 749 1313; x_wconf 90' lang='lat' dir='ltr'>erat</span> <span class='ocrx_word' id='word_1_60' title='bbox 764 1250 850 1314; x_wconf 89' lang='lat' dir='ltr'>satis</span> <span class='ocrx_word' id='word_1_61' title='bbox 870 1265 1010 1327; x_wconf 89' lang='lat' dir='ltr'>eorum,</span> <span class='ocrx_word' id='word_1_62' title='bbox 1032 1249 1091 1330; x_wconf 93' lang='lat' dir='ltr'>qui</span> <span class='ocrx_word' id='word_1_63' title='bbox 1111 1258 1240 1313; x_wconf 84' lang='lat' dir='ltr'>octavo</span> <span class='ocrx_word' id='word_1_64' title='bbox 1262 1267 1403 1331; x_wconf 90' lang='lat' dir='ltr'>quoque</span> <span class='ocrx_word' id='word_1_65' title='bbox 1426 1253 1482 1316; x_wconf 89' lang='lat' dir='ltr'>die</span> 
     </span>
     <span class='ocr_line' id='line_1_9' title="bbox 251 1355 1482 1439; baseline 0.002 -19"><span class='ocrx_word' id='word_1_66' title='bbox 251 1357 508 1421; x_wconf 86' lang='lat' dir='ltr'>confiterentur</span> <span class='ocrx_word' id='word_1_67' title='bbox 522 1364 558 1419; x_wconf 89' lang='lat' dir='ltr'>et</span> <span class='ocrx_word' id='word_1_68' title='bbox 571 1357 887 1420; x_wconf 85' lang='lat' dir='ltr'><strong>communicarent:</strong></span> <span class='ocrx_word' id='word_1_69' title='bbox 903 1356 966 1419; x_wconf 87' lang='lat' dir='ltr'>vix</span> <span class='ocrx_word' id='word_1_70' title='bbox 988 1356 1083 1419; x_wconf 87' lang='lat' dir='ltr'>enim</span> <span class='ocrx_word' id='word_1_71' title='bbox 1102 1355 1288 1420; x_wconf 87' lang='lat' dir='ltr'>duodecim</span> <span class='ocrx_word' id='word_1_72' title='bbox 1308 1367 1370 1420; x_wconf 90' lang='lat' dir='ltr'>aut</span> <span class='ocrx_word' id='word_1_73' title='bbox 1385 1359 1482 1439; x_wconf 90' lang='lat' dir='ltr'>quin·</span> 
     </span>
     <span class='ocr_line' id='line_1_10' title="bbox 250 1463 1485 1544; baseline 0 -16"><span class='ocrx_word' id='word_1_74' title='bbox 250 1465 366 1528; x_wconf 90' lang='lat' dir='ltr'>decim</span> <span class='ocrx_word' id='word_1_75' title='bbox 381 1463 610 1541; x_wconf 73' lang='lat' dir='ltr'>accedebanu</span> <span class='ocrx_word' id='word_1_76' title='bbox 627 1463 791 1544; x_wconf 87' lang='lat' dir='ltr'>quamvis</span> <span class='ocrx_word' id='word_1_77' title='bbox 811 1463 911 1526; x_wconf 88' lang='lat' dir='ltr'>sestis</span> <span class='ocrx_word' id='word_1_78' title='bbox 931 1463 1203 1526; x_wconf 88' lang='lat' dir='ltr'>solemnioribus</span> <span class='ocrx_word' id='word_1_79' title='bbox 1223 1472 1258 1526; x_wconf 89' lang='lat' dir='ltr'>et</span> <span class='ocrx_word' id='word_1_80' title='bbox 1276 1463 1355 1528; x_wconf 90' lang='lat' dir='ltr'>aliis</span> <span class='ocrx_word' id='word_1_81' title='bbox 1375 1466 1485 1528; x_wconf 88' lang='lat' dir='ltr'>etiam</span> 
     </span>
     <span class='ocr_line' id='line_1_11' title="bbox 249 1569 1151 1651; baseline -0.002 -16"><span class='ocrx_word' id='word_1_82' title='bbox 249 1571 389 1635; x_wconf 89' lang='lat' dir='ltr'>nonita</span> <span class='ocrx_word' id='word_1_83' title='bbox 403 1571 630 1648; x_wconf 86' lang='lat' dir='ltr'>solemnibus,</span> <span class='ocrx_word' id='word_1_84' title='bbox 647 1569 755 1651; x_wconf 90' lang='lat' dir='ltr'>duplo</span> <span class='ocrx_word' id='word_1_85' title='bbox 770 1571 891 1650; x_wconf 89' lang='lat' dir='ltr'>plures</span> <span class='ocrx_word' id='word_1_86' title='bbox 906 1570 1151 1633; x_wconf 89' lang='lat' dir='ltr'>convenirent.</span> 
     </span>
    </p>

    <p class='ocr_par' dir='ltr' id='par_1_4' title="bbox 250 1676 1493 3468">
     <span class='ocr_line' id='line_1_12' title="bbox 317 1676 1483 1756; baseline -0.001 -15"><span class='ocrx_word' id='word_1_87' title='bbox 317 1677 386 1741; x_wconf 86' lang='lat'><strong>102.</strong></span> <span class='ocrx_word' id='word_1_88' title='bbox 429 1676 503 1741; x_wconf 91' lang='lat' dir='ltr'>Nec</span> <span class='ocrx_word' id='word_1_89' title='bbox 518 1686 638 1740; x_wconf 88' lang='lat' dir='ltr'>tamen</span> <span class='ocrx_word' id='word_1_90' title='bbox 652 1677 776 1742; x_wconf 87' lang='lat' dir='ltr'>deerat</span> <span class='ocrx_word' id='word_1_91' title='bbox 790 1677 826 1740; x_wconf 93' lang='lat' dir='ltr'>in</span> <span class='ocrx_word' id='word_1_92' title='bbox 841 1677 909 1740; x_wconf 89' lang='lat' dir='ltr'>hac</span> <span class='ocrx_word' id='word_1_93' title='bbox 923 1690 1037 1756; x_wconf 89' lang='lat' dir='ltr'>parte,</span> <span class='ocrx_word' id='word_1_94' title='bbox 1049 1677 1108 1740; x_wconf 92' lang='lat' dir='ltr'>ubi</span> <span class='ocrx_word' id='word_1_95' title='bbox 1120 1678 1331 1741; x_wconf 89' lang='lat' dir='ltr'>charitatem</span> <span class='ocrx_word' id='word_1_96' title='bbox 1343 1695 1483 1741; x_wconf 89' lang='lat' dir='ltr'>exerce·</span> 
     </span>
     <span class='ocr_line' id='line_1_13' title="bbox 250 1783 1484 1863; baseline 0 -15"><span class='ocrx_word' id='word_1_97' title='bbox 250 1795 307 1849; x_wconf 90' lang='lat' dir='ltr'>ret</span> <span class='ocrx_word' id='word_1_98' title='bbox 322 1783 360 1848; x_wconf 90' lang='lat' dir='ltr'>P.</span> <span class='ocrx_word' id='word_1_99' title='bbox 377 1784 600 1862; x_wconf 80' lang='lat' dir='ltr'>Laurentius,</span> <span class='ocrx_word' id='word_1_100' title='bbox 617 1800 697 1847; x_wconf 92' lang='lat' dir='ltr'>cum</span> <span class='ocrx_word' id='word_1_101' title='bbox 713 1784 862 1863; x_wconf 85' lang='lat' dir='ltr'>singulis</span> <span class='ocrx_word' id='word_1_102' title='bbox 880 1783 1061 1847; x_wconf 89' lang='lat' dir='ltr'>mensibus</span> <span class='ocrx_word' id='word_1_103' title='bbox 1075 1784 1233 1847; x_wconf 89' lang='lat' dir='ltr'>omnium</span> <span class='ocrx_word' id='word_1_104' title='bbox 1256 1785 1484 1848; x_wconf 89' lang='lat' dir='ltr'>scholastico·</span> 
     </span>
     <span class='ocr_line' id='line_1_14' title="bbox 250 1889 1486 1972; baseline -0.002 -16"><span class='ocrx_word' id='word_1_105' title='bbox 250 1909 334 1956; x_wconf 90' lang='lat' dir='ltr'>rum</span> <span class='ocrx_word' id='word_1_106' title='bbox 348 1890 590 1956; x_wconf 86' lang='lat' dir='ltr'>confessiones</span> <span class='ocrx_word' id='word_1_107' title='bbox 605 1891 754 1956; x_wconf 88' lang='lat' dir='ltr'>audiret.</span> <span class='ocrx_word' id='word_1_108' title='bbox 775 1889 815 1954; x_wconf 88' lang='lat' dir='ltr'>ln</span> <span class='ocrx_word' id='word_1_109' title='bbox 834 1890 1058 1954; x_wconf 85' lang='lat' dir='ltr'>xenodochio</span> <span class='ocrx_word' id='word_1_110' title='bbox 1077 1891 1200 1968; x_wconf 90' lang='lat' dir='ltr'>etiam,</span> <span class='ocrx_word' id='word_1_111' title='bbox 1221 1901 1257 1953; x_wconf 92' lang='lat' dir='ltr'>et</span> <span class='ocrx_word' id='word_1_112' title='bbox 1280 1891 1316 1954; x_wconf 92' lang='lat' dir='ltr'>in</span> <span class='ocrx_word' id='word_1_113' title='bbox 1336 1891 1486 1972; x_wconf 89' lang='lat' dir='ltr'>privatis</span> 
     </span>
     <span class='ocr_line' id='line_1_15' title="bbox 253 1997 1486 2078; baseline -0.003 -13"><span class='ocrx_word' id='word_1_114' title='bbox 253 1998 418 2065; x_wconf 90' lang='lat' dir='ltr'>domibus</span> <span class='ocrx_word' id='word_1_115' title='bbox 432 2007 662 2078; x_wconf 84' lang='lat' dir='ltr'>aegrotorum</span> <span class='ocrx_word' id='word_1_116' title='bbox 677 1997 841 2062; x_wconf 82' lang='lat' dir='ltr'>audiebat</span> <span class='ocrx_word' id='word_1_117' title='bbox 856 1998 1113 2061; x_wconf 83' lang='lat' dir='ltr'>consessiones:</span> <span class='ocrx_word' id='word_1_118' title='bbox 1135 2009 1169 2060; x_wconf 94' lang='lat' dir='ltr'>et</span> <span class='ocrx_word' id='word_1_119' title='bbox 1187 1999 1303 2077; x_wconf 90' lang='lat' dir='ltr'>multi,</span> <span class='ocrx_word' id='word_1_120' title='bbox 1321 1999 1380 2078; x_wconf 85' lang='lat' dir='ltr'>qui</span> <span class='ocrx_word' id='word_1_121' title='bbox 1402 1999 1486 2061; x_wconf 88' lang='lat' dir='ltr'>alibi</span> 
     </span>
     <span class='ocr_line' id='line_1_16' title="bbox 253 2103 1487 2184; baseline -0.002 -12"><span class='ocrx_word' id='word_1_122' title='bbox 253 2106 581 2184; x_wconf 84' lang='lat' dir='ltr'>communicabant,</span> <span class='ocrx_word' id='word_1_123' title='bbox 597 2105 711 2169; x_wconf 90' lang='lat' dir='ltr'>eidem</span> <span class='ocrx_word' id='word_1_124' title='bbox 725 2105 953 2168; x_wconf 90' lang='lat' dir='ltr'>nihilominus</span> <span class='ocrx_word' id='word_1_125' title='bbox 964 2103 1232 2182; x_wconf 80' lang='lat' dir='ltr'>confitebantur3</span> <span class='ocrx_word' id='word_1_126' title='bbox 1248 2114 1284 2168; x_wconf 91' lang='lat' dir='ltr'>et</span> <span class='ocrx_word' id='word_1_127' title='bbox 1298 2106 1416 2169; x_wconf 90' lang='lat' dir='ltr'>multis</span> <span class='ocrx_word' id='word_1_128' title='bbox 1427 2123 1487 2169; x_wconf 88' lang='lat' dir='ltr'>an·</span> 
     </span>
     <span class='ocr_line' id='line_1_17' title="bbox 256 2211 1489 2293; baseline -0.001 -16"><span class='ocrx_word' id='word_1_129' title='bbox 256 2213 315 2278; x_wconf 94' lang='lat' dir='ltr'>nis</span> <span class='ocrx_word' id='word_1_130' title='bbox 335 2213 558 2276; x_wconf 89' lang='lat' dir='ltr'>intermissas</span> <span class='ocrx_word' id='word_1_131' title='bbox 578 2211 820 2275; x_wconf 88' lang='lat' dir='ltr'>confessiones</span> <span class='ocrx_word' id='word_1_132' title='bbox 841 2213 1076 2292; x_wconf 88' lang='lat' dir='ltr'>quorumdam</span> <span class='ocrx_word' id='word_1_133' title='bbox 1092 2211 1268 2292; x_wconf 87' lang='lat' dir='ltr'>audiebat;</span> <span class='ocrx_word' id='word_1_134' title='bbox 1285 2213 1367 2293; x_wconf 92' lang='lat' dir='ltr'>quia</span> <span class='ocrx_word' id='word_1_135' title='bbox 1389 2215 1489 2277; x_wconf 91' lang='lat' dir='ltr'>multi</span> 
     </span>
     <span class='ocr_line' id='line_1_18' title="bbox 252 2317 1486 2399; baseline -0.002 -14"><span class='ocrx_word' id='word_1_136' title='bbox 252 2321 362 2384; x_wconf 87' lang='lat' dir='ltr'>valde</span> <span class='ocrx_word' id='word_1_137' title='bbox 373 2321 409 2383; x_wconf 91' lang='lat' dir='ltr'>in</span> <span class='ocrx_word' id='word_1_138' title='bbox 417 2319 485 2382; x_wconf 89' lang='lat' dir='ltr'>hac</span> <span class='ocrx_word' id='word_1_139' title='bbox 498 2329 598 2399; x_wconf 91' lang='lat' dir='ltr'>parte</span> <span class='ocrx_word' id='word_1_140' title='bbox 609 2319 831 2399; x_wconf 83' lang='lat' dir='ltr'>negligentes</span> <span class='ocrx_word' id='word_1_141' title='bbox 838 2317 874 2381; x_wconf 95' lang='lat' dir='ltr'>id</span> <span class='ocrx_word' id='word_1_142' title='bbox 882 2319 1052 2398; x_wconf 85' lang='lat' dir='ltr'>temporis</span> <span class='ocrx_word' id='word_1_143' title='bbox 1060 2319 1240 2396; x_wconf 78' lang='lat' dir='ltr'>vivebant3</span> <span class='ocrx_word' id='word_1_144' title='bbox 1251 2328 1286 2382; x_wconf 90' lang='lat' dir='ltr'>et</span> <span class='ocrx_word' id='word_1_145' title='bbox 1294 2319 1486 2392; x_wconf 82' lang='lat' dir='ltr'>ferebatur,</span> 
     </span>
     <span class='ocr_line' id='line_1_19' title="bbox 252 2425 1488 2508; baseline -0.001 -17"><span class='ocrx_word' id='word_1_146' title='bbox 252 2427 448 2508; x_wconf 87' lang='lat' dir='ltr'>aliquando</span> <span class='ocrx_word' id='word_1_147' title='bbox 459 2427 524 2491; x_wconf 82' lang='lat' dir='ltr'>vix</span> <span class='ocrx_word' id='word_1_148' title='bbox 534 2426 688 2490; x_wconf 89' lang='lat' dir='ltr'>mediam</span> <span class='ocrx_word' id='word_1_149' title='bbox 700 2435 839 2507; x_wconf 90' lang='lat' dir='ltr'>partem</span> <span class='ocrx_word' id='word_1_150' title='bbox 851 2426 1033 2489; x_wconf 90' lang='lat' dir='ltr'>hominum</span> <span class='ocrx_word' id='word_1_151' title='bbox 1043 2425 1368 2506; x_wconf 86' lang='lat' dir='ltr'>inQuadragesirna</span> <span class='ocrx_word' id='word_1_152' title='bbox 1382 2427 1488 2490; x_wconf 89' lang='lat' dir='ltr'>confi-</span> 
     </span>
     <span class='ocr_line' id='line_1_20' title="bbox 253 2532 1491 2612; baseline -0.002 -14"><span class='ocrx_word' id='word_1_153' title='bbox 253 2535 335 2599; x_wconf 87' lang='lat' dir='ltr'>teri.</span> <span class='ocrx_word' id='word_1_154' title='bbox 351 2533 425 2598; x_wconf 90' lang='lat' dir='ltr'>Nec</span> <span class='ocrx_word' id='word_1_155' title='bbox 440 2534 641 2598; x_wconf 90' lang='lat' dir='ltr'>mirandum</span> <span class='ocrx_word' id='word_1_156' title='bbox 655 2542 709 2596; x_wconf 89' lang='lat' dir='ltr'>est</span> <span class='ocrx_word' id='word_1_157' title='bbox 724 2551 805 2597; x_wconf 90' lang='lat' dir='ltr'>cum</span> <span class='ocrx_word' id='word_1_158' title='bbox 819 2532 1048 2612; x_wconf 90' lang='lat' dir='ltr'>blasphemiis</span> <span class='ocrx_word' id='word_1_159' title='bbox 1061 2532 1259 2610; x_wconf 91' lang='lat' dir='ltr'>horrendis,</span> <span class='ocrx_word' id='word_1_160' title='bbox 1282 2534 1491 2597; x_wconf 90' lang='lat' dir='ltr'>inveteratis</span> 
     </span>
     <span class='ocr_line' id='line_1_21' title="bbox 254 2636 1491 2721; baseline -0.002 -15"><span class='ocrx_word' id='word_1_161' title='bbox 254 2641 445 2706; x_wconf 88' lang='lat' dir='ltr'>discordiis</span> <span class='ocrx_word' id='word_1_162' title='bbox 453 2639 695 2705; x_wconf 88' lang='lat' dir='ltr'>acinimicitiis</span> <span class='ocrx_word' id='word_1_163' title='bbox 703 2639 860 2705; x_wconf 89' lang='lat' dir='ltr'>etusuris</span> <span class='ocrx_word' id='word_1_164' title='bbox 869 2636 1175 2721; x_wconf 81' lang='lat' dir='ltr'>[obnoxiiessent],</span> <span class='ocrx_word' id='word_1_165' title='bbox 1186 2656 1276 2720; x_wconf 89' lang='lat' dir='ltr'>quae</span> <span class='ocrx_word' id='word_1_166' title='bbox 1284 2640 1358 2703; x_wconf 83' lang='lat' dir='ltr'>fere</span> <span class='ocrx_word' id='word_1_167' title='bbox 1366 2640 1491 2705; x_wconf 87' lang='lat' dir='ltr'>eodem</span> 
     </span>
     <span class='ocr_line' id='line_1_22' title="bbox 255 2745 1492 2829; baseline -0.003 -15"><span class='ocrx_word' id='word_1_168' title='bbox 255 2750 364 2815; x_wconf 91' lang='lat' dir='ltr'>modo</span> <span class='ocrx_word' id='word_1_169' title='bbox 387 2749 483 2829; x_wconf 91' lang='lat' dir='ltr'>apud</span> <span class='ocrx_word' id='word_1_170' title='bbox 498 2748 712 2812; x_wconf 88' lang='lat' dir='ltr'>christianos</span> <span class='ocrx_word' id='word_1_171' title='bbox 735 2745 907 2827; x_wconf 90' lang='lat' dir='ltr'>quosdam</span> <span class='ocrx_word' id='word_1_172' title='bbox 929 2746 967 2809; x_wconf 92' lang='lat' dir='ltr'>in</span> <span class='ocrx_word' id='word_1_173' title='bbox 988 2762 1054 2809; x_wconf 92' lang='lat' dir='ltr'>usu</span> <span class='ocrx_word' id='word_1_174' title='bbox 1076 2756 1178 2810; x_wconf 88' lang='lat' dir='ltr'>erant</span> <span class='ocrx_word' id='word_1_175' title='bbox 1200 2755 1305 2827; x_wconf 89' lang='lat' dir='ltr'>atque</span> <span class='ocrx_word' id='word_1_176' title='bbox 1328 2749 1423 2826; x_wconf 90' lang='lat' dir='ltr'>apud</span> <span class='ocrx_word' id='word_1_177' title='bbox 1440 2745 1492 2826; x_wconf 89' lang='lat' dir='ltr'>ju·</span> 
     </span>
     <span class='ocr_line' id='line_1_23' title="bbox 256 2817 1492 2957; baseline -0.003 -36"><span class='ocrx_word' id='word_1_178' title='bbox 256 2817 438 2957; x_wconf 62' lang='lat' dir='ltr'>daeos.)3t</span> <span class='ocrx_word' id='word_1_179' title='bbox 453 2857 503 2919; x_wconf 91' lang='lat' dir='ltr'>ita</span> <span class='ocrx_word' id='word_1_180' title='bbox 515 2854 710 2933; x_wconf 88' lang='lat' dir='ltr'>accidebat,</span> <span class='ocrx_word' id='word_1_181' title='bbox 725 2863 762 2918; x_wconf 92' lang='lat' dir='ltr'>ut</span> <span class='ocrx_word' id='word_1_182' title='bbox 774 2854 897 2917; x_wconf 88' lang='lat' dir='ltr'>decem</span> <span class='ocrx_word' id='word_1_183' title='bbox 911 2862 947 2916; x_wconf 86' lang='lat' dir='ltr'>et</span> <span class='ocrx_word' id='word_1_184' title='bbox 959 2853 1157 2935; x_wconf 89' lang='lat' dir='ltr'>quindecim</span> <span class='ocrx_word' id='word_1_185' title='bbox 1170 2869 1343 2917; x_wconf 86' lang='lat' dir='ltr'>annorum</span> <span class='ocrx_word' id='word_1_186' title='bbox 1359 2855 1492 2917; x_wconf 86' lang='lat' dir='ltr'>confes·</span> 
     </span>
     <span class='ocr_line' id='line_1_24' title="bbox 255 2960 1493 3043; baseline -0.003 -15"><span class='ocrx_word' id='word_1_187' title='bbox 255 2964 378 3029; x_wconf 89' lang='lat' dir='ltr'>siones</span> <span class='ocrx_word' id='word_1_188' title='bbox 392 2971 512 3026; x_wconf 90' lang='lat' dir='ltr'>essent</span> <span class='ocrx_word' id='word_1_189' title='bbox 527 2961 717 3043; x_wconf 89' lang='lat' dir='ltr'>aliquando</span> <span class='ocrx_word' id='word_1_190' title='bbox 739 2960 948 3037; x_wconf 89' lang='lat' dir='ltr'>audiendae,</span> <span class='ocrx_word' id='word_1_191' title='bbox 973 2961 1039 3023; x_wconf 90' lang='lat' dir='ltr'>etsi</span> <span class='ocrx_word' id='word_1_192' title='bbox 1061 2960 1211 3023; x_wconf 88' lang='lat' dir='ltr'>ecclesia</span> <span class='ocrx_word' id='word_1_193' title='bbox 1233 2962 1350 3025; x_wconf 91' lang='lat' dir='ltr'>minus</span> <span class='ocrx_word' id='word_1_194' title='bbox 1370 2960 1493 3024; x_wconf 87' lang='lat' dir='ltr'>luisset</span> 
     </span>
     <span class='ocr_line' id='line_1_25' title="bbox 255 3067 1493 3150; baseline -0.005 -13"><span class='ocrx_word' id='word_1_195' title='bbox 255 3069 446 3137; x_wconf 87' lang='lat' dir='ltr'>commoda</span> <span class='ocrx_word' id='word_1_196' title='bbox 459 3068 564 3150; x_wconf 89' lang='lat' dir='ltr'>(quae</span> <span class='ocrx_word' id='word_1_197' title='bbox 578 3067 701 3149; x_wconf 90' lang='lat' dir='ltr'>primis</span> <span class='ocrx_word' id='word_1_198' title='bbox 716 3067 895 3131; x_wconf 90' lang='lat' dir='ltr'>mensibus</span> <span class='ocrx_word' id='word_1_199' title='bbox 909 3076 1102 3147; x_wconf 90' lang='lat' dir='ltr'>antequam</span> <span class='ocrx_word' id='word_1_200' title='bbox 1115 3067 1373 3131; x_wconf 86' lang='lat' dir='ltr'>instauraretur</span> <span class='ocrx_word' id='word_1_201' title='bbox 1388 3068 1493 3147; x_wconf 92' lang='lat' dir='ltr'>pluri·</span> 
     </span>
     <span class='ocr_line' id='line_1_26' title="bbox 255 3172 1493 3256; baseline -0.004 -15"><span class='ocrx_word' id='word_1_202' title='bbox 255 3178 326 3241; x_wconf 91' lang='lat' dir='ltr'>bus</span> <span class='ocrx_word' id='word_1_203' title='bbox 341 3176 377 3240; x_wconf 92' lang='lat' dir='ltr'>in</span> <span class='ocrx_word' id='word_1_204' title='bbox 391 3175 479 3241; x_wconf 88' lang='lat' dir='ltr'>locis</span> <span class='ocrx_word' id='word_1_205' title='bbox 494 3183 572 3239; x_wconf 87' lang='lat' dir='ltr'>erat</span> <span class='ocrx_word' id='word_1_206' title='bbox 586 3174 728 3256; x_wconf 88' lang='lat' dir='ltr'>pluviae</span> <span class='ocrx_word' id='word_1_207' title='bbox 744 3174 923 3247; x_wconf 88' lang='lat' dir='ltr'>obnoxia).</span> <span class='ocrx_word' id='word_1_208' title='bbox 937 3172 982 3235; x_wconf 90' lang='lat' dir='ltr'>Et</span> <span class='ocrx_word' id='word_1_209' title='bbox 992 3172 1042 3235; x_wconf 91' lang='lat' dir='ltr'>ita</span> <span class='ocrx_word' id='word_1_210' title='bbox 1057 3190 1140 3235; x_wconf 93' lang='lat' dir='ltr'>cum</span> <span class='ocrx_word' id='word_1_211' title='bbox 1153 3173 1269 3253; x_wconf 90' lang='lat' dir='ltr'>coepit</span> <span class='ocrx_word' id='word_1_212' title='bbox 1284 3172 1323 3236; x_wconf 93' lang='grc' dir='ltr'>Ρ.</span> <span class='ocrx_word' id='word_1_213' title='bbox 1339 3174 1493 3238; x_wconf 91' lang='lat' dir='ltr'>Lauren-</span> 
     </span>
     <span class='ocr_line' id='line_1_27' title="bbox 255 3279 1493 3359; baseline -0.006 -11"><span class='ocrx_word' id='word_1_214' title='bbox 255 3284 331 3348; x_wconf 91' lang='lat' dir='ltr'>tius</span> <span class='ocrx_word' id='word_1_215' title='bbox 342 3282 529 3347; x_wconf 90' lang='lat' dir='ltr'>dominicis</span> <span class='ocrx_word' id='word_1_216' title='bbox 544 3298 587 3344; x_wconf 93' lang='lat' dir='ltr'>ac</span> <span class='ocrx_word' id='word_1_217' title='bbox 602 3280 702 3344; x_wconf 82' lang='lat' dir='ltr'>festis</span> <span class='ocrx_word' id='word_1_218' title='bbox 712 3290 835 3343; x_wconf 92' lang='lat' dir='ltr'>nostro</span> <span class='ocrx_word' id='word_1_219' title='bbox 850 3280 886 3342; x_wconf 89' lang='lat' dir='ltr'>in</span> <span class='ocrx_word' id='word_1_220' title='bbox 898 3279 1029 3359; x_wconf 90' lang='lat' dir='ltr'>templo</span> <span class='ocrx_word' id='word_1_221' title='bbox 1043 3279 1260 3359; x_wconf 89' lang='lat' dir='ltr'>concionari,</span> <span class='ocrx_word' id='word_1_222' title='bbox 1277 3280 1394 3344; x_wconf 90' lang='lat' dir='ltr'>minus</span> <span class='ocrx_word' id='word_1_223' title='bbox 1408 3283 1493 3343; x_wconf 91' lang='lat' dir='ltr'>mul·</span> 
     </span>
     <span class='ocr_line' id='line_1_28' title="bbox 255 3387 1492 3468; baseline -0.004 -14"><span class='ocrx_word' id='word_1_224' title='bbox 255 3392 287 3455; x_wconf 93' lang='lat' dir='ltr'>ti</span> <span class='ocrx_word' id='word_1_225' title='bbox 308 3390 512 3467; x_wconf 85' lang='lat' dir='ltr'>veniebant,</span> <span class='ocrx_word' id='word_1_226' title='bbox 531 3388 615 3453; x_wconf 87' lang='lat' dir='ltr'>licet</span> <span class='ocrx_word' id='word_1_227' title='bbox 634 3387 740 3468; x_wconf 88' lang='lat' dir='ltr'>pauci</span> <span class='ocrx_word' id='word_1_228' title='bbox 760 3403 831 3451; x_wconf 90' lang='lat' dir='ltr'>non</span> <span class='ocrx_word' id='word_1_229' title='bbox 846 3394 976 3463; x_wconf 87' lang='lat' dir='ltr'>essent,</span> <span class='ocrx_word' id='word_1_230' title='bbox 992 3402 1100 3465; x_wconf 88' lang='lat' dir='ltr'>quam</span> <span class='ocrx_word' id='word_1_231' title='bbox 1114 3395 1238 3466; x_wconf 90' lang='lat' dir='ltr'>postea</span> <span class='ocrx_word' id='word_1_232' title='bbox 1254 3397 1492 3451; x_wconf 89' lang='lat' dir='ltr'>accesserunt.</span> 
     </span>
    </p>

    <p class='ocr_par' dir='ltr' id='par_1_5' title="bbox 257 3492 1496 4217">
     <span class='ocr_line' id='line_1_29' title="bbox 325 3492 1494 3560; baseline -0.003 -1"><span class='ocrx_word' id='word_1_233' title='bbox 325 3494 393 3559; x_wconf 83' lang='lat'>103.</span> <span class='ocrx_word' id='word_1_234' title='bbox 436 3494 678 3560; x_wconf 86' lang='lat' dir='ltr'>Christianam</span> <span class='ocrx_word' id='word_1_235' title='bbox 698 3502 816 3558; x_wconf 90' lang='lat' dir='ltr'>autem</span> <span class='ocrx_word' id='word_1_236' title='bbox 838 3492 1039 3555; x_wconf 89' lang='lat' dir='ltr'>doctrinam</span> <span class='ocrx_word' id='word_1_237' title='bbox 1060 3492 1183 3555; x_wconf 91' lang='lat' dir='ltr'>diebus</span> <span class='ocrx_word' id='word_1_238' title='bbox 1205 3493 1347 3556; x_wconf 89' lang='lat' dir='ltr'>veneris</span> <span class='ocrx_word' id='word_1_239' title='bbox 1366 3495 1494 3557; x_wconf 87' lang='lat' dir='ltr'>docere</span> 
     </span>
     <span class='ocr_line' id='line_1_30' title="bbox 257 3599 1492 3684; baseline -0.004 -16"><span class='ocrx_word' id='word_1_240' title='bbox 257 3612 441 3684; x_wconf 83' lang='lat' dir='ltr'>coeperat3</span> <span class='ocrx_word' id='word_1_241' title='bbox 456 3600 663 3665; x_wconf 88' lang='lat' dir='ltr'>scholastici</span> <span class='ocrx_word' id='word_1_242' title='bbox 678 3610 826 3677; x_wconf 89' lang='lat' dir='ltr'>tantum,</span> <span class='ocrx_word' id='word_1_243' title='bbox 843 3599 903 3679; x_wconf 91' lang='lat' dir='ltr'>qui</span> <span class='ocrx_word' id='word_1_244' title='bbox 917 3600 992 3663; x_wconf 83' lang='lat' dir='ltr'>sere</span> <span class='ocrx_word' id='word_1_245' title='bbox 1007 3608 1149 3662; x_wconf 89' lang='lat' dir='ltr'>centum</span> <span class='ocrx_word' id='word_1_246' title='bbox 1162 3609 1197 3662; x_wconf 92' lang='lat' dir='ltr'>et</span> <span class='ocrx_word' id='word_1_247' title='bbox 1211 3599 1357 3679; x_wconf 85' lang='lat' dir='ltr'>triginta</span> <span class='ocrx_word' id='word_1_248' title='bbox 1379 3612 1492 3678; x_wconf 88' lang='lat' dir='ltr'>erant,</span> 
     </span>
     <span class='ocr_line' id='line_1_31' title="bbox 257 3705 1493 3787; baseline -0.004 -12"><span class='ocrx_word' id='word_1_249' title='bbox 257 3727 343 3775; x_wconf 90' lang='lat' dir='ltr'>eum</span> <span class='ocrx_word' id='word_1_250' title='bbox 357 3708 560 3787; x_wconf 84' lang='lat' dir='ltr'>audiebaut;</span> <span class='ocrx_word' id='word_1_251' title='bbox 583 3706 619 3770; x_wconf 94' lang='lat' dir='ltr'>id</span> <span class='ocrx_word' id='word_1_252' title='bbox 634 3706 802 3787; x_wconf 86' lang='lat' dir='ltr'>expedire</span> <span class='ocrx_word' id='word_1_253' title='bbox 824 3706 942 3769; x_wconf 89' lang='lat' dir='ltr'>visum</span> <span class='ocrx_word' id='word_1_254' title='bbox 964 3713 1029 3784; x_wconf 91' lang='lat' dir='ltr'>est,</span> <span class='ocrx_word' id='word_1_255' title='bbox 1053 3706 1142 3768; x_wconf 92' lang='lat' dir='ltr'>utin</span> <span class='ocrx_word' id='word_1_256' title='bbox 1157 3705 1250 3769; x_wconf 87' lang='lat' dir='ltr'>diem</span> <span class='ocrx_word' id='word_1_257' title='bbox 1278 3706 1493 3770; x_wconf 90' lang='lat' dir='ltr'>dominicum</span> 
     </span>
     <span class='ocr_line' id='line_1_32' title="bbox 258 3810 1495 3898; baseline -0.002 -18"><span class='ocrx_word' id='word_1_258' title='bbox 258 3826 344 3898; x_wconf 89' lang='lat' dir='ltr'>post</span> <span class='ocrx_word' id='word_1_259' title='bbox 368 3815 552 3880; x_wconf 91' lang='lat' dir='ltr'>meridiem</span> <span class='ocrx_word' id='word_1_260' title='bbox 574 3832 616 3877; x_wconf 90' lang='lat' dir='ltr'>ea</span> <span class='ocrx_word' id='word_1_261' title='bbox 636 3814 741 3877; x_wconf 91' lang='lat' dir='ltr'>lectio</span> <span class='ocrx_word' id='word_1_262' title='bbox 766 3810 1032 3890; x_wconf 76' lang='lat' dir='ltr'>transferretur,</span> <span class='ocrx_word' id='word_1_263' title='bbox 1059 3821 1094 3874; x_wconf 90' lang='lat' dir='ltr'>et</span> <span class='ocrx_word' id='word_1_264' title='bbox 1118 3823 1198 3892; x_wconf 92' lang='lat' dir='ltr'>post</span> <span class='ocrx_word' id='word_1_265' title='bbox 1223 3814 1495 3894; x_wconf 87' lang='lat' dir='ltr'>explicationem</span> 
     </span>
     <span class='ocr_line' id='line_1_33' title="bbox 257 3917 1495 4007; baseline -0.002 -20"><span class='ocrx_word' id='word_1_266' title='bbox 257 3923 469 4007; x_wconf 87' lang='lat' dir='ltr'>praedictae</span> <span class='ocrx_word' id='word_1_267' title='bbox 487 3922 689 4000; x_wconf 90' lang='lat' dir='ltr'>doctrinae,</span> <span class='ocrx_word' id='word_1_268' title='bbox 711 3920 948 3998; x_wconf 82' lang='lat' dir='ltr'>Evangelium</span> <span class='ocrx_word' id='word_1_269' title='bbox 969 3918 1077 3981; x_wconf 87' lang='lat' dir='ltr'>etiam</span> <span class='ocrx_word' id='word_1_270' title='bbox 1097 3917 1172 3998; x_wconf 85' lang='lat' dir='ltr'>ejus</span> <span class='ocrx_word' id='word_1_271' title='bbox 1192 3919 1261 3982; x_wconf 91' lang='lat' dir='ltr'>diei</span> <span class='ocrx_word' id='word_1_272' title='bbox 1282 3922 1464 3984; x_wconf 90' lang='lat' dir='ltr'>moraliter</span> <span class='ocrx_word' id='word_1_273' title='bbox 1489 3922 1495 3951; x_wconf 90' lang='lat'><strong>¹</strong></span> 
     </span>
     <span class='ocr_line' id='line_1_34' title="bbox 258 4025 1496 4111; baseline -0.003 -15"><span class='ocrx_word' id='word_1_274' title='bbox 258 4030 476 4111; x_wconf 83' lang='lat' dir='ltr'>explicabat;</span> <span class='ocrx_word' id='word_1_275' title='bbox 492 4038 527 4093; x_wconf 91' lang='lat' dir='ltr'>et</span> <span class='ocrx_word' id='word_1_276' title='bbox 546 4038 641 4105; x_wconf 87' lang='lat' dir='ltr'>tunc,</span> <span class='ocrx_word' id='word_1_277' title='bbox 663 4036 804 4108; x_wconf 89' lang='lat' dir='ltr'>praeter</span> <span class='ocrx_word' id='word_1_278' title='bbox 826 4025 1072 4104; x_wconf 89' lang='lat' dir='ltr'>scholasticos,</span> <span class='ocrx_word' id='word_1_279' title='bbox 1094 4028 1294 4106; x_wconf 90' lang='lat' dir='ltr'>complures</span> <span class='ocrx_word' id='word_1_280' title='bbox 1316 4028 1496 4092; x_wconf 88' lang='lat' dir='ltr'>auditores</span> 
     </span>
     <span class='ocr_line' id='line_1_35' title="bbox 257 4131 1113 4217; baseline -0.007 -16"><span class='ocrx_word' id='word_1_281' title='bbox 257 4137 447 4217; x_wconf 90' lang='lat' dir='ltr'>utriusque</span> <span class='ocrx_word' id='word_1_282' title='bbox 462 4152 570 4198; x_wconf 85' lang='lat' dir='ltr'>sexus</span> <span class='ocrx_word' id='word_1_283' title='bbox 586 4152 665 4198; x_wconf 89' lang='lat' dir='ltr'>eum</span> <span class='ocrx_word' id='word_1_284' title='bbox 683 4150 765 4197; x_wconf 93' lang='lat' dir='ltr'>cum</span> <span class='ocrx_word' id='word_1_285' title='bbox 778 4132 897 4195; x_wconf 83' lang='lat' dir='ltr'>fructu</span> <span class='ocrx_word' id='word_1_286' title='bbox 912 4131 1113 4195; x_wconf 88' lang='lat' dir='ltr'>audiebant.</span> 
     </span>
    </p>

    <p class='ocr_par' dir='ltr' id='par_1_6' title="bbox 259 4238 1500 4423">
     <span class='ocr_line' id='line_1_36' title="bbox 327 4238 1499 4321; baseline -0.001 -15"><span class='ocrx_word' id='word_1_287' title='bbox 327 4240 397 4306; x_wconf 83' lang='grc'><strong>104.</strong></span> <span class='ocrx_word' id='word_1_288' title='bbox 440 4240 507 4305; x_wconf 90' lang='lat' dir='ltr'>Per</span> <span class='ocrx_word' id='word_1_289' title='bbox 528 4242 689 4320; x_wconf 85' lang='lat' dir='ltr'>singulas</span> <span class='ocrx_word' id='word_1_290' title='bbox 714 4240 821 4303; x_wconf 90' lang='lat' dir='ltr'>etiam</span> <span class='ocrx_word' id='word_1_291' title='bbox 844 4239 971 4302; x_wconf 90' lang='lat' dir='ltr'>dornos</span> <span class='ocrx_word' id='word_1_292' title='bbox 991 4238 1243 4319; x_wconf 88' lang='lat' dir='ltr'>primariorum</span> <span class='ocrx_word' id='word_1_293' title='bbox 1263 4242 1499 4321; x_wconf 89' lang='lat' dir='ltr'>quorumdam</span> 
     </span>
     <span class='ocr_line' id='line_1_37' title="bbox 259 4344 1500 4423; baseline -0.004 -7"><span class='ocrx_word' id='word_1_294' title='bbox 259 4352 301 4416; x_wconf 90' lang='lat' dir='ltr'>P.</span> <span class='ocrx_word' id='word_1_295' title='bbox 318 4348 536 4412; x_wconf 88' lang='lat' dir='ltr'>Laurentius</span> <span class='ocrx_word' id='word_1_296' title='bbox 551 4363 629 4410; x_wconf 87' lang='lat' dir='ltr'>sese</span> <span class='ocrx_word' id='word_1_297' title='bbox 645 4346 846 4410; x_wconf 90' lang='lat' dir='ltr'>hominibus</span> <span class='ocrx_word' id='word_1_298' title='bbox 861 4344 928 4408; x_wconf 91' lang='lat' dir='ltr'>illis</span> <span class='ocrx_word' id='word_1_299' title='bbox 951 4345 1166 4423; x_wconf 88' lang='lat' dir='ltr'>insinuabat,</span> <span class='ocrx_word' id='word_1_300' title='bbox 1190 4357 1228 4409; x_wconf 90' lang='lat' dir='ltr'>ut</span> <span class='ocrx_word' id='word_1_301' title='bbox 1243 4348 1287 4409; x_wconf 89' lang='lat' dir='ltr'>ab</span> <span class='ocrx_word' id='word_1_302' title='bbox 1307 4347 1500 4411; x_wconf 90' lang='lat' dir='ltr'>inimicitiis</span> 
     </span>
    </p>
   </div>
   <div class='ocr_carea' id='block_1_3' title="bbox 265 4522 486 4539">
    <p class='ocr_par' dir='ltr' id='par_1_7' title="bbox 265 4522 486 4539">
     <span class='ocr_line' id='line_1_38' title="bbox 265 4522 486 4539; baseline -0.018 0"><span class='ocrx_word' id='word_1_303' title='bbox 265 4522 486 4539; x_wconf 42' lang='grc' dir='ltr'><strong>ψ</strong></span> 
     </span>
    </p>
   </div>
   <div class='ocr_carea' id='block_1_4' title="bbox 264 4640 1501 4769">
    <p class='ocr_par' dir='ltr' id='par_1_8' title="bbox 264 4640 1501 4769">
     <span class='ocr_line' id='line_1_39' title="bbox 308 4640 1501 4699; baseline 0.002 -13"><span class='ocrx_word' id='word_1_304' title='bbox 308 4649 317 4677; x_wconf 86' lang='lat'><strong>¹</strong></span> <span class='ocrx_word' id='word_1_305' title='bbox 348 4640 460 4694; x_wconf 85' lang='lat' dir='ltr'>Scilicet,</span> <span class='ocrx_word' id='word_1_306' title='bbox 469 4651 502 4685; x_wconf 85' lang='lat' dir='ltr'>ex</span> <span class='ocrx_word' id='word_1_307' title='bbox 512 4640 651 4695; x_wconf 70' lang='lat' dir='ltr'>Evangelll</span> <span class='ocrx_word' id='word_1_308' title='bbox 663 4640 837 4696; x_wconf 79' lang='lat' dir='ltr'>explicatione</span> <span class='ocrx_word' id='word_1_309' title='bbox 849 4640 977 4694; x_wconf 81' lang='lat' dir='ltr'>quaedam</span> <span class='ocrx_word' id='word_1_310' title='bbox 987 4640 1118 4684; x_wconf 84' lang='lat' dir='ltr'>educendo</span> <span class='ocrx_word' id='word_1_311' title='bbox 1124 4640 1158 4684; x_wconf 79' lang='lat' dir='ltr'>ad</span> <span class='ocrx_word' id='word_1_312' title='bbox 1165 4642 1246 4687; x_wconf 80' lang='lat' dir='ltr'>bonos</span> <span class='ocrx_word' id='word_1_313' title='bbox 1253 4653 1339 4687; x_wconf 75' lang='lat' dir='ltr'>mores</span> <span class='ocrx_word' id='word_1_314' title='bbox 1349 4655 1501 4699; x_wconf 74' lang='lat' dir='ltr'>promoven·</span> 
     </span>
     <span class='ocr_line' id='line_1_40' title="bbox 264 4716 482 4769; baseline -0.023 -8"><span class='ocrx_word' id='word_1_315' title='bbox 264 4716 315 4761; x_wconf 74' lang='lat' dir='ltr'>dot</span> <span class='ocrx_word' id='word_1_316' title='bbox 326 4720 482 4769; x_wconf 74' lang='lat' dir='ltr'>opportuna.</span> 
     </span>
    </p>
   </div>
   <div class='ocr_carea' id='block_1_5' title="bbox 0 0 1880 5400">
    <p class='ocr_par' dir='ltr' id='par_1_9' title="bbox 0 0 1880 5400">
     <span class='ocr_line' id='line_1_41' title="bbox 0 0 1880 5400; baseline 0 0"><span class='ocrx_word' id='word_1_317' title='bbox 0 0 1880 5400; x_wconf 95' lang='lat' dir='ltr'> </span> 
     </span>
    </p>
   </div>
  </div>
 </body>
</html>
