3717 5400
365 465 421 526 340
832 463 961 523 Canon.
981 461 1058 522 Soc.
1079 462 1150 535 Jns.

426 611 497 674 914.
541 609 763 674 Decreverat
778 617 896 672 autem
916 607 1115 689 Episcopus
1135 607 1401 672 Claramontem
1424 617 1459 673 et
1480 610 1527 673 ad
1547 611 1611 674 vi·

365 721 467 783 cinas
484 718 589 782 urbes
604 717 812 780 adverbum
827 714 895 779 Dei
909 715 1188 796 praedicandum
1203 732 1284 778 eum
1303 716 1459 793 mittere,
1476 734 1598 797 quam·

365 827 423 889 vis
440 821 768 904 circumjacentium
788 838 965 903 pagorum
988 822 1172 885 immemor
1197 839 1276 885 esse
1295 822 1448 886 nolebat.
1472 821 1605 889 Voluit>

364 933 562 1013 Episcopus
578 939 616 995 ut
630 949 652 994 a
667 927 842 993 Praefecti
857 928 963 992 domo
979 928 1025 991 ad
1039 927 1158 1007 aliam,
1170 945 1278 1007 quam
1290 929 1440 1009 ipsemet
1450 930 1605 1010 Episco-

363 1056 430 1120 pus
445 1046 729 1119 comparaverat,
743 1036 838 1117 apud
848 1037 1035 1098 honestum
1045 1033 1235 1115 quemdam
1246 1045 1281 1098 et
1293 1046 1486 1116 provectae
1497 1047 1593 1100 aeta-

362 1148 408 1212 tis
423 1147 541 1210 virum
556 1143 748 1224 hospitium
762 1143 921 1207 haberet.
936 1141 1092 1222 Optabat
1103 1151 1221 1206 autem
1237 1143 1409 1222 magister
1418 1141 1606 1209 Robertus.

363 1254 500 1336 aliquos
515 1253 559 1316 de
573 1251 752 1316 Societate
766 1258 890 1314 nostra
905 1249 1089 1329 suppetias
1104 1249 1173 1329 ipsi
1186 1248 1288 1327 mitti,
1301 1249 1385 1329 quia
1400 1251 1599 1331 spiritualis

363 1360 489 1424 messis
504 1358 682 1422 uberrima
698 1366 733 1419 et
744 1356 818 1436 J'am
834 1356 915 1419 alba
930 1356 1139 1436 apparebat,
1154 1372 1238 1419 narn
1250 1355 1378 1419 affectu
1389 1356 1521 1437 insigni
1533 1359 1604 1423 bo·-

361 1468 475 1533 mines
495 1466 708 1545 magistrum
727 1462 922 1527 Robertum
941 1462 1265 1543 prosequebantur,
1288 1464 1381 1527 inter
1403 1481 1493 1544 quos
1517 1476 1594 1529 erat

363 1575 502 1655 aliquis,
525 1573 586 1654 qui
606 1588 687 1635 cum
707 1571 799 1634 inter
819 1569 1045 1649 blasphemos
1068 1569 1126 1631 vel
1146 1569 1302 1632 maxime
1323 1569 1466 1633 infamis
1487 1581 1602 1649 esset..

359 1683 429 1746 alia
451 1679 594 1760 negotia
614 1678 839 1759 relinqueret,
861 1677 945 1740 licet
963 1677 1080 1755 ipsum
1104 1686 1286 1756 urgerent,
1313 1694 1359 1740 ne
1380 1678 1600 1744 concionum

358 1791 477 1854 fructu
491 1789 705 1869 privaretur.
722 1784 843 1865 Aliqui
856 1783 964 1847 etiam
980 1783 1100 1847 multis
1115 1783 1218 1846 annis
1232 1784 1325 1847 inter
1334 1800 1374 1847 se
1383 1782 1591 1851 dissentien-

357 1909 412 1961 tes
427 1897 465 1960 in
479 1893 710 1959 concordiam
724 1892 860 1955 redacti
874 1899 969 1955 sunt.

416 2003 488 2068 915.
532 2001 732 2080 Trigesima
746 1999 853 2081 Junii,
871 2008 1060 2078 postquam
1080 1997 1291 2077 supplicatio
1312 1998 1478 2062 solemnis
1499 2002 1598 2065 cele-

355 2115 458 2177 brata
469 2111 596 2188 suerat,
610 2108 693 2187 quia
705 2105 903 2170 dominicus
914 2113 992 2168 erat
1003 2103 1090 2182 dies,
1108 2112 1190 2168 ante
1202 2105 1385 2168 meridiem
1396 2106 1538 2186 quidem
1550 2109 1595 2172 in

355 2219 487 2299 templo
503 2216 549 2280 D.
565 2215 657 2295 Lupi
671 2212 903 2277 concionatus
918 2220 984 2288 est,
1001 2211 1063 2274 sed
1078 2220 1158 2290 post
1173 2212 1415 2291 vespertinum
1437 2213 1593 2278 officium

355 2326 450 2408 apud
464 2324 622 2388 Montem
636 2319 825 2398 Morinum,
842 2317 1008 2382 milliario
1028 2317 1110 2380 inde
1132 2317 1271 2381 distans
1285 2316 1307 2396 ¹,
1324 2336 1345 2382 a
1360 2319 1502 2383 domina
1517 2323 1594 2384 loci

355 2451 420 2516 per
435 2435 572 2496 litteras
588 2428 771 2505 invitatuS,
788 2425 997 2488 concionem
1018 2423 1152 2501 habuit,
1176 2441 1219 2487 ac
1239 2425 1345 2487 modo
1371 2427 1488 2504 simili,
1509 2427 1595 2508 ipso-

354 2543 412 2607 die
426 2537 653 2604 Visitationis
674 2535 713 2600 B.
734 2533 898 2612 Virginis
917 2549 1022 2596 mane
1049 2532 1085 2595 in
1111 2548 1250 2595 summo
1270 2535 1402 2612 templo
1422 2534 1594 2616 Billiomi,

354 2655 436 2732 post
450 2645 635 2713 meridiem
651 2641 744 2724 apud
762 2640 919 2705 Montem
940 2638 1119 2704 Morinum
1144 2640 1371 2719 evangelium
1391 2642 1583 2707 enarravit.

355 2756 426 2821 Sed
441 2766 476 2818 et
490 2753 667 2830 Riomum,
683 2766 775 2829 quae
790 2747 940 2811 celebris
955 2754 1009 2809 est
1029 2746 1156 2809 civitas
1178 2744 1199 2823 ¹,
1220 2744 1272 2809 ὅθ
1293 2747 1350 2809 die
1369 2748 1453 2829 Julii
1471 2749 1589 2829 prose-

353 2872 443 2941 ctuS,
471 2862 689 2939 multumque
716 2862 941 2936 expectatuS,
968 2852 1057 2916 duas
1085 2853 1214 2916 ibidem
1243 2855 1435 2918 conciones
1462 2857 1584 2921 habuit

353 2967 570 3051 usqueadeo
586 2965 724 3029 civibus
738 2972 873 3044 grataS,
890 2969 928 3023 ut
943 2959 1070 3023 litteris
1085 2960 1131 3023 ad
1155 2959 1374 3040 Episcopum
1395 2962 1523 3043 missis,
1545 2965 1588 3028 in

352 3080 446 3143 diem
466 3074 682 3140 dominicum
700 3070 902 3151 proximum
917 3083 998 3130 eum
1013 3067 1206 3147 impetrare
1221 3069 1438 3132 curaverint.
1460 3069 1591 3151 Itaque

351 3185 482 3250 ibidem
499 3183 565 3245 14²
578 3179 672 3263 Julii,
690 3176 906 3241 concedente
920 3174 1111 3254 Episcopo,
1133 3174 1189 3237 bis
1214 3172 1258 3235 de
1282 3191 1478 3255 pauperum
1503 3181 1582 3241 sub·

350 3293 516 3357 ventione
532 3289 626 3366 (nam
642 3303 685 3349 eo
701 3285 757 3348 die
772 3282 955 3365 processio
966 3297 1162 3361 pauperum
1174 3281 1361 3359 agebatur)
1374 3283 1587 3349 concionem

347 3399 510 3463 institnit.
533 3395 640 3459 Cives
663 3402 793 3469 autem,
815 3388 1085 3467 diutius-ipsum
1106 3386 1258 3450 retinere
1277 3398 1451 3469 optantes,
1469 3393 1585 3457 multa·

347 3506 555 3581 offerebant,
572 3502 603 3564 si
618 3498 711 3580 apud
728 3500 824 3579 ipsos
839 3495 1051 3559 commorari
1066 3494 1188 3571 vellet3
1205 3504 1239 3556 et
1255 3496 1490 3559 concionandi
1506 3516 1580 3562 mu·

344 3632 412 3677 nus
432 3614 469 3675 in
495 3610 664 3674 Adventu
685 3604 852 3670 Vicarius
873 3602 1060 3666 Generalis
1084 3602 1118 3664 ei
1144 3601 1283 3679 obtulit;
1310 3602 1373 3665 sed
1397 3605 1578 3683 respondit

343 3720 516 3801 magister
531 3716 709 3779 Robertus
723 3712 828 3775 fidem
843 3711 887 3774 ab
903 3710 1080 3789 Episcopo
1096 3708 1381 3771 Billiomensibus
1395 3709 1526 3807 datam,
1542 3720 1578 3776 et

344 3844 425 3891 cum
446 3825 506 3888 alii
526 3823 561 3887 id
581 3824 778 3884 niterentur
800 3803 960 3879 obtinere
980 3815 1025 3877 ab
1044 3813 1223 3894 Episcopo
1243 3814 1278 3876 in
1294 3813 1499 3881 Adventum
1518 3820 1577 3882 vel

342 3930 678 4015 Quadragesimam,
709 3925 889 4005 repulsam
915 3922 1013 4001 passi
1038 3930 1132 3983 sunt.
1159 3920 1205 3983 Et
1229 3922 1487 3986 succensebant
1515 3924 1578 4004 pia

341 4040 497 4123 quadam
522 4033 760 4098 aemulatione
788 4028 1037 4093 Riomensibus
1065 4027 1165 4090 cives
1194 4026 1452 4108 Billiomenses,
1483 4030 1582 4110 apud

341 4165 430 4230 qnos
454 4142 618 4225 sequenti
643 4138 821 4203 dominica
845 4136 1019 4215 magister
1045 4132 1223 4197 Robertus
1252 4135 1485 4199 concionatus
1510 4147 1574 4213 est;

343 4264 378 4320 et
393 4256 429 4317 in
444 4252 500 4315 die
516 4248 597 4314 81²⁸
612 4247 748 4311 Mariae
764 4243 999 4323 Magdalenae
1018 4241 1055 4304 in
1078 4257 1174 4321 pago
1197 4240 1396 4304 Extendeul
1414 4239 1426 4271 ³
1445 4252 1579 4322 rogatu

343 4372 556 4389 *μή

381 4422 389 4455 ¹
418 4417 630 4469 “Mont·blorln...,
648 4415 679 4459 de
695 4413 788 4458 Blllom
803 4412 826 4463 (5
841 4410 911 4464 1ιί1).,,
928 4409 1041 4462 Jonvun,
1059 4408 1250 4452 Dictionnat're
1272 4409 1472 4463 gcographique
1491 4410 1525 4456 de
1545 4411 1577 4457 la

339 4494 452 4537 Franco.

377 4566 389 4597 ¹
416 4562 509 4605 urbem
529 4560 668 4613 ingratam
684 4556 824 4601 celebrem.
843 4554 900 4607 lpse
916 4552 1098 4604 Ccaussovrus,
1111 4552 1231 4596 Litterae
1246 4552 1478 4611 Quadrimestres,
1494 4561 1514 4599 t.
1533 4566 1574 4611 nt,

337 4647 400 4741 pa}
413 4634 466 4759 (ἔδει
478 4707 518 4747 est
528 4706 616 4746 autem
626 4698 798 4751 Estandem'l,
808 4696 929 4741 milliario
941 4695 1072 4739 meridiem
1083 4706 1175 4740 versus
1184 4695 1371 4741 Montemorino
1379 4698 1488 4743 distans.
