3717 5400
804 513 864 572 Au.
887 513 959 572 1555
1343 599 1348 611 Ι
1438 511 1493 569 dib

264 673 456 738 emosynas
478 675 498 721 a
517 657 730 738 primoribus
755 657 830 739 ejus
848 659 953 722 navis
973 659 1008 721 in
1032 675 1134 722 usum
1154 657 1416 736 aegrotantium
1435 674 1491 738 pe-

265 773 339 827 tere
354 775 558 843 coeperunt,
575 776 610 830 et
626 765 826 846 praefectus
845 768 945 846 large
967 766 1087 830 omnia
1106 765 1310 829 necessaria
1328 764 1490 845 suppedi-

261 880 338 934 tare
365 871 492 952 coepit.
523 871 719 953 Quemdam
747 875 854 936 etiam
883 874 1037 936 amicum
1062 873 1216 936 habebat
1239 873 1262 949 ¹,
1288 873 1349 952 qui
1371 872 1489 953 aliqua

261 978 417 1042 remedia
433 979 601 1042 adhibere
615 989 778 1060 noverat;
795 990 829 1043 et
843 981 957 1044 nostri
971 979 1166 1061 pharmaca
1182 979 1429 1057 conficiebant,
1454 989 1489 1041 et

258 1085 376 1149 infima
397 1103 556 1167 quaeque
580 1087 774 1151 ministeria
796 1086 1026 1168 praestabant
1050 1086 1288 1167 quadraginta
1309 1086 1366 1148 vel
1388 1087 1487 1166 quin·

257 1193 429 1272 quaginta
445 1194 723 1274 aegrotantibus,
741 1205 775 1258 et
791 1195 908 1257 cibum
924 1193 1057 1257 eisdem
1072 1193 1270 1272 coquebant
1291 1201 1391 1255 tanto
1407 1209 1487 1255 cum

257 1299 388 1374 labore,
407 1313 444 1364 ut
460 1319 563 1364 nemo
578 1302 710 1365 nostris
726 1319 796 1364 non
808 1311 1082 1381 compateretur.

319 1406 406 1470 1768.
451 1407 644 1472 Succubuit
659 1411 772 1473 labori
788 1410 931 1473 tandem
945 1409 1124 1492 Josephus
1137 1418 1172 1473 et
1190 1408 1228 1471 in
1251 1408 1415 1471 morbum
1436 1408 1487 1471 in·

256 1514 352 1592 cidit,
369 1524 414 1592 et,
431 1515 525 1595 quod
540 1516 572 1579 ci
587 1516 829 1596 suppeditaret
844 1517 880 1579 in
900 1516 1019 1579 cibum
1039 1533 1119 1580 cum
1139 1515 1353 1596 pauperibus
1374 1513 1487 1578 dedis·

256 1631 345 1699 sent,
363 1641 434 1685 non
449 1622 600 1686 habebat
615 1623 682 1686 nisi
698 1642 742 1686 ex
758 1623 1009 1703 eleemosyniS,
1031 1640 1122 1703 quae
1137 1621 1277 1685 abunde
1292 1620 1337 1683 ad
1352 1619 1429 1700 ejus
1450 1632 1487 1685 et

256 1728 405 1792 aliorum
428 1729 884 1810 usum'suppeditabantur,
909 1739 943 1792 et
969 1729 1037 1810 ipsi
1055 1729 1162 1792 etiam
1181 1737 1312 1791 nautae
1331 1727 1483 1791 delicata

256 1835 454 1915 quaedam,
482 1853 572 1916 quae
597 1839 663 1918 ipsi
689 1840 901 1914 attulerant,
929 1839 966 1901 in
991 1855 1094 1900 usum
1118 1836 1380 1916 aegrotantium
1407 1835 1484 1899 mit·

256 1942 387 2006 tebant.

317 2049 405 2114 1769.
448 2050 551 2116 Solus
563 2051 637 2132 jam
651 2064 836 2134 supererat
850 2052 889 2117 Ρ.
905 2053 1100 2130 AntoniuS,
1117 2052 1175 2116 cui
1193 2050 1433 2114 valetudinem
1448 2061 1483 2112 et

256 2158 353 2221 vires
367 2157 541 2223 Dominus
556 2161 798 2238 conservavit,
814 2179 858 2224 ne
874 2161 933 2224 alii
947 2161 1046 2223 multi
1061 2169 1295 2233 morerentur,
1313 2157 1371 2238 qui
1386 2157 1482 2220 haud

257 2263 373 2334 dubie,
391 2265 422 2328 si
436 2265 591 2330 humana
613 2277 856 2347 expectentur,
872 2267 948 2330 sine
962 2267 1038 2347 ejus
1053 2284 1162 2346 opera
1176 2265 1307 2328 mortui
1320 2264 1479 2341 fuissent.

255 2369 427 2448 Quamvis
452 2383 571 2437 autem
594 2375 662 2438 hoc
683 2386 857 2454 tempore,
885 2393 956 2456 quo
982 2386 1054 2438 tam
1074 2375 1193 2438 multis
1212 2372 1481 2452 aegrotantibus

252 2477 479 2559 inserviebat,
497 2481 738 2545 consessiones
753 2482 875 2546 audire
894 2501 965 2546 non
980 2490 1135 2560 poterat,
1158 2496 1339 2560 nunquam
1360 2487 1480 2540 tamen

254 2585 378 2650 diebus
397 2586 497 2650 sestis
516 2597 551 2650 et
570 2588 758 2653 dominicis
777 2589 986 2653 concionem
1006 2587 1204 2666 intermisit,
1227 2585 1391 2667 quamvis
1405 2587 1480 2648 nui·

253 2694 325 2757 ium
340 2711 488 2773 prorsus
503 2695 608 2759 studii
624 2706 762 2777 tempus
777 2706 988 2778 superesset,
1005 2712 1186 2776 nunquam
1200 2693 1325 2758 melius
1340 2691 1478 2755 concio-

252 2810 358 2865 natus
381 2800 490 2865 suisse
516 2802 711 2867 dicebatur:
735 2804 926 2885 aliquando
941 2814 1060 2868 tamen
1086 2802 1268 2867 auditores
1287 2810 1478 2881 expectare

252 2908 438 2986 oportebat
453 2909 565 2973 donec
579 2910 653 2990 ipse
669 2910 835 2974 cristeres
849 2912 861 2941 ¹
876 2910 1146 2991 aegrotantibus
1161 2909 1389 2987 exhibuisset;
1405 2908 1479 2987 qui-

251 3014 317 3076 bus
342 2997 613 3095 animadversis
637 3026 735 3081 tanto
755 3035 876 3081 amore
898 3029 1040 3082 nostros
1065 3028 1139 3080 tota
1159 3018 1219 3080 illa
1238 3015 1341 3079 navis
1360 3032 1477 3095 prose·

251 3122 441 3201 quebatur,
469 3132 506 3185 ut
531 3140 593 3186 eos
619 3124 654 3209 in
679 3124 876 3187 visceribus
900 3136 1043 3205 gestare
1068 3124 1286 3188 viderentur.
1310 3122 1354 3186 Et
1378 3122 1477 3187 multi

251 3229 394 3292 veniam
416 3231 581 3309 petebant
602 3231 696 3311 quod
719 3230 843 3294 offensi
865 3230 1025 3308 fuissent,
1047 3230 1132 3295 dum
1153 3230 1314 3293 viderent
1335 3238 1478 3292 nostros

251 3351 324 3399 tam
349 3339 459 3401 multa
480 3338 515 3401 in
534 3339 655 3402 navim
675 3338 821 3416 inferre;
844 3357 927 3402 nam
949 3350 1074 3419 postea
1094 3340 1258 3403 viderant
1283 3337 1376 3417 quod
1396 3337 1477 3399 deli·

248 3444 383 3507 catiora
400 3462 546 3525 prorsus
562 3446 596 3509 in
612 3448 874 3525 aegrotantium
889 3464 993 3510 usum
1007 3447 1260 3528 expenderant:
1278 3444 1473 3523 etreliqua,

248 3550 293 3613 ad
319 3554 612 3616 sustentationem
637 3562 842 3618 nostrorum
868 3554 981 3629 illata,
1012 3554 1119 3617 etiam
1144 3553 1384 3632 indigentibus
1409 3554 1477 3615 lar·

247 3656 312 3734 giti
331 3655 343 3687 ³
365 3658 515 3737 fueraut,
543 3669 578 3723 et
596 3660 801 3724 commodas
821 3661 1069 3737 habitationes,
1093 3678 1183 3742 quas
1206 3677 1338 3739 magno
1364 3661 1478 3740 pretio

250 3762 325 3826 Rex
340 3764 426 3843 ipsis
442 3779 715 3846 comparaverat
730 3764 753 3847 ⁴,
770 3768 974 3831 eorumdem
991 3767 1209 3831 infirmorum
1225 3767 1417 3847 hospitium
1431 3766 1477 3829 se·

249 3882 384 3935 ceraut.

313 3978 401 4043 1770.
445 3978 533 4043 Cum
549 3991 667 4045 autem
686 3983 722 4045 in
742 3982 895 4064 quodam
915 4000 1079 4047 sermone
1099 3994 1337 4063 exaggeraret
1357 4002 1476 4049 neces·

249 4086 390 4149 sitatem
421 4088 631 4167 multorum,
663 4106 754 4169 quae
786 4089 1047 4169 quodammodo
1082 4100 1242 4155 extrema
1275 4091 1473 4171 videbatur,

245 4192 448 4273 praefectus
474 4195 614 4273 classis,
643 4206 679 4259 ut
706 4195 894 4260 virbonus
919 4208 1012 4275 erat,
1035 4198 1204 4277 postridie
1220 4196 1325 4276 jussit
1344 4198 1476 4263 bouum

290 4472 296 4501 ⁸
324 4469 672 4523 P.AntoniusdeQuudros.

282 4541 293 4573 ¹
320 4540 477 4597 Hispanicae
486 4542 579 4586 clister
586 4550 612 4587 et
622 4546 739 4597 arsicia
750 4558 813 4590 voce
820 4558 918 4599 graeca
928 4540 1030 4609 κλυςήρ
1048 4547 1113 4591 Vide
1122 4549 1241 4594 Litterae
1246 4551 1478 4604 eradrr'rnestres,

244 4617 282 4655 tr
321 4613 419 4657 asti&

282 4624 367 4728 gpbiga.
379 4686 493 4737 taratra.

283 4756 294 4788 Α
322 4756 387 4801 Vide
398 4768 477 4813 supra
488 4758 568 4814 dicta,
579 4767 667 4806 annot.
678 4760 700 4815 7,
709 4762 741 4807 ,td
753 4774 779 4805 n.
792 4762 853 4808 taso.
