3717 5400
394 447 447 507 226
851 447 979 506 Canon.
1000 445 1078 504 Soc.
1100 448 1170 518 jas.

395 594 561 676 propensi
577 603 693 672 erant;
715 601 753 656 ut
775 591 901 670 maiori
923 592 1232 655 commiseratione
1251 594 1369 672 gentis
1388 593 1481 657 illius
1502 612 1622 659 corru-

394 704 489 781 ptela
503 702 612 781 digna
628 702 683 778 sit,
701 713 736 764 et
751 701 796 764 ad
812 699 925 778 maius
940 699 1029 762 bene
1044 699 1202 762 merendi
1217 700 1260 763 de
1275 701 1344 763 illis
1358 702 1514 765 studium
1528 703 1622 766 exci-

394 819 470 873 tare
484 819 628 872 nostros
642 809 802 872 debebat.
819 807 888 887 Qui
903 817 1022 870 autem
1038 806 1231 870 adultiores
1246 818 1365 886 erant,
1387 809 1621 873 confessionis

394 917 542 992 auxilio,
559 926 594 978 et
609 934 630 978 a
645 916 769 995 pravis
785 915 940 977 moribus
954 923 989 976 et
1005 915 1048 977 ab
1063 914 1254 978 haereticis
1268 917 1450 979 erroribus
1464 912 1620 996 emerge·

395 1024 490 1087 bant.
507 1024 603 1087 Inter
619 1024 684 1086 hos
699 1040 771 1085 non
785 1022 890 1102 pauci
905 1031 1009 1084 erant
1027 1022 1073 1084 ab
1095 1021 1284 1086 haereticis
1304 1025 1510 1102 parentibus
1527 1024 1621 1103 jura·

393 1141 511 1194 mento
528 1129 657 1208 adacti,
673 1130 768 1210 quod
782 1145 962 1208 nunquam
974 1140 1093 1192 essent
1108 1147 1248 1193 errores
1262 1131 1340 1194 illos
1355 1131 1542 1211 deserturi,
1566 1133 1619 1210 (eo

394 1239 488 1301 enim
507 1237 723 1318 impudentia
746 1237 929 1299 daemonis
951 1248 985 1297 et
1007 1236 1250 1300 ministrorum
1272 1236 1348 1317 eius
1363 1239 1536 1316 venerat);
1559 1239 1621 1302 sed

398 1345 697 1408 confessariorum
717 1344 903 1406 sedulitate
923 1343 1160 1423 intelligentes
1179 1345 1274 1424 quod
1294 1344 1435 1408 obedire
1454 1345 1532 1409 Deo
1548 1363 1621 1409 ma·

392 1453 449 1532 gis
475 1470 580 1532 quam
607 1451 808 1514 hominibus
834 1451 1032 1530 oportebat,
1061 1452 1155 1529 quod
1175 1452 1282 1532 impie
1304 1451 1425 1530 jurare
1450 1455 1621 1533 compulsi

393 1569 505 1636 erant,
523 1558 756 1622 resciderunt.

451 1666 521 1729 652.
567 1665 634 1744 Qui
650 1665 810 1728 rudiores
825 1673 928 1727 erant
951 1666 988 1727 in
1008 1666 1118 1727 latino
1140 1682 1303 1728 sermone
1325 1665 1417 1728 inter
1438 1668 1620 1730 scholasti·

392 1790 465 1847 cos
483 1774 735 1836 catechismum
750 1771 996 1850 germanicum
1017 1790 1038 1834 a
1062 1771 1216 1851 quodam
1235 1790 1281 1834 ex
1301 1774 1432 1836 nostris
1450 1773 1621 1837 iratribus

393 1879 596 1954 audiebant,
620 1888 654 1942 et
675 1879 734 1959 qui
753 1878 1032 1958 praestantiores
1057 1887 1159 1942 erant
1179 1879 1338 1958 ingenio,
1366 1880 1541 1961 frequenti
1562 1897 1620 1961 po-

393 1989 474 2066 pulo
490 1994 683 2066 spectante,
700 1995 779 2066 post
800 1985 1043 2065 germanicam
1062 1986 1269 2049 concionem
1292 1986 1328 2049 in
1347 1990 1477 2066 templo
1498 1997 1620 2051 nostro

304 2127 307 2132 <
393 2093 567 2172 habitam,
589 2110 669 2156 eum
690 2092 903 2168 recitabant;
925 2105 1017 2171 quae
1036 2109 1095 2155 res
1113 2093 1294 2156 insolitum
1317 2093 1518 2156 auditorum
1539 2113 1619 2158 con·

393 2217 537 2263 cursum
556 2210 591 2262 et
611 2215 787 2262 summam
807 2198 1078 2261 admirationem
1096 2198 1280 2263 afferebat.
1302 2198 1522 2281 Simulatque
1540 2217 1621 2265 con·

392 2307 553 2370 cionator
568 2324 587 2369 e
602 2314 774 2385 suggestu
795 2303 1043 2382 descenderat,
1066 2305 1102 2368 in
1122 2305 1219 2369 illum
1239 2307 1434 2370 catechista
1455 2308 1621 2371 ascende-

392 2414 468 2492 bat;
492 2413 591 2494 pueri
612 2431 699 2476 vero
721 2413 942 2490 longiuscule
962 2412 1007 2474 ab
1029 2413 1183 2476 invicem
1202 2415 1360 2493 separati
1379 2416 1415 2477 ia
1435 2415 1621 2478 altioribus

392 2520 533 2584 sedibus
549 2519 656 2600 (quae
671 2521 800 2599 tapetis
815 2529 1009 2581 exornatae
1024 2520 1142 2597 erant)
1157 2521 1439 2598 collocabantur,
1461 2540 1530 2602 quo
1552 2539 1620 2586 me·

390 2627 459 2690 lius
481 2629 525 2690 ab
546 2626 709 2689 omnibus
731 2636 765 2689 et
785 2625 935 2705 intelligi
957 2636 991 2688 et
1013 2627 1172 2706 conspici
1194 2637 1350 2708 possent.
1373 2628 1476 2691 Alter
1498 2646 1621 2693 eorum

393 2734 652 2814 interrogabat,
670 2736 759 2797 alter
779 2750 865 2796 vero
885 2733 1140 2812 respondebat,
1162 2735 1275 2797 donec
1294 2738 1501 2799 catechismi
1521 2754 1621 2816 prae·

391 2841 462 2905 fixa
478 2842 595 2922 capita
608 2842 843 2916 absolverent;
858 2858 927 2920 quo
940 2850 1097 2920 peracto,
1111 2843 1305 2905 catechista
1317 2844 1434 2907 denuo
1446 2845 1621 2922 quaestio·

391 2967 454 3012 nes
469 2949 602 3029 aliquot
618 2967 638 3010 a
653 2964 762 3029 puero
778 2948 1015 3027 respondente
1034 2948 1216 3027 exigebat,
1234 2967 1322 3029 quas
1340 2950 1472 3027 fusius,
1489 2952 1620 3031 populo

340 3135 343 3141 Ι
391 3056 577 3135 diligenter
597 3055 777 3130 audiente,
806 3055 1021 3133 explicabat.
1047 3053 1201 3134 Maiores
1224 3074 1310 3119 vero
1336 3074 1379 3119 ac
1398 3059 1620 3137 superiorum

391 3164 560 3227 classium
580 3162 745 3241 discipuli
766 3178 897 3224 novum
920 3161 1174 3225 catechismum
1194 3182 1215 3224 a
1235 3162 1341 3226 Patre
1362 3163 1507 3227 Canisio
1527 3182 1621 3228 corn-

393 3271 549 3350 positum
564 3268 571 3301 ¹
589 3268 789 3333 audiebant.

451 3376 521 3439 653.
566 3376 643 3439 Hac
659 3386 793 3439 aestate
807 3374 907 3454 J'ussu
924 3375 1041 3438 Patris
1056 3376 1211 3454 Natalis,
1229 3376 1453 3455 VisitatoriS,
1471 3382 1622 3443 accessit

391 3493 492 3547 sexta
508 3484 634 3547 classis
649 3482 803 3563 quinque
819 3483 1113 3561 praecedentibus
1128 3484 1151 3562 ¹,
1168 3502 1259 3563 quae
1274 3489 1446 3565 parvulos
1461 3488 1619 3552 admitte·

391 3592 451 3654 bat
466 3592 502 3655 in
522 3591 724 3669 cognitione
746 3590 924 3669 alphabeti
948 3607 990 3652 ac
1011 3591 1047 3653 in
1069 3592 1208 3655 ratione
1228 3593 1369 3671 legendi
1390 3605 1425 3657 et
1444 3596 1620 3660 scribendi

391 3697 642 3775 instituendos;
669 3715 760 3777 quae
776 3714 845 3774 reS,
873 3706 910 3760 ut
937 3698 1232 3762 scholasticorum
1257 3701 1359 3763 auxit
1381 3719 1566 3766 numerum
1586 3714 1621 3766 et

390 3815 595 3869 nostrorum
610 3804 880 3883 occupationem
896 3804 991 3881 (nam
1015 3803 1084 3867 duo
1105 3807 1162 3867 vel
1185 3815 1258 3868 tres
1277 3806 1333 3869 his
1347 3808 1468 3888 pueris
1488 3827 1621 3871 vacare

389 3912 593 3990 debebant),
611 3912 660 3974 ita
680 3922 714 3974 et
733 3910 954 3990 spiritualem
976 3911 1163 3974 utilitatem
1183 3914 1288 3976 valde
1311 3916 1481 3993 augebat;
1505 3925 1539 3979 et
1560 3918 1621 3997 qui

389 4021 445 4083 vel
463 4030 601 4099 tempus
617 4028 719 4081 erant
734 4018 933 4094 contrituri,
951 4020 1008 4079 vel
1023 4021 1116 4081 male
1132 4020 1217 4082 illud
1232 4022 1440 4086 collocaturi
1454 4021 1478 4101 ⁸,
1496 4041 1620 4104 paren·

388 4128 482 4189 tibus
498 4127 585 4206 ipsis
602 4125 881 4203 obtrudentibus,
900 4126 936 4187 in
951 4126 1019 4187 hac
1035 4126 1154 4189 infima
1170 4128 1294 4191 schola
1313 4130 1578 4194 erudiebantur.

447 4234 517 4295 654.
561 4232 718 4311 Singulis
733 4232 855 4295 diebus
871 4232 1003 4295 Missae
1017 4234 1223 4311 intererant,
1241 4246 1275 4298 et
1291 4239 1440 4300 testulae
1455 4249 1618 4302 recentes

388 4357 498 4403 sanae
514 4340 697 4402 doctrinae
714 4340 882 4418 liquorem
900 4326 1136 4420 excipiebant,
1153 4354 1188 4404 et
1202 4361 1223 4404 a
1239 4353 1361 4407 tenera
1376 4356 1493 4409 aetate
1508 4346 1554 4409 ad
1563 4346 1616 4425 J'u·

389 4482 425 4489 -u
484 4482 599 4488 ..u-*-

430 4546 437 4575 ¹
467 4542 532 4585 Vide
546 4554 634 4597 supra,
646 4552 664 4587 t.
678 4556 711 4595 tr,
723 4556 784 4597 pag.
797 4544 844 4596 243,
857 4556 880 4586 n.
891 4544 942 4586 ost.

428 4615 439 4647 ἱ
466 4614 532 4657 Vide
544 4624 632 4668 supra,
643 4622 661 4657 t.
673 4626 707 4666 tv,
719 4628 771 4669 par,r
790 4615 837 4667 263,
849 4626 872 4657 n.
883 4616 931 4657 boo.

428 4686 439 4716 ³
467 4684 571 4729 Scilicet
585 4685 606 4729 si
618 4687 684 4731 dorni
695 4698 757 4730 auae
770 4700 783 4729 a
796 4690 947 4741 putentibus
959 4697 1062 4731 retinen
1073 4700 1139 4740 ntur,
1153 4703 1198 4734 nec
1209 4694 1241 4735 nd
1252 4695 1368 4737 scholam
1380 4697 1507 4739 venirent.
