3717 5400
327 439 381 500 276
785 440 911 500 Canon.
934 440 1011 499 Soc.
1032 441 1102 513 Jss.

327 585 531 666 dragesima
555 587 709 666 gradum
737 586 1032 650 baccalaureatus
1062 587 1098 648 in
1124 585 1305 664 theologia
1329 587 1495 666 suscepit,
1522 598 1556 652 et

327 694 555 758 nihilominus
570 691 755 757 dominicis
770 711 813 756 ac
828 692 926 755 sestis
947 692 1071 755 diebus
1093 693 1382 771 concionabatur,
1407 701 1442 756 et
1460 711 1481 756 a
1497 710 1557 772 po-

328 804 411 882 pulo
421 802 568 864 libenter
585 800 803 876 audiebatur,
816 800 1113 880 quemadmodum
1127 801 1250 879 etipse
1264 799 1301 862 Ρ.
1313 798 1520 864 Leonardus
1531 809 1556 868 ¹.

326 908 459 972 Ibidem
471 917 549 971 erat
563 916 598 970 et
612 907 769 970 Thomas
784 906 1019 970 Marchiensis
1031 905 1043 936 ²
1057 923 1138 970 cum
1153 907 1266 969 tribus
1280 907 1359 969 aliis
1374 907 1556 986 studiosis,

325 1015 572 1091 leodiensibus,
599 1015 717 1094 quise
742 1011 913 1077 Societati
938 1014 1148 1077 obtulerant.
1171 1012 1246 1076 Alii
1268 1014 1468 1093 complures
1486 1015 1557 1079 hoc

326 1125 442 1203 ipsum
456 1121 679 1202 expetebant,
697 1121 859 1201 quamvis
871 1138 942 1184 non
958 1121 1078 1184 statim
1090 1120 1370 1184 admitterentur.

384 1229 454 1293 761.
498 1228 650 1294 Senatus
664 1229 878 1291 coloniensis
892 1227 1036 1308 egregie
1050 1228 1116 1290 sub
1131 1228 1268 1292 initium
1289 1225 1391 1307 hujus
1410 1230 1494 1292 anni
1512 1247 1552 1294 se

324 1337 437 1416 gessit
461 1344 587 1400 contra
609 1335 689 1407 fidei
711 1335 909 1398 catholicae
935 1333 1176 1412 adversarios;
1201 1352 1285 1396 nam
1309 1336 1385 1397 zelo
1407 1333 1552 1402 Domini

324 1461 498 1508 accensus
519 1443 698 1522 prohibuit
724 1441 735 1472 ⁵
762 1460 806 1505 ne
832 1441 1103 1505 concionatores
1127 1441 1267 1504 haeresi
1290 1443 1458 1522 populum
1476 1443 1550 1506 inii·

323 1552 457 1614 cientes
471 1551 783 1626 concionarentur,
801 1557 836 1612 et
854 1548 1001 1612 civitate
1019 1547 1192 1628 quosdam
1212 1549 1355 1628 expulit;
1377 1548 1551 1629 quosdam

321 1659 428 1722 etiam
442 1659 478 1722 in
490 1675 673 1722 carcerem
697 1657 855 1720 detrusit.
881 1654 982 1719 Unde
997 1656 1158 1735 populus,
1185 1656 1242 1718 vel
1267 1673 1312 1718 ex
1335 1673 1378 1717 eo
1394 1656 1548 1736 plurimi,

320 1766 380 1845 qui
395 1775 493 1846 peste
509 1763 708 1845 hujusmodi
719 1762 840 1826 iniecti
855 1771 968 1836 erant,
991 1763 1177 1824 tumultum
1195 1763 1397 1825 excitarunt
1416 1775 1451 1825 et
1465 1781 1548 1826 con·

320 1873 539 1935 cionatorem
554 1869 743 1950 quemdam
769 1868 994 1944 catholicum,
1020 1868 1065 1930 ab
1086 1867 1366 1948 Archiepiscopo
1388 1866 1400 1898 ⁴
1421 1870 1465 1931 ad
1480 1869 1546 1934 Dei

318 1979 467 2042 verbum
481 1976 765 2058 praedicandum
779 1975 939 2052 missum,
952 1995 972 2038 e
986 1977 1117 2055 templo
1131 1975 1306 2053 lapidibus
1319 1974 1499 2054 fugarunt3
1512 1987 1550 2042 et

318 2105 389 2162 non
404 2087 481 2151 sine
495 2103 628 2166 magno
650 2085 745 2148 vitae
764 2085 923 2164 periculo
942 2083 1057 2146 evasit
1071 2099 1193 2145 eorum
1208 2099 1343 2159 manus,
1361 2093 1395 2146 et
1410 2083 1443 2146 in
1456 2084 1549 2147 civis

317 2192 502 2272 cttjusdam
517 2192 661 2256 domum
675 2192 857 2270 ingressus
869 2201 934 2268 est,
951 2190 1050 2253 etita
1065 2207 1087 2252 a
1097 2189 1235 2252 furente
1253 2192 1383 2270 populo
1403 2207 1474 2254 non
1489 2201 1544 2257 est

318 2302 459 2364 occisus
479 2299 501 2360 ⁵.
524 2300 618 2363 lnter
639 2299 729 2361 aiios
748 2299 928 2360 doctorem
953 2297 1141 2376 quemdam
1163 2295 1339 2360 medicum
1358 2298 1545 2376 magistra-

316 2523 516 2532 ...-————-

315 2672 392 2711 tenae
402 2672 431 2711 ut
442 2677 498 2711 cum
510 2677 541 2721 pa
546 2672 585 2710 tre
596 2671 701 2711 maneat
710 2665 854 2720 permittat.
864 2663 947 2719 “ejus„
955 2669 1042 2708 tamen
1050 2665 1153 2707 “votum
1161 2663 1292 2718 accepisse
1302 2669 1329 2708 et
1339 2664 1364 2708 in
1375 2672 1491 2710 nostram
1498 2665 1545 2711 So·

314 2740 438 2783 eietatem
448 2749 525 2793 quam
535 2738 711 2783 amantissime
723 2738 805 2791 ipsum
817 2736 955 2781 admittere
970 2743 1010 2789 et,
1021 2738 1097 2791 (quod
1108 2736 1225 2788 ignatius
1240 2736 1338 2780 nonnisi
1354 2736 1386 2780 iis
1396 2738 1478 2791 quide
1495 2737 1541 2783 So·

314 2809 410 2854 cietate
421 2816 506 2853 essent
518 2809 609 2863 largiri
620 2812 734 2863 poterat)
745 2808 877 2851 “audiendi
887 2807 1060 2851 consessiones
1071 2815 1097 2849 et
1107 2806 1540 2854 Eucharistiaesacramentumed·

313 2880 476 2925 ministrandi
487 2880 639 2924 facultatem
650 2880 674 2924 ei
684 2881 832 2931 concedere,
844 2879 982 2933 etquidem
996 2879 1029 2923 ad
1040 2890 1117 2922 casus
1127 2889 1223 2926 omnes.
1239 2880 1282 2933 qui
1294 2910 1324 2932 ..,,
1338 2878 1431 2932 Quare,
1442 2881 1464 2925 si
1477 2892 1544 2925 vero

312 2964 378 2997 unus
388 2953 505 3007 idemque
515 2960 564 3004 est,
579 2958 607 2996 ut
624 2951 736 3002 videtur,
753 2952 795 2995 hic
810 2951 924 3004 ioannes
940 2950 1041 2994 Catena
1055 2962 1114 2994 cum
1128 2952 1180 3001 ilio.
1196 2951 1237 2995 cui
1253 2953 1428 3005 canonicatus,
1446 2952 1541 2998 Rhetio

314 3026 425 3077 oblatus,
436 3031 543 3078 propter
554 3022 634 3077 ipsius
652 3023 738 3067 Rhetii
754 3022 1003 3066 commendationem
1019 3020 1111 3065 “datus
1125 3028 1165 3065 est
1179 3033 1210 3065 ea
1221 3023 1372 3075 conditione,
1382 3029 1411 3067 ut
1426 3024 1539 3075 doceret.

312 3095 524 3150 quemadmodum
535 3095 703 3138 canonicatus
717 3094 772 3148 ipse
783 3094 905 3147 requirit„
924 3092 1049 3146 (Hersen,
1068 3094 1086 3135 i.
1104 3103 1137 3143 c.,
1152 3104 1212 3147 pag.
1227 3093 1287 3143 327),
1300 3094 1393 3149 quique
1408 3106 1476 3139 anno
1488 3096 1544 3140 15⁶1)

312 3167 431 3211 Decsnus
443 3172 501 3210 eret
512 3164 660 3210 Facultatis
670 3166 846 3219 Theologicae
856 3166 882 3209 iu
897 3164 1076 3209 Universitate
1092 3164 1237 3209 Coloniensi
1247 3172 1273 3209 et
1288 3172 1377 3219 pastor
1393 3165 1418 3211 S.
1434 3166 1542 3213 Martini

310 3238 367 3289 (Im,
377 3239 452 3285 ibid..
462 3250 522 3293 pag.
533 3238 593 3291 789),
605 3244 665 3281 tunc
676 3238 701 3281 id
712 3239 795 3281 solum
811 3237 866 3280 erui
881 3241 976 3290 potest.
989 3247 1033 3284 sc..
1043 3248 1101 3279 eum
1110 3246 1126 3279 a
1137 3234 1268 3280 Societate
1286 3238 1390 3281 tandem
1400 3239 1472 3282 abire
1487 3250 1542 3294 pcr-

310 3312 416 3353 missum
427 3309 556 3361 [fortassis
566 3308 627 3363 quia
638 3320 696 3353 cum
706 3316 783 3363 patre
792 3308 839 3363 ipsi
852 3308 1006 3352 manendum
1015 3308 1118 3361 longius
1127 3313 1186 3351 erat
1195 3319 1272 3363 quam
1280 3306 1398 3353 Societas
1407 3312 1537 3364 permitte·

309 3392 338 3425 re
348 3386 472 3435 poteram
482 3380 586 3425 minime
597 3391 661 3424 vero
671 3392 729 3425 eum
739 3381 770 3423 de
781 3379 912 3423 Societate
923 3390 974 3422 non
984 3378 1135 3423 fuisse.-3.⁰
1147 3380 1170 3422 Α
1181 3378 1317 3424 Leonardo
1327 3380 1416 3424 Kessel
1428 3388 1540 3427 vocatur

309 3452 352 3495 hic
363 3450 475 3503 Joannes
485 3450 625 3504 confrater
637 3452 727 3493 noster
739 3449 870 3502 (Litterae
880 3449 1111 3501 Quadrimestres,
1121 3454 1139 3493 t.
1151 3460 1188 3497 ιιι,
1198 3461 1259 3505 pag.
1272 3450 1316 3505 191,
1325 3457 1351 3494 et
1362 3453 1386 3495 iu
1397 3452 1446 3497 hoc
1456 3456 1513 3499 ioco
1523 3466 1539 3499 a

308 3523 421 3566 Polanco
434 3519 552 3577 Psaterl.
563 3520 598 3564 Et
609 3521 856 3575 superabundabunt
867 3520 944 3575 hujus
955 3521 993 3563 rei
1004 3522 1200 3575 argumenta-tn
1210 3520 1285 3565 Nova
1294 3526 1366 3567 serie
1380 3525 1538 3571 litterarum

308 3594 403 3637 Sancti
412 3592 521 3645 ignara.

349 3664 358 3696 ¹
386 3664 471 3717 “Quod
482 3664 514 3707 V.
528 3663 593 3707 Rev.
604 3670 630 3707 et
641 3674 673 3707 m.
684 3663 815 3716 iohannes
832 3664 862 3705 de
875 3664 994 3708 Cathena
1008 3664 1117 3719 legendo
1127 3664 1296 3710 christianam
1313 3668 1464 3719 doctrinam,
1481 3680 1540 3714 con·

304 3736 431 3781 cionando
442 3740 468 3779 et
479 3735 647 3779 consessionis
655 3746 686 3779 ec
694 3735 868 3779 eucharistiae
879 3742 1043 3780 sacramenta
1052 3736 1355 3782 administrandoetaliis
1363 3740 1469 3793 pietatis
1478 3751 1536 3795 ope·

304 3808 376 3851 ribus
385 3818 412 3851 se
423 3814 549 3861 occupent
560 3818 606 3859 pro
618 3806 687 3850 virili
698 3814 781 3861 parte,
793 3807 938 3859 gaudemus
949 3807 975 3849 in
985 3807 1087 3851 domino
1095 3813 1121 3851 et
1132 3808 1236 3851 divinae
1250 3811 1353 3863 gratiae
1369 3817 1535 3865 augmentum

305 3890 444 3933 precamur
454 3880 486 3923 ad
497 3879 642 3923 uberiorem
654 3879 679 3922 in
694 3879 748 3922 dies
759 3880 906 3922 animarum
917 3877 1028 3922 fructum
1037 3871 1251 3935 percipiendum,
1263 3881 1397 3936 Polancus,
1410 3893 1443 3925 ex
1458 3894 1541 3935 com.„

306 3950 381 3995 Patri
390 3950 527 3995 Leonsrdo
539 3950 629 3993 Kessei
642 3950 667 3993 13
676 3951 743 4003 Aug.
758 3950 809 3993 1555
819 3950 946 4004 (Haussn,
956 3951 973 3993 l.
985 3961 1016 4004 c.,
1027 3961 1088 4004 pag.
1099 3950 1157 4003 258).

345 4021 357 4053 ¹
384 4021 452 4065 Vide
462 4028 579 4075 suprat,
592 4032 628 4071 tv,
640 4031 691 4075 pag
709 4020 756 4064 299.

344 4090 356 4123 ³
383 4091 429 4137 Ms.
440 4093 520 4136 habet
530 4092 637 4135 accensi
645 4092 852 4146 prohibuerunt,
862 4092 927 4145 quod
939 4092 1041 4146 quidem
1054 4093 1123 4136 haud
1135 4095 1201 4137 maie
1212 4100 1259 4147 est;
1270 4095 1315 4139 sed
1328 4096 1354 4140 id
1365 4108 1410 4140 nos
1424 4101 1534 4143 mutavi·

305 4175 362 4208 mus
372 4170 400 4207 ut
410 4166 502 4207 meiius
511 4164 640 4207 sententia
653 4170 708 4207 tota
719 4164 866 4207 cohaereat.

344 4237 356 4270 ⁸
382 4236 503 4289 Adolpho
513 4236 543 4278 de
555 4234 750 4290 Schauenburg.

345 4306 356 4338 ⁵
383 4305 421 4349 De
431 4308 478 4350 hoc
494 4307 532 4350 ita
542 4305 733 4361 Ratrranssao,
744 4308 760 4351 l.
772 4317 803 4359 c.,
813 4308 856 4350 lib.
868 4317 894 4359 11,
905 4318 963 4360 cap.
974 4320 998 4360 x,
1010 4318 1033 4351 n.
1050 4319 1131 4352 xxvn:
1149 4308 1260 4353 “Fuerat
1275 4321 1339 4353 unus
1354 4311 1447 4365 aliquis
1460 4313 1535 4368 cujus

304 4378 406 4431 quidem
417 4388 507 4421 nomen
516 4378 647 4431 proditum
657 4388 706 4421 uon
717 4378 824 4432 reperio,
836 4378 879 4432 qui
890 4378 988 4433 majore
999 4390 1076 4433 quam
1086 4381 1184 4424 caeteri
1196 4382 1317 4423 libertate
1327 4382 1494 4427 inveberetur
1509 4386 1536 4429 in

302 4448 511 4501 corruptissimos
520 4450 592 4492 urbis
601 4460 632 4493 ac
644 4448 798 4493 Germaniae
809 4461 901 4493 mores.
911 4449 1011 4494 Verum
1027 4450 1139 4494 fructum
1149 4462 1199 4494 non
1214 4452 1304 4495 retulit
1314 4453 1393 4497 alium
1404 4458 1533 4508 qnammi·

302 4530 349 4562 aas
360 4530 391 4563 ac
401 4520 513 4563 furorem
521 4520 616 4574 populi,
626 4522 668 4575 qui
678 4520 716 4564 ita
727 4522 777 4563 hac
789 4520 912 4564 Oratione
923 4522 1030 4573 exarsit,
1043 4528 1071 4564 ut
1079 4521 1112 4565 ed
1123 4520 1193 4565 Saxa
1207 4524 1362 4578 consolaria
1372 4532 1449 4580 atque
1459 4528 1531 4573 inau-

302 4589 356 4633 dito
368 4599 428 4634 ante
439 4590 505 4634 hunc
516 4592 583 4635 diem
593 4592 642 4635 hac
654 4592 678 4635 in
688 4591 797 4636 civitate
807 4593 907 4646 flagitio
918 4592 1095 4636 Ecclesiasten
1111 4599 1236 4647 surgestu
1245 4594 1373 4650 deiectum
1383 4600 1478 4653 templo
1488 4610 1531 4643 ex-

301 4661 419 4715 pulerit,
426 4661 475 4705 Sed
484 4661 505 4705 si
514 4662 578 4706 haec
587 4674 643 4706 cum
653 4664 866 4718 praecedentibus
877 4663 1052 4720 conserantur,
1062 4664 1452 4718 quibusCurionuminertiamet
1459 4670 1517 4724 igno
1526 4694 1536 4705 ·
