3717 5400
803 512 869 571 Au.
896 512 967 572 1555
1447 516 1505 574 473

270 643 360 719 liare
375 658 537 735 tentavit,
554 667 590 721 et
604 660 767 739 quamvis
781 658 935 723 offensus
954 636 1084 723 multas
1098 670 1132 723 et
1154 659 1313 724 difficiles
1333 660 1502 723 conditio·

273 780 337 825 nes
352 763 522 843 exigeret,
539 782 629 846 quas
644 766 733 829 alter
753 783 824 830 non
851 783 1087 831 concessurus
1112 766 1311 844 videbatur,
1339 783 1420 829 curn
1435 765 1504 829 Dei

270 870 392 947 gratia
413 879 532 935 tamen
557 871 592 935 id
614 872 779 937 effectum
800 884 870 951 est,
897 884 947 953 ut,
976 874 1138 938 omnibus
1162 874 1218 937 his
1243 874 1509 937 conditionibus.

272 977 424 1051 omissis
441 995 513 1057 pax
537 991 682 1059 propter
707 979 839 1045 Christi
864 998 1022 1045 amorem
1048 982 1309 1045 conciliaretur.
1334 980 1436 1045 Alius
1454 982 1504 1043 le·

274 1082 362 1147 thali
375 1086 523 1149 vulnere
543 1088 588 1150 ab
606 1088 814 1151 adversario
835 1087 985 1153 affectus
1013 1088 1141 1167 suerat,
1162 1098 1196 1152 et
1216 1096 1343 1168 captus
1361 1104 1503 1168 percus·

274 1206 345 1267 sor,
362 1192 430 1253 hoc
447 1190 455 1223 ¹
476 1193 660 1272 moriente,
681 1196 856 1275 supplicio
878 1196 986 1259 etiam
1005 1205 1167 1259 extremo
1187 1204 1265 1258 erat
1286 1194 1509 1258 afficiendus

275 1296 426 1376 Quidam
445 1318 490 1362 ex
503 1302 637 1363 nostris
661 1302 871 1365 morientem
892 1304 1105 1383 alloquutus
1126 1303 1268 1365 veniam
1294 1302 1338 1365 ab
1353 1319 1395 1365 eo
1410 1310 1445 1364 et
1460 1318 1509 1365 ex

274 1407 505 1485 consequenti
525 1409 636 1471 vitam
653 1410 861 1473 adversario
883 1402 1105 1490 impetravit.
1127 1408 1196 1473 Sed
1222 1410 1361 1489 insigne
1379 1407 1512 1472 benefi·

276 1515 368 1577 cium
383 1514 448 1577 fuit
464 1514 606 1578 cuidam
618 1516 775 1579 familiae
790 1516 970 1595 collatum,
987 1517 1108 1597 inqua
1124 1533 1203 1579 cum
1218 1533 1310 1580 uxor
1325 1516 1375 1579 sic
1391 1534 1410 1579 a
1434 1532 1505 1578 ma-

277 1622 346 1683 rito
362 1621 560 1698 dissideret,
577 1632 614 1685 ut
629 1623 700 1698 illa,
716 1624 828 1687 vitam
843 1634 1022 1703 pertaesa,
1039 1634 1189 1688 mortem
1204 1623 1271 1686 sibi
1292 1622 1422 1685 inferre
1441 1638 1505 1703 per

277 1728 506 1808 suspendium
526 1730 773 1808 deliberasset,
789 1730 896 1811 idque
917 1731 1011 1793 serio
1032 1740 1186 1809 curaret,
1209 1730 1342 1809 placuit
1363 1729 1506 1792 divinae

278 1834 436 1899 Bonitati
450 1846 488 1899 ut
503 1835 647 1917 quidam
662 1856 707 1901 ex
721 1837 854 1901 nostris
868 1837 1118 1901 sacerdotibus
1132 1854 1211 1900 eam
1232 1837 1345 1900 adiret
1368 1846 1403 1899 et
1424 1851 1507 1900 con·

279 1943 466 2021 solaretur,
483 1952 553 2007 eta
569 1944 770 2023 pernicioso
785 1944 844 2007 illo
859 1944 1047 2024 proposito
1063 1955 1262 2021 revocaret,
1280 1952 1315 2005 et
1329 1944 1471 2006 demum
1486 1960 1514 2005 a.

279 2048 352 2131 lupi
366 2048 529 2113 saucibus
543 2050 675 2114 Christi
690 2068 793 2114 ovem
814 2052 978 2131 eriperet.

343 2155 432 2220 1282.
475 2157 543 2221 Hic
557 2159 690 2223 abusus
703 2160 895 2223 sumendae
910 2159 1090 2224 vindictae
1105 2175 1147 2223 eo
1167 2175 1279 2238 usque
1296 2172 1516 2236 progressus

281 2272 359 2327 erat
374 2264 587 2341 Placentiae,
604 2276 642 2330 ut
657 2267 693 2329 in
709 2284 750 2329 eo
765 2266 971 2330 felicitatem
982 2266 1135 2347 positam
1147 2282 1225 2329 esse
1237 2264 1507 2327 arbitrarentur.

280 2368 351 2433 Sed
365 2373 475 2452 aliqui
489 2375 686 2451 gloriosum
702 2374 878 2438 ducebant
895 2375 925 2437 si
947 2374 1087 2454 priores
1105 2386 1232 2435 contra
1252 2374 1350 2450 leges
1367 2368 1515 2433 divinas

281 2488 317 2539 et
331 2479 506 2543 humanas
520 2480 609 2543 alios
624 2479 855 2544 offenderent.
872 2481 916 2544 Et
932 2489 1052 2544 tamen
1068 2497 1148 2543 cum
1163 2480 1260 2543 circa
1274 2476 1457 2541 meridiem
1473 2476 1512 2539 in

282 2588 401 2667 platea
425 2587 567 2667 publica
591 2586 682 2650 civis
701 2587 844 2668 quidam
865 2586 974 2649 alium
989 2586 1103 2666 alapis
1124 2595 1159 2649 et
1177 2584 1327 2648 fustibus
1343 2582 1509 2646 caecidis-

282 2703 352 2772 set,
370 2711 460 2774 quae
474 2692 659 2774 multiplex
673 2692 800 2775 injuria
815 2694 968 2758 toleratu
983 2691 1135 2757 difficilis
1149 2692 1284 2769 fuisset,
1301 2690 1364 2754 sed
1378 2688 1510 2754 difficil-

283 2801 365 2863 lima
382 2817 424 2863 ea
440 2801 475 2862 in
491 2802 588 2877 urbe,
604 2801 662 2864 ubi
677 2803 788 2865 multo
803 2802 959 2865 minores
980 2801 1129 2883 injuriae
1150 2809 1264 2864 morte
1278 2800 1439 2862 solebant
1453 2814 1511 2860 ex-

283 2907 385 2987 piari,
413 2925 494 2970 cum
516 2917 634 2971 tamen
660 2908 804 2989 quidam
827 2927 874 2972 ex
897 2910 1031 2972 nostris
1056 2919 1130 2972 tam
1155 2908 1315 2986 graviter
1340 2905 1517 2968 offensum

285 3014 400 3076 civem
417 3015 592 3078 allocutus
606 3027 710 3092 esset,
727 3033 769 3098 eo
783 3017 900 3096 ipsum
914 3014 1074 3094 adduxit,
1091 3016 1240 3079 utnulla
1255 3029 1402 3094 prorsus
1414 3011 1516 3074 satis·

284 3120 439 3185 factione
464 3131 623 3202 accepta,
651 3133 797 3202 propter
818 3121 999 3186 Christum
1019 3131 1157 3186 tantum
1179 3121 1229 3185 illi
1249 3122 1467 3200 ignosceret,
1491 3135 1516 3179 a

285 3244 355 3307 quo
371 3237 443 3291 tam
460 3230 551 3292 male
565 3238 737 3308 exceptus
749 3229 876 3292 fuerat.

347 3333 435 3398 1283.
479 3335 569 3399 Toto
584 3335 724 3415 quidem
746 3336 814 3399 hoc
834 3353 928 3399 anno
950 3336 1079 3412 gravia
1102 3335 1292 3398 multarum
1315 3335 1514 3397 animarum

285 3443 435 3505 vulnera
464 3452 589 3506 curata
616 3443 773 3522 fuerunt;
800 3443 863 3506 sed
887 3443 1114 3523 peculiariter
1142 3459 1224 3505 cum
1246 3441 1438 3523 iubilaeum
1466 3439 1517 3502 ibi

284 3547 408 3612 suisset
430 3551 666 3630 publicatum;
689 3551 806 3614 triduo
827 3551 921 3614 enim
942 3551 1013 3628 illo,
1036 3567 1105 3630 quo
1131 3549 1291 3612 confiteri
1313 3546 1517 3628 oportebat,

287 3657 592 3736 septingentarum
610 3673 846 3736 personarum
865 3657 1052 3720 audierunt
1076 3655 1318 3720 confessiones
1340 3653 1435 3717 domi
1454 3671 1517 3718 no·

285 3772 392 3838 strae,
410 3765 502 3826 inter
517 3781 605 3842 quas
619 3764 720 3827 multi
735 3773 836 3826 erant
851 3764 1010 3844 primarii
1030 3763 1202 3840 homineS,
1219 3780 1319 3843 quos,
1340 3763 1397 3825 vel
1416 3763 1514 3826 voln-

287 3870 444 3950 ptatibus
459 3873 516 3933 vel
535 3870 715 3934 vindictae
736 3870 924 3948 desiderio,
948 3871 1113 3951 princeps
1133 3870 1361 3934 tenebrarum
1382 3870 1516 3932 irretie-

285 3987 353 4054 rat,
368 3997 387 4039 a
404 3977 629 4056 gravissimis
643 3986 678 4041 et
691 3977 1002 4058 periculosissimis
1017 3977 1216 4040 animarum
1230 3977 1374 4053 morbis,
1388 3975 1423 4039 in
1439 3975 1520 4038 dies

286 4084 539 4160 crescentibus,
555 4084 697 4148 fuerunt
711 4084 863 4148 liberati.
1060 4079 1063 4086 '
1301 4065 1303 4070 ¹

350 4189 438 4254 1284.
481 4190 577 4254 Inter
605 4193 675 4254 alia
705 4191 910 4269 ministeria,
941 4208 1034 4272 quae
1060 4191 1105 4254 ad
1131 4207 1301 4270 magnum
1325 4190 1393 4253 Dei
1418 4190 1518 4252 obse·

287 4299 409 4378 quium
425 4299 597 4363 cedebant
611 4308 647 4361 et
660 4297 737 4379 ejus
757 4298 914 4363 civitatis
935 4299 1155 4379 spiritualem
1175 4299 1372 4374 utilitatem,
1395 4297 1517 4360 visita·

288 4405 339 4469 tio
354 4416 431 4468 erat
445 4406 605 4485 graviter
620 4406 894 4485 aegrotantium,
910 4421 1001 4485 quos
1015 4423 1085 4468 non
1107 4406 1222 4468 solum
1244 4405 1432 4482 consolari,
1454 4403 1520 4467 sed

284 4511 330 4574 ad
346 4513 572 4592 migrandum
586 4531 632 4576 ex
647 4514 714 4576 hac
729 4512 805 4582 vita
821 4522 858 4576 ut
873 4513 1087 4576 christianos
1102 4512 1214 4591 decet,
1238 4509 1408 4591 adjuvare
1429 4510 1518 4574 nite·

330 4753 338 4786 ¹
367 4753 417 4807 ste
426 4755 523 4800 rectius
533 4760 621 4799 tamen
631 4763 700 4799 earet
711 4756 766 4808 iiio,
775 4754 884 4808 rclllcet,
896 4755 944 4808 qur·
951 4759 1100 4810 percussus
1105 4753 1211 4809 suaerat.
