3717 5400
791 479 855 536 Aa.
877 479 948 538 1553
1433 479 1488 538 223

251 627 319 690 sibi
331 625 469 690 dedisse
485 625 684 688 videbatur.
708 623 751 686 Et
767 624 810 685 de
826 624 1033 704 supellectili
1055 623 1304 702 prospicienda
1316 623 1391 704 jam
1407 636 1485 688 erat

253 733 415 796 sollicita.

311 841 382 902 645.
426 839 515 902 Cum
530 849 650 902 autem
663 839 709 902 D.
725 839 885 916 Isabella,
912 837 1077 917 Ducissa,
1101 857 1146 901 ex
1164 838 1231 917 his,
1248 858 1338 920 quos
1361 859 1484 905 secum

253 947 453 1010 adducebat
467 944 504 1008 P.
528 945 767 1026 Hieronymus
789 943 997 1008 Domenech
1014 944 1035 1023 ¹,
1063 945 1201 1025 aliquos
1215 945 1260 1008 ad
1284 946 1484 1012 Bibonense

253 1055 451 1134 Collegium
471 1054 642 1117 destinari
656 1054 897 1132 intellexisset,
920 1053 1025 1115 valde
1039 1054 1170 1116 laetata
1186 1064 1251 1117 est.
1267 1055 1312 1118 Et
1335 1073 1416 1118 cum
1435 1057 1485 1119 illi

252 1159 454 1224 Messanam
470 1168 718 1241 pervenerunt,
740 1170 929 1240 antequam
955 1159 992 1222 P.
1018 1159 1260 1240 Hieronymus
1285 1163 1483 1244 accederet,

252 1266 322 1342 iam
338 1285 399 1331 eos
414 1284 536 1330 omnes
560 1269 665 1331 novis
690 1267 849 1331 vestibus
874 1267 1049 1330 induerat.
1076 1267 1122 1330 Hi
1147 1278 1265 1331 autem
1289 1280 1392 1333 erant
1411 1287 1484 1334 ma·

252 1375 364 1454 gister
379 1375 601 1439 Eleutherius
616 1374 810 1453 Pomanus,
827 1375 998 1453 magister
1009 1374 1168 1439 Marinus
1179 1374 1202 1450 ³,
1216 1384 1250 1438 et
1262 1375 1400 1440 Guidus
1412 1376 1485 1441 An·

252 1481 370 1545 tonius
384 1479 396 1510 ³
411 1499 491 1544 cum
507 1480 617 1544 Paulo
633 1480 827 1544 Mantuano
843 1490 877 1544 et
893 1481 1006 1544 tribus
1021 1482 1111 1544 aliis.
1128 1481 1210 1544 Duo
1222 1484 1330 1547 etiam
1341 1487 1399 1548 vel
1411 1494 1484 1548 tres

252 1589 428 1652 Panormo
444 1589 672 1652 mittebantur
687 1598 725 1651 ut
740 1589 876 1652 litteras
891 1588 1119 1652 humaniores
1136 1591 1307 1669 legerent.
1327 1591 1397 1655 Alii
1412 1593 1481 1656 duo

251 1712 298 1758 ex
313 1695 445 1758 nostris
456 1694 529 1776 J'am
545 1705 647 1758 erant
662 1695 818 1758 Bibonae
834 1691 856 1758 ⁴.

311 1802 383 1865 olo.
427 1801 622 1864 Paraverat
637 1813 756 1865 autem
768 1819 858 1881 quae
871 1802 916 1864 ad
933 1803 1044 1865 lectos
1055 1813 1090 1866 et
1108 1805 1339 1883 supellectilia
1357 1806 1483 1869 domus

252 1911 486 1990 pertinebant,
496 1919 529 1973 et
541 1927 629 1972 vasa
642 1910 688 1972 ad
699 1927 801 1972 usum
813 1926 956 1972 mensae
967 1929 1013 1974 ex
1023 1920 1151 1973 stanno
1164 1909 1176 1942 ⁵
1188 1911 1353 1992 Angliae,
1364 1924 1399 1976 et
1412 1914 1480 1976 alia

252 2017 395 2080 demum
409 2017 526 2080 omnia
543 2017 746 2079 necessaria
762 2026 834 2078 tam
850 2017 1053 2094 liberaliter,
1071 2027 1108 2079 ut
1124 2035 1169 2080 ne
1188 2016 1482 2083 Panormitanum

251 2123 394 2205 quidem
416 2133 477 2187 aut
501 2124 729 2186 Messanense
752 2122 961 2202 Collegium,
988 2124 1071 2186 licet
1092 2125 1237 2205 antiqua
1257 2124 1332 2204 jam
1351 2137 1481 2207 essent,

252 2245 324 2296 tam
350 2233 439 2294 bene
463 2232 672 2294 instructam
703 2230 978 2310 supellectilibus
1003 2230 1146 2294 domum
1171 2231 1354 2312 haberent,
1379 2243 1414 2296 et
1439 2253 1482 2300 ea

251 2357 332 2402 cum
347 2338 535 2401 devotione
551 2346 693 2417 tamque
709 2353 839 2416 magno
854 2337 973 2400 animo
989 2337 1108 2400 omnia
1126 2340 1333 2419 praestabat
1355 2340 1481 2404 Ducis·

251 2464 303 2521 sa,
320 2455 359 2508 ut
373 2445 491 2508 omnia
506 2445 638 2520 exigua
654 2453 688 2506 et
704 2461 817 2523 pauca
833 2459 911 2506 esse
928 2444 1161 2508 existimaret.

310 2552 380 2615 647.
425 2549 479 2614 De
495 2551 644 2613 ecelesia
662 2549 880 2612 conficienda
896 2550 1083 2613 videbatur
1103 2550 1115 2582 ⁶
1139 2569 1208 2614 non
1231 2569 1310 2616 esse
1332 2555 1482 2618 sollicite

251 2657 458 2735 curandum,
476 2675 556 2721 cum
572 2657 690 2720 vicina
706 2666 798 2719 essct
814 2657 883 2720 alia
899 2656 1073 2737 quaedam
1088 2659 1176 2722 satis
1198 2659 1401 2740 commoda;
1418 2661 1481 2725 sed

252 2766 333 2831 huic
360 2766 508 2830 consilio
535 2783 607 2828 non
627 2764 806 2844 acquievit
821 2763 987 2843 Ducissa,
1014 2768 1100 2845 quin
1124 2766 1241 2845 potius
1262 2768 1383 2831 statim
1409 2786 1481 2832 ma·

250 2891 337 2937 num
352 2874 534 2936 admoveri
549 2873 721 2935 ecclesiae
737 2873 859 2949 voluit,
878 2882 912 2933 et
932 2890 977 2934 ex
999 2870 1212 2953 fornicibus,
1229 2883 1266 2936 ut
1284 2886 1379 2939 esset
1401 2878 1483 2941 soli·

250 2982 340 3059 dior,
357 2999 427 3043 non
442 2992 535 3045 tecto
551 2997 630 3043 eam
646 2979 787 3058 contegi
803 2980 923 3041 voluit.
942 2979 1028 3059 Ejus
1043 2981 1147 3059 plane
1168 2980 1291 3045 fervor
1311 3000 1353 3046 ac
1376 2984 1484 3048 devo-

250 3090 299 3153 tio
315 3089 437 3168 magni
451 3086 626 3161 facienda,
643 3086 760 3166 potius
776 3102 881 3167 quam
897 3102 986 3165 opus
1002 3087 1128 3165 ipsum,
1147 3087 1348 3152 videbatur.

309 3195 380 3261 648.
424 3194 518 3258 Ante
533 3194 694 3257 natalitia
709 3193 800 3256 festa
815 3193 928 3257 nostri
951 3192 1144 3272 profecturi
1164 3205 1267 3257 erant
1290 3194 1301 3224 ⁷
1324 3196 1361 3260 in
1381 3200 1482 3262 navi·

248 3305 309 3384 gio
324 3304 477 3383 quodam
503 3301 696 3379 remigibus
712 3302 895 3379 instructo,
919 3310 958 3363 ut
979 3300 1060 3363 inde
1079 3299 1091 3329 ⁸
1107 3301 1281 3366 Bibonam
1297 3320 1378 3366 cum
1400 3306 1482 3368 aliis

249 3411 378 3475 ibidem
399 3407 634 3489 adjungendis
659 3417 869 3487 pergerent;
891 3408 954 3470 sed
979 3407 1022 3469 de
1047 3424 1174 3471 eorum
1198 3410 1365 3489 ingressu
1385 3429 1479 3475 anno

249 3520 411 3597 sequenti
427 3516 574 3578 dicetur.

292 3764 299 3795 Ι
329 3761 411 3805 Roma
421 3760 521 3803 scilicet
533 3758 634 3801 rediens
644 3759 690 3800 sub
702 3756 777 3811 huius
788 3756 846 3799 anni
859 3755 942 3799 linem.
953 3754 1021 3799 Vlde
1030 3767 1118 3811 supra.
1129 3768 1188 3811 pag.
1199 3758 1247 3812 220,
1259 3770 1286 3801 n.
1298 3759 1347 3803 6³5.

290 3835 301 3867 ἱ
329 3834 412 3887 Hujus
421 3842 561 3886 cognomen
573 3836 674 3873 tanturn
685 3828 811 3871 uovlmus.

292 3906 303 3939 ⁸
330 3906 396 3949 llulc
408 3904 494 3947 Guldo
504 3913 594 3945 nomen
605 3910 653 3955 est,
664 3912 805 3954 cognomen
816 3900 957 3951 Antonius,
963 3900 1040 3955 juxta
1053 3900 1195 3944 Acontea.

290 3980 301 4013 ⁴
327 3978 463 4023 Missorum
473 3982 501 4019 ut
513 3974 586 4017 initia
598 3979 720 4027 ponerent
731 3972 840 4025 Collegil
852 3970 1002 4016 Bibonensls
1012 3973 1076 4015 duos
1086 3979 1187 4016 tantum
1202 3974 1318 4018 meminit
1335 3969 1473 4021 Aouraarr'a

248 4052 305 4101 Le..
317 4062 373 4105 cap.
383 4060 451 4103 rv,n.
463 4058 534 4091 xxxr.
550 4044 741 4089 “Eleutherium
758 4042 910 4095 Pontanum,
926 4054 1001 4097 quem
1017 4042 1145 4087 Codretus
1160 4043 1253 4088 Insulls
1269 4054 1359 4090 natum
1376 4048 1482 4103 indicat,

247 4131 273 4168 et
286 4124 313 4167 P.
326 4122 472 4175 lienrlcnm,
483 4120 556 4173 eujus
566 4126 707 4163 cognomen
719 4117 786 4159 idem
796 4116 899 4167 reticet,
910 4122 937 4158 et
947 4114 1090 4169 Hispanum
1101 4116 1176 4159 modo
1187 4116 1265 4160 iulsse
1276 4118 1413 4173 memlnlt,.

290 4197 301 4229 Ι
329 4194 358 4238 ln
368 4192 414 4237 Ms.
425 4194 530 4243 stagno,
540 4201 572 4232 ex
583 4190 673 4232 italico
689 4190 793 4240 stagno.
803 4186 851 4229 Est
867 4193 956 4230 autem
965 4186 1007 4229 hle
1018 4188 1115 4239 stagno
1131 4187 1235 4239 inglese
1246 4188 1313 4233 idem
1323 4200 1355 4233 ac
1366 4192 1433 4245 quod
1444 4193 1483 4237 bl·

246 4269 353 4325 tpanlce
364 4267 459 4311 dlclrur
469 4264 570 4318 “peltae
579 4262 636 4311 (Del
648 4262 750 4304 aleman
761 4259 863 4313 speller
872 4258 932 4311 (stc,
940 4259 1097 4312 spirantem.
1109 4259 1185 4313 zlnc.)
1197 4258 1276 4305 Metal
1287 4271 1436 4317 compaesto
1451 4265 1482 4309 de

246 4345 339 4387 astabo
349 4352 366 4393 y
376 4340 483 4394 plomor.
496 4335 666 4379 Diceionart'o
676 4334 709 4375 de
719 4332 746 4375 la
757 4332 855 4385 longua
867 4331 997 4385 espaaola
1006 4337 1057 4385 por
1066 4331 1094 4374 la
1106 4330 1174 4374 Rea!
1183 4332 1337 4379 Academia.

287 4412 298 4445 θ
328 4410 499 4455 Provlnclalil

287 4486 299 4515 ⁷
328 4482 569 4529 Sclllcetblcssana.

287 4558 299 4591 ⁸
327 4556 525 4611 intelligendum
539 4554 641 4596 videtur
652 4552 788 4603 Panormo;
800 4550 833 4593 lbl
846 4548 922 4603 enlm,
934 4555 961 4591 at
972 4559 1051 4602 supra
1060 4550 1156 4593 dlctum
1165 4558 1214 4606 est,
1223 4564 1246 4596 n.
1255 4554 1304 4609 6t5,
1313 4554 1363 4599 duo
1375 4557 1417 4598 vel
1429 4561 1484 4599 tres

246 4624 367 4673 Messana
377 4628 504 4673 Bit'onam
515 4626 635 4669 euntibus
644 4630 718 4667 crant
730 4620 895 4677 adjungendi.
