3717 5400
789 504 853 561 Au.
877 503 947 560 1555
1431 502 1490 559 513

252 645 400 726 sophiae
416 645 601 711 Cordubae
616 656 904 721 commutaretur,
923 647 1087 728 quamvis
1106 648 1143 709 in
1162 644 1362 709 studiorum
1383 662 1485 709 reno·

253 754 396 816 vatione
411 770 537 817 cursus
551 754 754 834 praedictus
768 763 845 818 erat
865 753 1092 817 innovandus
1110 751 1130 812 ¹.
1147 752 1228 816 Alia
1249 753 1426 832 quaedam
1446 753 1484 815 in

253 860 395 941 scriptis
410 857 627 924 Provinciali
643 860 850 942 exequenda
865 860 1019 941 reliquit.

316 965 402 1030 1484.
446 966 577 1048 inipso
593 976 711 1031 autem
725 968 851 1031 itinere
867 967 1112 1031 Marcbionem
1127 965 1351 1030 Gibraleonis
1366 964 1377 997 ¹
1401 984 1484 1029 cum

253 1088 365 1137 uxore
394 1090 459 1136 sua
487 1070 520 1149 ³,
549 1092 570 1135 a
600 1074 727 1154 quibus
751 1090 975 1155 summopere
1003 1074 1257 1153 expetebatur,
1289 1073 1423 1151 invisit,
1446 1072 1484 1136 in

253 1180 384 1261 oppido
398 1180 641 1245 Benalchazar
655 1178 678 1257 ⁴,
694 1180 754 1244 ubi
769 1180 812 1244 de
827 1180 977 1259 collegio
992 1179 1208 1243 instituendo
1223 1197 1304 1243 cum
1319 1179 1357 1242 P.
1373 1179 1402 1243 F
1405 1197 1485 1243 ran·

253 1288 350 1351 cisco
377 1298 537 1366 egerunt.
560 1285 627 1351 Sed
648 1287 706 1350 ille
727 1287 944 1367 significavit
962 1288 1015 1350 eis
1036 1287 1134 1366 prius
1154 1287 1297 1349 domum
1318 1304 1397 1351 esse
1418 1287 1484 1349 eri-

252 1394 405 1473 gendam
429 1404 464 1457 ot
489 1395 692 1457 necessaria
717 1394 763 1457 ad
788 1394 1025 1475 collegiaiium
1050 1394 1343 1457 sustentationem
1363 1395 1487 1474 provi·

254 1500 381 1577 denda,
399 1510 434 1564 et
449 1511 532 1564 tunc
548 1501 687 1565 demum
704 1520 742 1564 se
757 1519 818 1565 eos
833 1502 1036 1565 missurum.
1047 1500 1115 1563 Hic
1127 1498 1288 1563 Marchio
1300 1518 1484 1565 successu·

252 1625 313 1671 rus
328 1618 404 1671 erat
421 1606 513 1671 Duci
527 1608 570 1671 de
586 1607 690 1689 BeJ'ar
705 1609 741 1671 in
759 1608 871 1688 ipsius
889 1606 1048 1685 Ducatu,
1071 1607 1132 1688 qui
1150 1605 1239 1671 satis
1257 1607 1409 1687 insignis
1429 1618 1484 1671 est

254 1716 289 1779 in
304 1714 476 1795 Hispania
492 1713 514 1795 ⁵3
531 1724 565 1779 et
581 1726 654 1779 tam
668 1716 743 1795 ipse
759 1732 866 1795 quam
880 1714 957 1796 eJ'us
970 1730 1062 1778 uxor
1076 1731 1181 1777 rarae
1196 1714 1339 1794 pietatis
1353 1715 1484 1794 princi-

252 1840 316 1903 pes
331 1822 563 1886 habebantur.

316 1930 403 1993 1455.
448 1929 537 1993 Cum
549 1928 594 1991 ad
605 1930 860 1999 monasterium
872 1926 1347 2009 Guadalupe⁸pervenisset,
1360 1946 1484 2010 quam-

253 2038 309 2099 vis
329 2038 377 2100 illi
396 2038 480 2099 boni
499 2037 656 2117 religiosi
675 2040 803 2100 multos
823 2037 899 2100 dies
923 2053 1004 2100 eum
1024 2036 1153 2100 ibidem
1172 2036 1331 2099 detinere
1352 2037 1483 2100 voluis·

253 2153 342 2223 sent,
369 2161 476 2207 unam
502 2153 637 2207 tantum
657 2155 796 2209 noctem
826 2162 906 2207 eum
929 2144 1162 2207 retinuerunt.
1189 2142 1328 2206 Invenit
1354 2142 1483 2207 ibidem

253 2252 420 2314 nuncium
435 2250 584 2314 Comitis
596 2252 639 2315 de
654 2250 814 2331 Oropesa
829 2249 839 2280 ⁷
855 2268 936 2314 cum
947 2250 1085 2327 litteriS,
1099 2249 1227 2332 quibus
1238 2268 1320 2313 eum
1330 2251 1486 2331 rogabat

253 2366 291 2421 ut
306 2358 352 2421 ad
366 2376 405 2421 se
424 2357 628 2437 accederet,
651 2358 743 2438 quod
762 2356 845 2421 iecit
867 2375 948 2421 cum
967 2345 1100 2438 magna
1116 2357 1227 2438 ipsius
1249 2366 1284 2421 et
1304 2357 1348 2421 D.
1372 2358 1483 2423 Fran-

253 2466 340 2528 cisci
354 2464 397 2527 de
412 2464 545 2528 Toledo
561 2462 572 2493 ⁸
589 2465 842 2528 consolatione.
858 2464 904 2529 Et
925 2464 1008 2544 quia
1028 2465 1185 2528 nondum
1204 2473 1352 2527 venerat
1370 2461 1383 2495 ⁹
1403 2464 1486 2545 Epi·

253 2588 384 2651 scopus
400 2570 644 2650 Placentinus,
662 2572 791 2635 ibidem
809 2569 831 2602 ¹⁰
851 2582 932 2634 octo
951 2571 1027 2635 dies
1042 2588 1124 2634 eum
1144 2569 1387 2648 detinuerunt,
1412 2588 1484 2652 quo

253 2688 412 2760 tempore
427 2679 514 2742 nihil
530 2680 594 2760 ipsi
611 2680 673 2742 otii
688 2679 918 2759 reliquerunt.
937 2677 1104 2743 Omnium
1120 2676 1364 2743 confessiones
1384 2679 1485 2743 audi-

253 2787 316 2865 vit,
335 2796 369 2849 et
380 2786 572 2849 conciones
584 2787 717 2866 aliquot
733 2784 827 2865 apud
842 2803 903 2848 eos
918 2787 1052 2850 habuit:
1068 2785 1333 2850 sanctissimum
1343 2785 1483 2850 Eucha-

252 2893 374 2956 ristiae
390 2902 653 2956 sacramentum
667 2893 718 2956 eis
732 2893 959 2957 ministravit.

317 2999 404 3064 1486.
449 2999 503 3063 De
528 3001 641 3063 tribus
666 3009 783 3062 autem
803 3001 963 3079 collegiis
982 2999 1207 3064 instituendis
1229 3009 1391 3080 egerunt,
1414 3001 1485 3081 pri·

254 3125 350 3172 mum
371 3109 511 3189 quidem
533 3109 665 3188 inipso
686 3107 814 3188 oppido
835 3108 879 3171 de
899 3106 1075 3188 Oropesa,
1096 3108 1192 3188 quod
1212 3107 1486 3188 quadringentis

253 3216 372 3279 aureis
388 3215 496 3278 annui
517 3215 652 3279 reditus
672 3215 800 3278 Comes
816 3215 891 3295 ipse
914 3214 1038 3278 dotare
1057 3215 1201 3278 volebat
1223 3213 1257 3276 ¹¹.
1274 3213 1436 3278 Alterum
1449 3214 1483 3276 in

295 3453 302 3484 ¹
332 3452 447 3506 Scilicet,
458 3456 557 3499 nonnisi
571 3454 716 3510 Septembri
726 3466 814 3498 mense
825 3455 901 3507 huius
911 3455 971 3498 anni
983 3455 1008 3498 in
1019 3455 1197 3510 philosophiae
1208 3455 1346 3499 lectionem
1353 3455 1431 3500 lectio
1438 3455 1486 3500 illa

253 3535 360 3569 caenum
370 3524 546 3570 eonscientiae
557 3527 679 3570 mutanda
691 3533 758 3570 erat.

293 3596 305 3628 Ι
332 3595 403 3640 “1)οη
414 3599 512 3641 Aionso
522 3599 553 3641 de
565 3598 664 3652 zuriga
674 3611 691 3654 y
702 3597 865 3654 Sotornayor,
876 3605 969 3642 cnarto
978 3600 1101 3652 marquea
1111 3599 1141 3642 de
1150 3596 1386 3648 Gibraleon,conde
1394 3599 1426 3642 de
1436 3597 1486 3642 Ba·

253 3671 354 3719 lieres..
365 3667 476 3722 Buaoos,
487 3671 503 3712 i.
516 3681 546 3723 c.,
558 3679 575 3713 t.
587 3681 614 3722 tr,
623 3681 681 3724 pag.
692 3671 726 3713 64.

294 3739 306 3772 ⁵
332 3740 420 3784 “Dorta
431 3739 573 3785 Francieea
583 3743 614 3785 de
625 3741 744 3785 Corduba
754 3754 771 3798 y
781 3741 919 3796 Figueroa,
930 3741 1047 3796 ”gnada
1056 3741 1171 3794 duqneaa
1185 3741 1217 3784 de
1227 3740 1339 3794 Baetra..
1348 3739 1396 3794 lta,
1409 3741 1486 3791 ibid„

253 3809 348 3866 “hlJay
360 3811 487 3855 beredera
497 3813 527 3855 de
538 3811 595 3856 Don
607 3813 721 3856 Gonzalo
733 3811 883 3857 Fernandez
898 3814 928 3857 de
940 3813 1087 3868 cordobay
1101 3811 1177 3856 Doiia
1194 3811 1280 3856 Maria
1294 3811 1442 3856 sarmiento
1452 3812 1484 3855 de

253 3881 383 3934 Mendoaa,
395 3891 510 3927 terceros
519 3883 623 3938 Duques
633 3885 664 3927 de
675 3883 831 3938 Seesa.„1n.,
844 3883 918 3936 tota,
928 3889 947 3928 t.
958 3895 1003 3936 vn,
1014 3888 1089 3937 parte
1100 3893 1126 3934 tt,
1137 3883 1175 3927 lit.
1186 3882 1215 3936 B,
1226 3894 1286 3936 pag.
1297 3883 1331 3926 25.

294 3955 306 3986 ⁴
332 3952 439 3998 Rectius
449 3963 475 3998 et
486 3957 589 4010 saepiae
599 3955 902 4000 Bacaacizaa.iiarcbio
913 3967 993 4015 snpra
1002 3955 1086 3999 diem·
1099 3954 1133 3998 de
1146 3954 1288 3998 Gr'braiwn
1302 3959 1361 3998 erat
1377 3952 1486 3999 Viceeo·

253 4035 307 4068 mes
318 4025 352 4068 de
363 4024 535 4071 Boiaicdaar.

293 4096 305 4126 ⁵
333 4095 415 4141 Filius
427 4098 448 4140 is
459 4107 516 4142 erat
526 4097 667 4142 Thereslae
679 4099 709 4142 de
720 4099 828 4154 Zudloea,
838 4099 965 4145 Daciaeae
979 4097 1075 4143 tertiae
1091 4099 1122 4141 de
1137 4097 1223 4152 Beier.
1235 4096 1292 4141 Non
1307 4103 1395 4141 tamen
1405 4099 1485 4142 matri

253 4167 278 4210 in
286 4167 382 4212 ducatu
392 4173 525 4222 successit,
537 4171 605 4224 qula,
615 4181 646 4212 ea
655 4171 802 4225 superstite,
811 4171 907 4216 “murlo
914 4173 956 4216 ain
965 4169 1114 4226 poetertdad
1123 4181 1155 4213 en
1163 4169 1191 4212 24
1199 4167 1231 4212 de
1241 4167 1357 4213 Febrero
1364 4168 1396 4213 de
1409 4169 1487 4216 1559..

253 4237 427 4292 Βσιοοι,1.ο.

290 4309 303 4344 ⁸
330 4311 398 4355 Vide
410 4323 498 4367 eupra,
509 4325 570 4368 patr.
582 4312 629 4366 tot,
641 4324 665 4356 n.
675 4313 739 4357 1315.

290 4381 301 4408 ’
330 4382 398 4428 Vide
407 4396 496 4438 supra.
507 4397 565 4440 pag.
575 4385 623 4436 466,
634 4397 657 4429 n.
673 4386 732 4429 1261.

289 4452 301 4482 '¹
332 4453 843 4514 111116151.1εηι,ε1ι.ιν,ριις.593ιῑ594.

291 4524 303 4558 ⁹
332 4527 501 4572 Placentiam.

195 4585 204 4604 ⁸
293 4599 317 4632 ¹⁰
343 4599 372 4643 In
382 4601 475 4655 oppido
485 4601 651 4656 sarondiiia.
660 4600 729 4646 Vide
739 4613 826 4658 supra,
838 4613 898 4656 pag.
908 4602 957 4655 466,
968 4613 993 4644 n.
1009 4601 1069 4646 tati.

295 4671 315 4704 ¹¹
343 4671 467 4716 Erectum
478 4681 518 4719 eet
528 4673 632 4717 tandem
640 4674 784 4730 Collegium
796 4673 925 4728 Oropesae
934 4686 951 4719 a
961 4673 1068 4718 Comitia
1076 4673 1167 4726 iratre,
1176 4672 1242 4719 Dno.
1250 4671 1487 4720 Franeiecode'i'o·

253 4743 321 4798 ledo,
332 4754 399 4788 anno
416 4745 477 4788 1569,
