3717 5400
352 482 414 546 d98
793 446 943 547 'ennon
964 482 1042 544 Soc.
1064 484 1133 557 Jss.
1238 502 1248 523 ·

359 629 615 693 asseverabant
634 629 817 709 aethiopes
837 646 976 705 errare,
996 640 1030 693 et
1049 639 1191 694 nostros
1210 627 1309 693 Fidei
1334 630 1523 693 veritatem
1541 638 1591 693 te-

354 752 454 815 nere;
477 745 512 800 et
527 736 559 799 si
578 735 655 799 Rex
676 754 748 800 non
766 736 964 817 obediebat,
985 754 1024 801 se
1047 754 1252 802 recessuros
1272 753 1352 799 cum
1367 735 1406 799 P.
1429 734 1588 799 Gonzalo

354 842 593 921 affirmabant,
610 844 648 922 si
672 843 709 907 in
726 844 862 908 Indiam
886 844 993 908 vellet
1013 861 1074 908 eos
1090 843 1264 909 deducere
1289 852 1324 907 et
1338 842 1419 906 inde
1438 842 1587 931 Romam

353 952 507 1029 mittere,
524 961 559 1015 et
573 967 720 1032 prorsus
734 951 926 1015 verisimile
941 952 1138 1029 videbatur,
1156 951 1250 1031 quod
1266 951 1297 1013 si
1311 950 1482 1030 scriptum
1501 947 1590 1013 illud

353 1058 543 1122 chaldaica
562 1058 685 1137 lingua
700 1061 908 1137 evulgatum
922 1069 1016 1123 esset
1033 1058 1040 1089 ¹
1057 1059 1148 1121 inter
1162 1074 1235 1136 eos
1256 1057 1316 1139 qui
1336 1056 1463 1121 eruditi
1482 1056 1586 1121 habe·

355 1166 496 1243 bantur,
512 1165 606 1245 quod
620 1166 750 1229 multos
768 1165 814 1229 ad
830 1166 1010 1229 meliorem
1025 1165 1236 1229 sententiam
1257 1172 1427 1227 mutasset
1448 1172 1483 1226 et
1498 1162 1588 1227 alios

353 1273 585 1336 confudisset.
606 1272 708 1352 Quod
725 1288 807 1337 cum
821 1271 898 1337 Rex
915 1273 1153 1355 praevideret,
1174 1274 1284 1337 noluit
1304 1281 1342 1335 ut
1361 1272 1456 1336 aliud
1471 1288 1587 1334 exem-

330 1379 454 1460 ‘plum
469 1380 693 1443 scriberetur.
718 1378 789 1443 Sed
810 1397 890 1443 cum
905 1378 943 1443 P.
965 1380 1145 1445 Gonzalus
1165 1391 1245 1461 post
1266 1396 1423 1443 mensem
1441 1395 1550 1451 unum
1565 1396 1587 1441 a

356 1486 455 1566 Rege
470 1496 604 1567 peteret
618 1496 656 1549 ut
670 1504 774 1551 suum
793 1488 964 1568 scriptum
982 1488 1050 1568 ipsi
1068 1487 1243 1562 redderet,
1265 1494 1310 1565 et,
1334 1486 1364 1549 si
1384 1484 1459 1565 eius
1480 1486 1586 1548 vellet

350 1595 567 1673 exemplum,
580 1604 619 1658 ut
629 1594 736 1657 scribi
744 1591 893 1673 juberet,
906 1594 1088 1675 respondit
1097 1593 1175 1659 Rex
1190 1594 1274 1659 illud
1289 1593 1459 1673 scripturn
1474 1592 1583 1656 fuisse

357 1710 395 1763 ut
410 1700 484 1780 ipse
505 1700 590 1763 illud
607 1700 755 1779 videret,
777 1718 885 1781 seque
899 1700 936 1765 in
957 1701 1119 1765 manibus
1134 1718 1273 1781 semper
1287 1700 1372 1764 illud
1388 1699 1529 1778 habere,
1551 1708 1587 1763 et

353 1807 452 1887 quod
471 1815 634 1887 poterant
653 1806 813 1871 sufficere
838 1806 876 1871 P.
902 1807 1061 1872 Gonzalo
1083 1808 1175 1886 libri,
1199 1806 1389 1887 exquibus
1413 1806 1586 1895 scriptum

358 1912 444 1981 illud
458 1914 662 1993 collegerat.

420 2018 508 2083 1941.
550 2019 679 2084 Postea
705 2021 934 2085 nihilominus
959 2023 1174 2087 intellectum
1200 2031 1253 2085 est
1277 2020 1371 2101 quod
1395 2018 1472 2083 Rex
1492 2029 1586 2084 tran·

357 2126 465 2190 scribi
474 2126 639 2206 jusserat,
656 2130 819 2209 quamvis
833 2129 1081 2210 suspicabatur
1101 2128 1140 2193 P.
1162 2127 1340 2193 Gonzalus
1360 2128 1453 2208 quod
1469 2128 1586 2207 aliqua

318 2282 322 2289 .
354 2234 440 2297 inde
459 2234 693 2315 subtraheret,
716 2248 755 2298 ut
781 2241 789 2273 ¹
810 2254 901 2317 quae
919 2235 963 2300 de
987 2235 1084 2317 Papa
1103 2236 1223 2299 Leone
1245 2234 1376 2314 Magno
1396 2245 1431 2297 et
1446 2233 1489 2297 de
1503 2233 1587 2297 Dio-

356 2358 464 2405 scoto
486 2339 727 2405 Alexandriae
747 2343 923 2424 Episcopo
946 2344 1112 2423 agebant;
1129 2360 1212 2406 nam
1232 2342 1415 2422 aethiopes
1429 2342 1585 2405 Leonem

352 2458 581 2527 execrantur,
609 2451 701 2513 sicut
725 2461 760 2513 et
785 2449 982 2516 Concilium
1007 2448 1312 2528 Chalcedonense,
1339 2448 1434 2529 quod
1460 2447 1587 2529 injuste

354 2554 628 2621 condemnasset
658 2566 695 2620 ut
714 2557 933 2622 haereticum
957 2556 1189 2637 Dioscorum,
1211 2572 1315 2637 quem
1334 2556 1401 2636 ipsi
1422 2564 1586 2619 sanctum

356 2662 572 2727 existimant.

420 2769 508 2833 1942.
551 2770 629 2833 Hoc
649 2780 807 2851 tempore
827 2770 903 2835 Rex
923 2772 1136 2854 Aethiopiae
1158 2773 1321 2853 conquiri
1338 2769 1482 2851 jubebat
1502 2771 1589 2834 mul·

356 2887 413 2941 tos
428 2878 537 2940 libros
555 2895 601 2940 ex
623 2879 803 2958 primariis
822 2881 924 2958 regni
949 2881 1004 2943 sui
1028 2880 1188 2944 ecclesiis
1202 2889 1237 2943 et
1259 2897 1329 2942 non
1355 2878 1518 2942 cessabat
1540 2877 1585 2940 ab

352 2985 409 3048 eis
437 2985 660 3064 evolvendis;
690 2995 725 3048 et
752 2988 900 3050 notabat
929 3005 974 3051 ex
1002 2988 1053 3050 eis
1081 3005 1171 3068 quae
1199 2986 1412 3050 videbantur
1442 2985 1587 3050 adrem

356 3091 476 3154 iacere
490 3101 529 3155 ut
548 3095 779 3172 responderet
797 3095 931 3174 scripto
946 3093 984 3158 P.
1007 3085 1167 3172 Gonzali,
1192 3104 1225 3158 et
1246 3094 1291 3157 ad
1312 3093 1447 3173 Regem
1465 3091 1587 3155 Portu·

352 3199 486 3278 galliae
509 3217 552 3262 ac
577 3199 782 3280 Pro-regem
805 3201 926 3265 Indiae
951 3202 1137 3282 scriberet,
1155 3202 1184 3264 si
1210 3219 1279 3282 qua
1302 3200 1441 3264 ratione
1465 3207 1587 3278 posset

356 3323 443 3369 suos
464 3323 606 3370 errores
634 3309 761 3386 celare,
782 3309 845 3372 sed
870 3325 951 3372 cum
966 3308 1001 3372 id
1020 3326 1092 3372 non
1106 3308 1297 3387 inveniret,
1321 3306 1518 3371 affirmabat
1532 3303 1588 3369 Fi·

351 3413 437 3476 dem
451 3423 611 3477 nostram
626 3425 660 3477 et
675 3431 777 3477 suam
796 3415 955 3480 eamdem
975 3432 1066 3494 esse,
1087 3433 1152 3479 nec
1174 3423 1292 3478 tamen
1311 3423 1501 3494 propterea
1518 3411 1587 3476 Ro-

357 3537 483 3584 manae
507 3520 690 3584 Ecclesiae
712 3522 854 3585 obedire
873 3522 1015 3586 volebat
1051 3521 1096 3586 Et
1118 3533 1157 3586 ut
1178 3529 1441 3601 cognoscantur
1463 3535 1585 3583 eorum

358 3626 540 3690 hominum
563 3628 671 3690 animi
690 3628 759 3691 hoc
779 3628 920 3707 addam,
947 3630 1077 3692 multos
1095 3647 1141 3692 ex
1165 3628 1367 3708 gentilibus
1390 3629 1450 3707 qui
1474 3641 1588 3705 reguo

356 3733 570 3814 Aethiopiae
584 3735 694 3798 vicini
708 3742 790 3797 sunt
804 3748 839 3798 et
854 3735 1024 3799 tributum
1049 3736 1082 3800 ei
1097 3733 1186 3815 Regi
1204 3733 1369 3816 pendunt,
1386 3735 1586 3814 postulasse

355 3849 397 3902 ut
412 3840 626 3904 christianos
641 3841 716 3921 ipse
731 3841 895 3922 efficeret,
912 3859 978 3906 sua
998 3842 1226 3906 nihilominus
1239 3841 1319 3923 jura
1339 3840 1373 3904 ei
1394 3842 1584 3920 soluturos;

355 3946 522 4027 quodque
545 3949 677 4010 nollent
697 3948 879 4029 aethiopes
898 3948 935 4012 id
957 3949 1086 4026 facere,
1109 3959 1148 4013 ut
1168 3950 1291 4012 liceret
1315 3947 1401 4026 ipsis
1426 3947 1586 4028 irruptio·

355 4054 483 4116 nesio
504 4072 565 4117 eos
589 4055 733 4118 liberius
757 4054 888 4135 faeere,
915 4069 953 4119 ut
973 4055 1119 4136 faciunt,
1143 4073 1265 4120 eorum
1280 4055 1381 4132 lilios
1403 4071 1533 4118 uxores
1552 4063 1587 4118 et

354 4161 450 4224 bona
471 4159 733 4241 depraedando,
755 4171 790 4226 et
807 4163 853 4226 ad
878 4180 977 4226 mare
996 4164 1155 4226 homines
1175 4163 1328 4238 mittunt,
1355 4173 1393 4225 ut
1418 4163 1529 4225 turcis
1552 4169 1587 4226 et

355 4269 542 4332 saracenis
555 4269 728 4349 vendant,
748 4270 920 4334 decernet
936 4270 1120 4334 duodecim
1142 4271 1250 4334 millia
1265 4285 1452 4333 servorum
1469 4269 1588 4348 singu·
1620 4261 1626 4272 '

356 4377 401 4438 lis
415 4376 528 4455 annis,
541 4393 587 4438 ex
597 4377 724 4458 quibus
734 4379 851 4440 nullus
862 4387 915 4440 est
925 4378 986 4458 qui
998 4376 1146 4441 libenter
1158 4377 1373 4440 christianus
1384 4393 1456 4440 non
1467 4375 1585 4460 lieret.

360 4539 572 4554 O-——n--—--—

401 4651 410 4684 ¹
437 4652 484 4697 his.
497 4657 564 4698 erar.

438 4724 485 4768 his.
496 4728 535 4770 et.
