3717 5400
359 486 419 548 528
824 484 953 545 Cneon.
974 483 1050 545 Soc.
1070 484 1141 557 Jus.

406 631 495 699 1440.
538 631 713 697 Censebat
729 640 847 695 autem
860 630 900 694 P.
917 629 1048 695 Turres
1059 630 1296 695 Provincialis
1309 647 1380 694 non
1395 640 1469 694 tam
1484 631 1596 694 multa

359 741 512 821 collegia
526 740 744 804 admittenda
755 756 845 817 esse,
858 748 892 802 et
904 738 1168 803 observandum
1175 739 1270 819 quod
1280 738 1317 801 in
1328 736 1477 803 ItaliaP.
1494 738 1594 818 Igna·

361 849 434 912 tius
449 848 674 925 observabat,
691 865 736 910 ne
750 848 859 910 ullum
874 845 1062 925 collegium
1078 846 1317 924 inchoaretur,
1330 846 1367 908 in
1381 863 1451 926 quo
1466 848 1593 909 saltem

358 955 627 1036 quatuordeeim
642 954 846 1034 collegiales
860 971 932 1018 non
946 962 1065 1017 essent
1081 951 1102 1033 ¹,
1118 963 1153 1016 et
1164 953 1211 1017 ad
1222 952 1257 1016 id
1269 955 1489 1028 movebatur,
1507 954 1591 1033 quia

356 1062 484 1141 exhiS,
501 1062 561 1143 qui
575 1072 764 1142 praeerant
784 1060 944 1139 collegiis
963 1060 1140 1138 Baeticae,
1165 1060 1228 1123 vix
1250 1060 1339 1124 duos
1359 1062 1529 1123 talentum
1545 1059 1590 1123 ad

359 1170 555 1251 regendum
575 1170 663 1233 alios
682 1168 815 1233 habere
840 1169 1024 1248 sentiebat,
1049 1168 1213 1248 quamvis
1233 1184 1372 1247 omnes,
1393 1168 1471 1231 Deo
1496 1166 1592 1247 adjn·

359 1287 480 1354 vante,
497 1278 586 1340 bene
601 1294 639 1339 se
658 1285 834 1357 gererent.
852 1275 1047 1341 Admonuit
1069 1276 1177 1339 etiam
1196 1275 1234 1339 Ρ.
1254 1274 1284 1338 F
1286 1275 1487 1338 ranciscum
1506 1274 1591 1337 Bor·

359 1384 460 1463 giam
475 1386 554 1465 plus
569 1400 676 1463 quam
690 1401 757 1464 par
772 1392 865 1447 esset
879 1384 1055 1462 laborare,
1071 1400 1138 1445 nec
1151 1399 1256 1463 posse
1271 1382 1332 1445 diu
1346 1382 1458 1445 vitam
1472 1398 1516 1444 ac
1530 1400 1593 1445 va·

362 1492 553 1556 letudinem
568 1492 670 1571 tueri,
688 1492 717 1553 si
733 1493 784 1555 sic
800 1500 976 1571 pergeret3
989 1499 1024 1553 et
1034 1489 1288 1569 eremitorium,
1300 1488 1395 1569 quod
1406 1489 1482 1569 ipse
1493 1498 1593 1569 opta·

359 1600 432 1678 bat,
450 1599 716 1663 concedendum
730 1598 798 1678 ipsi
813 1598 1054 1662 arbitrabatur
1068 1596 1096 1674 ’ς
1114 1614 1159 1659 ex
1179 1613 1248 1677 quo
1268 1604 1387 1659 tamen
1406 1596 1593 1675 egredere·

359 1717 440 1787 tur,
471 1724 552 1770 cum
578 1704 653 1786 ejus
682 1706 883 1786 praesentia
911 1705 1033 1784 magni
1062 1714 1156 1767 esset
1184 1704 1353 1768 momenti
1382 1704 1592 1784 ubicumque

359 1822 579 1877 versaretur.

403 1920 492 1984 1441.
535 1919 728 2001 Postquam
749 1920 793 1983 D.
818 1919 1130 2003 Joannesdomum
1155 1938 1258 1984 suam
1279 1920 1412 1983 nostris
1431 1918 1588 1999 tradidit,

357 2030 470 2092 multa
484 2044 573 2091 vasa
588 2040 771 2107 argentea,
789 2038 998 2090 ornamenta
1013 2028 1049 2090 in
1064 2045 1166 2091 usum
1178 2027 1310 2107 sacelli,
1323 2026 1482 2105 donavit,
1497 2042 1590 2107 quae

358 2135 470 2198 multa
485 2135 593 2197 millia
609 2134 819 2197 ducatorum
834 2133 1013 2213 valebant,
1030 2146 1063 2196 et
1077 2143 1177 2197 tanta
1192 2152 1272 2197 cum
1285 2134 1464 2197 hilaritate
1480 2134 1587 2213 dedit,

357 2252 396 2305 ut
408 2240 467 2304 diu
482 2242 589 2305 etiam
605 2250 686 2321 post
700 2239 833 2305 donum
847 2240 1004 2320 duraret,
1020 2251 1055 2304 et
1074 2241 1208 2304 diceret
1223 2257 1316 2304 nuuc
1337 2241 1404 2304 sibi
1419 2249 1454 2303 et
1471 2241 1591 2304 cibum

357 2358 395 2412 et
410 2366 573 2413 somnum
590 2359 733 2428 gratum
749 2366 827 2411 esse
842 2348 1014 2429 coepisse.

400 2456 488 2519 1442.
533 2458 621 2521 Cum
634 2457 671 2520 Ρ.
685 2456 918 2520 Provincialis
931 2473 1013 2519 cum
1022 2455 1125 2519 Patre
1136 2456 1267 2519 Basilio
1279 2456 1498 2521 ‘Granatam
1508 2474 1590 2537 pro·

356 2564 440 2627 secti
455 2572 547 2636 sunt,
565 2562 788 2627 sacerdotem
802 2562 989 2643 quemdam
1004 2571 1038 2626 et
1054 2562 1143 2626 duos
1157 2564 1258 2643 alios
1276 2563 1462 2627 Cordubae
1474 2564 1510 2627 in
1526 2562 1590 2627 So·

357 2671 524 2736 cietatem
536 2670 720 2750 admissos
739 2687 859 2734 secum
875 2670 1033 2750 adduxit,
1055 2682 1089 2734 et
1109 2671 1145 2735 in
1165 2671 1247 2754 ipso,
1261 2672 1386 2735 itinere
1405 2673 1590 2753 praedica·

358 2781 454 2856 bant,
472 2788 505 2842 et
520 2779 589 2842 alia
609 2777 780 2842 Societati
805 2789 974 2842 consueta
998 2779 1192 2842 ministeria
1216 2779 1251 2842 in
1273 2780 1485 2860 quibusdam
1500 2781 1590 2845 locis

354 2887 580 2964 exercebant;
599 2885 702 2949 Pater
718 2895 836 2948 autem
850 2884 1028 2949 Gonzalez
1042 2886 1228 2949 Cordubae
1248 2889 1392 2951 relictus
1410 2896 1465 2951 est
1484 2898 1523 2951 ut
1536 2889 1588 2951 illi

358 2993 516 3072 Collegio
533 3003 712 3073 praeesset
729 3009 839 3072 usque
855 2993 900 3054 ad
915 2991 1170 3073 Septembrem,
1193 3011 1262 3075 quo
1281 3004 1440 3074 tempore
1459 2995 1586 3076 Hispa·

355 3101 417 3164 lim
432 3109 508 3164 erat
520 3101 690 3178 abituruS,
706 3111 744 3163 ut
759 3099 907 3178 Collegii
919 3101 1012 3163 illius
1026 3118 1151 3164 curam
1165 3103 1354 3182 acciperet.
1371 3101 1450 3166 Hoc
1467 3112 1588 3168 tamen

356 3217 516 3287 tempore
531 3207 742 3288 quibusdam
766 3206 948 3270 Exercitia
970 3208 1100 3270 tradita
1126 3218 1208 3271 sunt
1232 3227 1304 3272 non
1329 3209 1470 3272 infimae
1483 3221 1589 3274 notae

357 3314 570 3378 hominibus.

399 3421 486 3484 1443.
531 3420 726 3485 Admonuit
749 3421 786 3484 P.
815 3420 948 3484 Torres
978 3419 1213 3485 Provincialis
1243 3423 1384 3486 Patrem
1410 3425 1589 3505 ignatium

356 3528 460 3591 valde
472 3528 713 3592 neeessariam
728 3545 804 3591 esse
821 3529 952 3591 nostris
964 3528 1169 3592 facultatem
1185 3530 1393 3594 absolvendi
1409 3534 1454 3594 ab
1469 3533 1590 3596 haere·
1624 3572 1632 3588 ·

354 3636 397 3714 si,
411 3635 511 3716 cujus
527 3655 628 3700 usum
645 3637 681 3699 P.
699 3635 835 3721 Natalis
851 3636 983 3699 nostris
998 3637 1241 3714 interdixerat;
1255 3638 1404 3702 docebat
1420 3640 1515 3703 enim
1524 3659 1588 3704 ex·

356 3743 529 3822 perientia
545 3744 717 3824 quasdam
734 3761 811 3804 esse
827 3744 975 3821 animaS,
993 3761 1084 3822 quae
1109 3746 1252 3807 mallent
1278 3745 1313 3811 in
1334 3748 1408 3810 suis
1428 3749 1588 3827 peccatis

354 3861 510 3922 manere,
527 3868 631 3931 quam
647 3869 687 3912 ea
705 3851 806 3912 aliter
822 3867 928 3930 quam
944 3850 980 3912 in
994 3849 1215 3914 confessione
1226 3851 1341 3930 fateri;
1356 3865 1390 3917 et
1403 3873 1441 3917 re
1454 3857 1586 3919 collata

354 3975 437 4020 cum
451 3958 730 4038 Arcbiepiseopo
747 3957 973 4035 Glanatensi,
990 3956 1064 4036 ejus
1079 3959 1186 4021 etiam
1201 3961 1375 4024 sententia
1396 3963 1485 4025 haec
1507 3963 1587 4044 suit,

353 4064 450 4145 quod
465 4065 700 4136 conveniebat
716 4081 932 4144 magnopere
945 4065 1036 4128 hanc
1050 4065 1254 4130 facultatem
1266 4069 1372 4132 alicui
1384 4080 1587 4135 nostrorum

355 4171 550 4250 intermitti;
567 4183 601 4233 et
617 4172 667 4233 sic
680 4169 717 4234 P.
732 4170 889 4249 Ignatius
902 4171 1137 4250 paucissimis,
1151 4182 1185 4235 et
1197 4191 1328 4254 magno
1342 4193 1424 4239 cum
1436 4177 1590 4264 delectu,
1623 4189 1629 4199 “

351 4291 389 4341 et
405 4278 615 4359 quibusdam
630 4277 888 4342 conditionibus
904 4278 1071 4341 adhibitis
1082 4297 1127 4342 ne
1139 4281 1248 4346 ullum
1260 4283 1516 4363 praejudicium
1530 4290 1591 4353 tri·

354 4386 475 4449 bunali
489 4383 572 4449 85⁸⁹
598 4385 838 4464 inquisitionis
853 4383 963 4462 lieret,
983 4381 1086 4466 [earn]
1106 4390 1393 4456 communicavit.

396 4592 403 4622 ¹
433 4591 500 4634 Vide
512 4592 666 4644 praesertim
677 4601 766 4642 supra.
777 4595 795 4633 t.
807 4601 844 4640 ιν,
855 4600 915 4644 pag.
926 4589 976 4643 tae,
987 4603 1012 4634 n.
1028 4591 1085 4634 1018.

394 4663 406 4694 ἲ
434 4662 501 4707 Vide
513 4663 587 4714 adid„
599 4675 659 4716 pan.
671 4663 718 4714 t90,
731 4675 754 4706 n.
768 4663 827 4706 1035.

394 4733 406 4764 ⁵
434 4735 462 4778 P.
475 4734 580 4786 Basilio.
593 4735 652 4778 oiim
664 4735 807 4789 Alphonso,
818 4735 848 4776 de
864 4735 956 4779 Avila.
