3717 5400
826 479 892 539 Aa.
914 480 985 558 1555
1465 475 1523 535 503

286 640 323 694 et
340 628 571 693 conformitas
586 645 666 692 cum
681 629 866 690 voluntate
881 625 950 691 Dei
963 628 1091 690 miram
1105 624 1384 713 aedificationem
1406 626 1517 689 omni·

288 738 355 802 bus
370 753 451 800 eum
466 736 693 799 visitantibus
709 736 835 814 attulit,
852 735 913 817 qui
928 734 1157 797 invidendum
1168 734 1288 814 potius
1303 749 1409 814 quam
1424 750 1519 795 com-

290 842 497 925 patiendum
512 854 586 906 tam
600 842 715 906 sancti
730 843 799 906 viri
814 842 920 905 morti
941 842 1145 905 censebant.
1170 839 1308 903 Placuit
1327 849 1447 903 tamen
1468 840 1520 902 di·

288 952 396 1014 vinae
411 949 566 1015 Bonitati
580 950 625 1013 ab
640 950 707 1014 hoc
723 950 880 1030 periculo
896 967 977 1013 eum
991 948 1159 1027 liberare;
1175 958 1210 1011 et
1232 947 1426 1010 humanum
1447 964 1519 1010 me·

291 1059 399 1137 dium,
416 1075 485 1139 quo
498 1074 561 1119 usa
575 1054 639 1120 fuit
651 1057 762 1136 ipsius
773 1056 1009 1136 providentia,
1023 1056 1090 1119 fuit
1101 1056 1260 1119 charitas
1272 1066 1306 1117 et
1318 1054 1518 1118 sollicitudo

291 1165 470 1229 Comitum
484 1162 641 1241 Nieblae;
658 1165 744 1227 nihil
760 1164 853 1227 enim
869 1165 1079 1243 omiserunt,
1096 1165 1178 1226 licet
1193 1162 1332 1226 difficile
1348 1173 1382 1224 et
1397 1162 1518 1242 exqui·

289 1273 406 1350 situm,
422 1272 517 1354 quod
531 1290 603 1334 non
619 1272 856 1335 adhibendum
874 1272 1080 1335 curaverint
1091 1280 1129 1334 ut
1140 1268 1217 1350 ejus
1231 1269 1423 1333 valetudini
1434 1286 1516 1331 con·
1569 1338 1573 1346 ¹

288 1380 475 1444 suleretur.

353 1486 441 1553 1370.
485 1489 556 1569 Ipsi
575 1490 682 1553 etiam
702 1489 821 1554 Duces
842 1506 922 1551 eum
944 1487 1069 1549 crebro
1094 1485 1299 1563 visitabant,
1326 1493 1360 1546 et
1380 1500 1521 1547 summa

289 1595 423 1659 laetitia
438 1599 589 1677 populus
604 1596 751 1660 affectus
765 1606 829 1672 est,
848 1612 928 1658 cum
947 1595 1063 1673 ipsum
1080 1593 1225 1656 sanitati
1245 1592 1447 1655 restitutum
1466 1590 1519 1653 in·

290 1702 436 1781 tellexit3
449 1711 483 1767 et
495 1703 810 1767 circumferebatur
821 1702 914 1784 quod
928 1710 1073 1782 propter
1084 1700 1205 1781 popuii
1216 1698 1397 1762 orationes
1407 1698 1519 1760 vitam

290 1810 324 1873 ei
347 1807 523 1874 Dominus
549 1810 714 1875 dedisset.
742 1810 983 1873 Concionatus
1007 1808 1124 1872 fuerat
1153 1817 1235 1870 ante
1261 1806 1522 1885 aegritudinem

292 1917 369 1997 ipso
385 1917 441 1981 die
456 1916 668 1982 Sanctorum
683 1918 836 1999 Philippi
851 1926 885 1979 et
899 1915 1025 1998 Jacobi
1044 1916 1080 1979 in
1100 1932 1237 1977 summo
1259 1915 1402 1993 templo,
1419 1922 1523 1975 tanto

292 2042 373 2088 cum
388 2025 513 2105 spiritu
535 2042 577 2088 ac
597 2024 750 2100 fervore,
772 2035 808 2088 ut
828 2034 902 2087 tam
917 2024 1037 2089 Duces
1056 2040 1163 2104 quam
1183 2020 1242 2084 alii
1262 2020 1421 2083 dicerent
1434 2037 1521 2082 nun·

291 2149 398 2212 quam
412 2150 451 2196 se
465 2134 673 2197 concionem
689 2134 886 2211 audivisse,
909 2150 955 2195 ex
974 2150 1043 2212 qua
1063 2140 1201 2193 tantum
1218 2128 1373 2192 fructum
1393 2126 1525 2189 elicere

290 2249 447 2319 possent.

355 2346 443 2410 1371.
486 2345 663 2427 Surgebat
676 2348 819 2411 interim
834 2366 923 2429 opus
937 2349 1022 2411 novi
1041 2349 1173 2426 sacelli,
1190 2349 1286 2429 quod
1304 2347 1378 2412 suis
1393 2361 1523 2426 expen-

291 2454 341 2517 sis
356 2451 440 2517 Dux
455 2462 489 2517 et
504 2453 631 2517 Comes
646 2454 834 2533 iaciebant,
851 2464 886 2517 et
897 2454 1074 2519 vendebat
1086 2455 1275 2520 Comitissa
1288 2453 1464 2536 quaedam
1475 2469 1521 2515 ex

290 2561 442 2639 gemmis
463 2562 628 2641 pretiosis
647 2562 769 2625 mundi
789 2562 844 2625 sui
864 2563 1056 2640 muliebris,
1072 2574 1110 2626 ut
1125 2581 1171 2625 ex
1195 2562 1238 2626 ea
1258 2547 1408 2643 pecunia
1430 2576 1526 2640 opus

290 2668 398 2732 citius
414 2667 658 2734 conficeretur.

355 2776 443 2840 1372.
487 2775 604 2841 Rediit
619 2769 738 2841 autem
758 2777 804 2840 ad
818 2777 1053 2841 ministerium
1072 2777 1173 2841 verbi
1195 2777 1231 2840 P.
1254 2777 1411 2861 joannes
1431 2775 1523 2839 Pau·

213 2915 217 2924 ·
291 2886 357 2962 luS,
375 2901 524 2964 corpore
539 2885 701 2964 vegetior
715 2903 822 2966 quam
837 2884 953 2949 luerat
969 2895 1051 2949 ante
1066 2885 1244 2964 morbum,
1260 2885 1320 2966 qui
1335 2886 1425 2948 alias
1447 2884 1526 2965 eJ'us

292 2991 533 3070 aegritudines
548 2993 739 3056 resolvisse
758 2992 958 3056 videbatur.
981 2991 1156 3057 Nolebant
1175 2992 1318 3073 quidem
1337 3002 1420 3056 ante
1439 2993 1522 3074 hye-

292 3115 384 3160 mem
399 3116 480 3161 eum
495 3099 711 3178 concionari,
729 3100 811 3179 quia
826 3099 1041 3163 valetudinis
1056 3098 1131 3178 ejus
1145 3100 1319 3163 rationem
1332 3101 1523 3180 habebant,

291 3205 354 3268 sed
369 3207 444 3285 ipse
459 3207 579 3285 potius
594 3206 744 3270 aliorum
764 3207 947 3270 devotioni
966 3207 1160 3287 acquievit,
1178 3207 1237 3287 qui
1252 3207 1522 3271 concionantem

291 3313 416 3376 audire
430 3313 694 3394 percupiebant,
712 3314 805 3377 inter
820 3331 910 3395 quos
929 3314 1098 3378 Vicarius
1112 3324 1189 3377 erat
1210 3323 1245 3377 et
1260 3315 1392 3393 clerici;
1416 3323 1451 3376 et
1472 3314 1523 3377 ita

292 3438 411 3484 mense
427 3419 624 3501 Septembri
640 3421 777 3502 aliquas
793 3423 838 3484 ad
853 3423 1023 3502 populum
1039 3422 1231 3485 conciones
1245 3422 1378 3485 habere
1391 3423 1525 3500 coepit,

291 3529 327 3590 in
339 3530 465 3609 quibus
476 3538 550 3592 tam
561 3527 740 3592 ferventer
751 3547 795 3592 ex
807 3527 1001 3612 Scripturis
1016 3528 1130 3594 sacris
1145 3529 1233 3592 vitia
1248 3528 1429 3592 hominum
1446 3546 1522 3591 car-

293 3635 399 3716 pebat
423 3646 461 3698 ut
486 3652 559 3698 non
584 3637 698 3698 solum
718 3635 753 3698 in
776 3645 960 3715 suggestu,
987 3636 1050 3698 sed
1072 3636 1200 3716 ubique
1222 3633 1298 3714 ejus
1320 3636 1523 3715 praesentia

293 3741 482 3806 mundanis
505 3742 706 3806 hominibus
732 3752 766 3805 et
791 3742 961 3806 divitibus
987 3741 1187 3806 confusioni
1212 3753 1306 3806 esset
1330 3754 1365 3805 et
1391 3744 1520 3807 timori.

295 3849 396 3930 Quod
412 3868 457 3914 ex
472 3867 514 3913 eo
529 3850 664 3931 percipi
676 3849 800 3930 potuit,
814 3850 909 3929 quod
921 3851 1060 3914 eumad
1074 3861 1215 3929 portam
1230 3850 1376 3914 maximi
1388 3851 1523 3930 templi,

292 3957 330 4020 in
355 3974 425 4037 quo
451 3957 509 4020 iile
534 3957 738 4020 concionari
764 3957 889 4020 solitus
914 3967 1003 4036 erat,
1029 3957 1251 4038 periculosus
1271 3956 1523 4036 agitandorum

292 4074 477 4128 taurorum
503 4064 605 4129 ludus
630 4063 870 4144 inchoaretur,
895 4075 930 4127 et
951 4066 1025 4145 ipse
1045 4065 1315 4129 irreverentiam
1338 4081 1425 4143 erga
1444 4081 1525 4128 san·

291 4181 387 4235 ctum
402 4173 571 4252 templum
585 4171 730 4236 Domini
741 4183 776 4236 et
788 4173 988 4236 animarum
998 4174 1194 4254 periculum
1205 4191 1276 4236 non
1288 4172 1409 4251 ferret,
1423 4183 1529 4236 stans

291 4280 327 4343 in
342 4289 446 4361 porta
461 4279 586 4344 domus
600 4278 755 4358 Domini,
780 4280 832 4343 sic
855 4280 973 4359 coepit
994 4281 1212 4360 concionari,
1234 4291 1272 4344 ut
1293 4281 1338 4344 ab
1357 4281 1523 4359 incoepto

291 4386 373 4450 ludo
390 4386 610 4466 desistentes
627 4395 662 4449 et
677 4396 819 4450 taurum
834 4386 870 4448 in
885 4404 1051 4467 campum
1066 4386 1302 4455 demittentes.
1315 4405 1397 4450 cum
1407 4388 1527 4466 lacry-

293 4493 359 4556 mis
378 4493 521 4556 verbum
537 4492 604 4556 Dei
619 4493 794 4556 audirent.

356 4597 444 4661 1373.
487 4596 561 4662 Nec
576 4600 713 4662 incolae
729 4601 843 4662 solum
857 4599 934 4680 ejus
948 4601 1030 4680 loci,
1046 4600 1108 4664 sed
1124 4610 1158 4665 et
1174 4603 1274 4665 multi
1293 4603 1443 4680 externi,
1463 4603 1523 4682 qui

292 4705 330 4768 in
346 4706 499 4769 nobilem
513 4707 611 4770 illum
626 4715 767 4787 portum
782 4707 1027 4771 confluxerant
1043 4725 1123 4773 cnm
1138 4710 1253 4772 classe
1267 4709 1304 4772 in
1315 4710 1451 4774 Indiam
1462 4729 1533 4774 naa
