3717 5400
372 423 429 502 368
834 444 961 504 Canon.
982 443 1060 501 Soc·
1082 444 1151 516 st.

370 605 446 653 non
470 590 695 653 mediocriter
720 589 952 652 mirabantur.
975 589 1020 652 Et
1040 607 1085 652 ex
1107 589 1159 652 eis
1177 583 1365 654 monachis
1384 591 1494 671 aliqui
1513 609 1552 654 se
1571 576 1608 655 in

373 696 731 776 contemplationibus
759 697 817 758 vel
844 696 1028 759 exercitiis
1057 694 1228 759 Societati
1258 698 1440 760 consuetis
1475 699 1607 762 exculti

318 869 322 876 ,
370 801 526 882 fuerunt;
543 814 576 866 et
592 803 734 866 demum
754 801 915 866 Societas
937 813 1063 865 nostra
1087 803 1124 866 in
1143 820 1186 866 ea
1210 803 1358 867 civitate
1380 806 1425 867 ab
1445 805 1606 868 omnibus

372 912 555 975 hominum
568 911 730 988 statibuS,
753 927 824 972 non
847 911 961 972 solum
981 909 1244 988 saecularibuS,
1267 910 1330 974 sed
1351 911 1606 975 ecclesiasticis

367 1030 407 1082 et
421 1018 609 1098 religiosis,
627 1018 803 1081 communi
819 1034 995 1080 consensu
1011 1017 1048 1079 in
1064 1018 1177 1097 pretio
1193 1019 1402 1097 habebatur;
1414 1029 1449 1081 et
1465 1019 1605 1098 plurimi

371 1127 408 1188 in
424 1126 498 1188 suis
513 1125 773 1188 calamitatibus
790 1133 850 1187 aut
865 1125 900 1186 in
916 1125 1022 1187 rebus
1039 1124 1202 1187 adversis
1217 1123 1262 1186 ad
1278 1124 1477 1204 Collegium
1492 1126 1604 1189 consi

370 1233 408 1295 lii
423 1241 458 1296 et
473 1232 595 1295 auxilii
609 1233 732 1311 gratia,
742 1230 976 1309 confluebant;
993 1240 1026 1294 et
1042 1231 1266 1310 potissimum
1281 1218 1361 1311 post
1374 1241 1525 1295 mortem
1537 1232 1605 1296 Ar·

370 1339 601 1420 chiepiscopi,
619 1339 677 1419 qui
692 1355 823 1418 magna
843 1337 1062 1417 benignitate
1082 1355 1258 1418 pauperes
1277 1339 1351 1401 suis
1370 1340 1604 1420 eleemosynis

370 1446 593 1524 sublevabat,
610 1447 670 1526 qui
685 1454 827 1509 nostros
847 1445 954 1508 etiarn
977 1444 1198 1522 sacerdoteS,
1221 1463 1294 1508 non
1313 1447 1427 1508 solum
1448 1447 1603 1510 nomina·

371 1555 435 1616 tim
450 1553 689 1633 cognoscebat
705 1562 738 1615 et
754 1553 910 1628 amabat,
928 1552 1002 1623 sed,
1019 1552 1049 1614 si
1064 1550 1205 1632 quando
1221 1553 1348 1632 aliquis
1364 1571 1409 1615 ex
1432 1553 1604 1633 operariis

371 1659 538 1723 Valentia
553 1659 768 1737 discedebat,
786 1659 956 1739 conqueri
971 1659 1109 1722 solebat
1123 1660 1216 1739 quod
1232 1677 1320 1722 oves
1334 1660 1446 1740 ipsius
1466 1660 1528 1723 tali
1544 1677 1603 1722 au·

371 1767 456 1829 xilio
472 1767 508 1829 in
523 1776 704 1847 posterum
719 1773 837 1828 essent
853 1765 1045 1828 cariturae,

430 1871 501 1936 989.
545 1871 660 1951 Virgo
685 1872 860 1952 quaedam
887 1870 966 1934 Deo
991 1889 1108 1950 sacra,
1136 1889 1226 1951 quae
1247 1870 1321 1952 jam
1346 1873 1601 1953 professionem

368 1982 548 2058 emiserat,
571 1997 691 2042 cuma
714 1977 884 2041 coenobio
904 1995 968 2041 suo
992 1977 1140 2041 latenter
1162 1977 1311 2058 fugisset
1333 1997 1377 2042 ac
1398 1978 1603 2043 Valentiam

371 2088 539 2166 venisset,
556 2085 741 2167 cujusdam
755 2085 877 2148 fratris
892 2086 1005 2147 nostri
1017 2086 1226 2148 concionem
1237 2086 1385 2164 audivit,
1398 2094 1433 2148 et
1448 2086 1498 2148 ita
1510 2104 1602 2150 com·

370 2203 502 2274 puncta
519 2202 581 2274 est,
599 2206 637 2257 ut
651 2192 737 2256 facti
757 2192 811 2255 sui
833 2193 1029 2272 poenitenS,
1051 2191 1240 2272 quemdam
1260 2210 1305 2255 ex
1320 2193 1451 2255 nostris
1466 2193 1601 2256 confes-

367 2303 505 2365 sarium
520 2301 657 2378 adierit,
675 2301 746 2380 qui,
762 2299 886 2362 morbo
899 2299 1011 2378 ipsius
1026 2300 1182 2378 cognit0,
1200 2300 1275 2362 sine
1287 2299 1405 2362 famae
1419 2299 1530 2379 ipsius
1545 2299 1601 2362 de·

370 2410 537 2472 trimento
554 2409 590 2471 in
609 2416 741 2474 statum
762 2406 951 2486 pristinum
971 2424 1050 2469 earn
1074 2407 1329 2469 restituendam
1349 2407 1501 2469 curavit.
1518 2406 1600 2470 Alia

371 2517 477 2578 etiarn
491 2516 607 2594 virgo,
625 2513 725 2594 cujus
740 2531 870 2593 corpus
885 2531 948 2593 per
970 2513 1150 2575 biennium
1169 2531 1190 2574 a
1210 2513 1382 2575 daemone
1403 2513 1520 2576 suerat
1542 2530 1600 2575 ve·

370 2617 504 2701 xatum,
521 2621 582 2702 qui
597 2621 758 2683 eamdem
773 2621 924 2701 urgebat
938 2631 977 2682 ut
992 2635 1030 2682 se
1044 2629 1156 2682 totam
1170 2619 1238 2700 ipsi
1253 2618 1421 2699 traderet,
1439 2619 1484 2682 ad
1506 2636 1598 2682 eum·

368 2730 450 2792 dem
463 2730 561 2791 illum
577 2728 866 2792 concionatorem
882 2728 1036 2791 adducta
1058 2738 1126 2806 est,
1145 2745 1165 2790 a
1186 2745 1255 2809 quo
1276 2727 1442 2791 adhibitis
1464 2729 1596 2791 exorci-

370 2836 455 2897 smis
469 2836 617 2898 liberata
632 2836 677 2898 ad
692 2844 832 2914 tempus
844 2834 919 2911 fuit,
933 2852 975 2897 ac
987 2835 1112 2897 deinde
1124 2834 1429 2898 exhortationibus
1441 2834 1597 2915 ejusdem

368 2952 469 3005 tanta
485 2942 592 3005 animi
607 2941 741 3004 laetitia
757 2942 820 3004 fuit
834 2942 968 3020 repleta
985 2942 1078 3019 (curn
1093 2944 1192 3021 prius
1211 2942 1318 3003 etiam
1337 2942 1461 3004 relicta
1481 2960 1502 3003 a
1517 2941 1597 3004 dae·

369 3067 472 3112 mone
496 3028 638 3111 tri'stitia
653 3048 807 3128 quadam
827 3048 1084 3125 absolveretur)
1101 3058 1140 3110 ut
1154 3049 1418 3128 promptissimo
1435 3056 1470 3111 et
1486 3049 1597 3111 alacri

368 3156 486 3218 animo
501 3155 568 3218 Dei
584 3158 805 3218 voluntatem
821 3157 857 3217 in
873 3172 911 3217 se
927 3154 1004 3217 lieri
1018 3156 1123 3217 vellet
1139 3173 1181 3217 ac
1197 3153 1343 3234 peteret.

428 3260 499 3325 990.
542 3262 699 3325 Liberati
714 3274 796 3324 sunt
811 3272 844 3323 et
860 3262 929 3324 duo
947 3262 1015 3323 viri
1034 3262 1192 3340 primarii
1208 3280 1228 3324 a
1251 3262 1529 3325 dissensionibus
1544 3263 1598 3325 in-

369 3378 423 3431 ter
447 3368 545 3448 ipsos
569 3369 814 3447 gravissimiS,
842 3368 1031 3431 occasione
1057 3368 1152 3430 servi
1177 3366 1359 3446 cujusdam
1385 3386 1528 3446 eorum,
1553 3368 1597 3430 ad

368 3492 472 3554 quern
487 3475 736 3539 moribundum
752 3475 896 3555 quidam
911 3493 956 3537 ex
972 3475 1104 3536 nostris
1123 3486 1273 3537 vocatus
1292 3485 1357 3552 est,
1374 3478 1472 3538 etita
1488 3493 1526 3538 se
1547 3476 1598 3538 in·

368 3582 524 3645 sinuavit
538 3583 574 3644 in
590 3582 722 3645 domini
737 3582 812 3663 ejus
827 3581 1117 3660 familiaritatem,
1135 3590 1169 3643 et
1183 3583 1353 3661 paulatim
1369 3582 1414 3645 ad
1434 3581 1598 3662 injuriam

364 3690 641 3753 condonandam
656 3702 690 3751 et
706 3690 785 3751 lites
800 3689 1068 3769 componendas
1084 3688 1233 3750 induxit.

428 3796 500 3860 991.
543 3797 695 3875 Insignis
725 3797 789 3859 fuit
817 3806 850 3859 et
880 3795 1069 3859 conversio
1097 3796 1253 3858 mulieris
1282 3795 1478 3875 cujusdam,
1506 3814 1597 3876 quae

367 3920 458 3983 pene
474 3905 517 3967 ab
538 3903 687 3967 infantia
710 3920 840 3981 corpus
861 3920 964 3965 suum
985 3903 1172 3964 inhoneste
1193 3902 1439 3981 prostituerat,
1461 3914 1495 3966 et
1517 3922 1598 3967 curn

366 4010 404 4072 in
418 4010 605 4073 ecclesiam
620 4019 779 4072 nostram
795 4009 963 4087 venisset,
981 4013 1143 4088 exemplo
1163 4026 1301 4087 eorum,
1318 4027 1407 4089 quos
1427 4009 1597 4073 accedere

368 4116 413 4178 ad
428 4116 685 4179 confessionem
702 4116 856 4195 videbat,
871 4125 1049 4178 commota
1061 4115 1126 4177 fuit
1141 4124 1175 4177 et
1187 4115 1264 4194 ipsa
1280 4116 1325 4179 ad
1337 4116 1597 4180 confessionem

367 4240 448 4286 curn
463 4225 619 4286 maximo
635 4224 756 4286 dolore
771 4233 999 4303 peccatorum
1014 4224 1279 4297 instituendam
1297 4232 1427 4287 etcum
1443 4225 1486 4287 de
1502 4224 1597 4287 vitae

366 4331 473 4393 totius
487 4332 644 4411 peccatis
659 4332 875 4409 generalem,
899 4339 979 4409 post
1003 4330 1146 4409 aliquod
1163 4335 1316 4410 tempus,
1339 4331 1596 4394 confessionem

366 4436 585 4513 instituisset,
603 4447 701 4499 tanto
717 4436 785 4498 Dei
799 4454 920 4499 amore
936 4454 1109 4499 succensa
1124 4436 1200 4515 fuit,
1217 4446 1254 4499 ut
1266 4456 1337 4500 non
1352 4438 1466 4501 solum
1478 4455 1595 4501 sacra-

367 4554 485 4606 menta
500 4544 739 4625 frequentaret
756 4544 809 4605 bis
825 4553 858 4607 et
874 4553 927 4607 ter
942 4544 977 4606 in
992 4543 1229 4624 hebdomada,
1252 4546 1315 4609 sed
1330 4563 1351 4607 a
1367 4545 1594 4633 matrimonio

364 4650 544 4713 abstinere
570 4651 740 4729 decrevit,
769 4652 813 4712 ad
840 4652 930 4730 quod
957 4653 1152 4729 praeclaris
1176 4661 1324 4715 naturae
1352 4651 1492 4714 dotibus
1517 4663 1595 4714 erat
