3717 5400
803 521 866 580 An.
889 521 960 578 1555
1446 519 1493 578 tul

254 665 360 746 divit,
378 675 413 730 et
433 683 581 746 prorsus
602 666 671 730 Dei
688 665 799 730 fuisse
820 667 1090 746 inspirationem
1109 664 1282 745 judicavit
1305 674 1342 728 ut
1365 665 1410 727 ad
1433 683 1495 728 eas

262 771 460 837 audiendas
473 784 677 840 vocaretur.
692 773 787 836 Inter
802 773 1044 836 consessiones
1060 775 1252 836 multorum
1271 773 1409 852 primae
1433 789 1495 835 no·

263 891 320 944 tae
336 881 529 959 hominum,
546 881 606 960 qui
621 882 681 944 alii
696 899 803 962 quam
817 882 885 961 ipsi
901 879 1062 943 confiteri
1076 879 1255 958 nolebant,
1269 881 1361 942 malc
1374 880 1495 942 admo·

257 988 347 1051 ‘dum
368 987 558 1067 aliquando
580 989 742 1066 valebam
758 985 821 1050 sed
834 1003 880 1049 ne
898 986 1035 1050 fructus
1056 987 1114 1050 ille
1133 986 1275 1066 periret,
1298 985 1494 1066 valetudini

267 1111 353 1157 snae
368 1111 440 1157 non
454 1094 634 1173 parcebat.
651 1093 794 1157 Accidit
809 1103 927 1157 autem
942 1104 981 1157 ut
996 1094 1256 1157 consessionem
1271 1092 1420 1173 alicujus
1435 1111 1494 1156 au·

259 1199 363 1280 diret,
390 1203 452 1282 qui
473 1202 619 1281 triginta
643 1203 745 1264 annis
769 1218 951 1282 nunquam
971 1202 1301 1264 communicaverat
1320 1218 1385 1264 nec
1409 1217 1495 1264 vere

263 1309 450 1372 consessus
462 1308 589 1388 fuerat,
607 1318 642 1371 et
662 1317 780 1372 tamen
796 1309 875 1371 aliis
889 1308 1015 1372 eadem
1036 1307 1252 1371 reductionis
1274 1325 1383 1371 causa
1405 1309 1493 1372 futu-

263 1434 304 1479 ra
318 1416 325 1446 ¹
342 1425 430 1495 erat,
448 1417 508 1496 qui
523 1416 559 1478 in
574 1416 702 1479 eodem·
712 1433 835 1478 errore
850 1416 1097 1478 versabantur.

321 1523 392 1586 463.
436 1524 515 1604 Ipso
531 1522 587 1587 die
602 1522 829 1586 Pentecostes
844 1523 1015 1600 magister
1035 1521 1198 1585 Emerius
1218 1522 1253 1584 in
1269 1522 1420 1585 ecclesia
1436 1540 1494 1585 no·

257 1643 349 1710 stra,
366 1649 457 1712 quae
472 1631 546 1694 sere
561 1631 665 1710 plena
680 1639 768 1708 crat,
782 1631 825 1692 de
837 1629 1032 1692 christiana
1045 1629 1208 1692 doctrina
1220 1646 1420 1692 sermonem
1434 1628 1493 1690 ha-

263 1739 347 1800 bere
362 1738 490 1818 coepit,
507 1749 541 1799 ct
556 1755 637 1800 cum
651 1754 790 1800 summa
804 1735 998 1799 attentione
1010 1736 1237 1816 sequentibus
1249 1735 1371 1798 diebus
1382 1735 1492 1813 sestis

263 1857 307 1922 et,
326 1855 540 1925 augescente
557 1845 592 1907 in
607 1844 682 1907 dies
696 1861 855 1922 numer0,
873 1844 986 1907 donec
1002 1843 1144 1906 omnino
1161 1845 1265 1923 plena
1277 1853 1370 1906 esset
1384 1843 1494 1905 eccle·

264 1953 329 2032 sia,
345 1954 411 2015 has
426 1953 596 2015 lectiones
609 1953 666 2014 vel
681 1952 871 2015 conciones
887 1960 940 2013 est
955 1965 1175 2030 prosecutus
1194 1949 1238 2013 Et
1253 1968 1298 2013 ex
1310 1949 1379 2013 hac
1394 1958 1496 2030 parte

266 2059 402 2122 fructus
416 2061 524 2122 etiam
540 2058 724 2137 augendus
739 2059 774 2121 in
789 2069 971 2139 posterum
987 2057 1185 2120 videbatur.

323 2165 394 2228 464.
437 2165 559 2228 Mense
579 2165 684 2247 Junio
699 2175 844 2246 propter
865 2174 1012 2245 pestem,
1033 2181 1124 2244 quae
1142 2163 1214 2243 J'am
1230 2164 1403 2244 pullulare
1418 2179 1495 2226 coe·

265 2285 386 2352 perat,
410 2259 554 2336 scholae
578 2283 722 2336 nostrae
744 2273 886 2335 clausae
910 2271 1073 2350 suerunt,
1106 2287 1189 2334 nam
1215 2270 1329 2334 edicto
1356 2270 1494 2350 publico

265 2397 387 2443 omues
401 2381 547 2443 scholae
561 2379 704 2443 fuerunt
719 2380 928 2459 prohibitae.
951 2377 1020 2442 Sed
1041 2387 1123 2442 ante
1143 2379 1210 2442 hoc
1232 2387 1370 2457 tempus
1386 2377 1494 2440 immi-

264 2496 369 2549 nutus
384 2487 472 2549 satis
487 2497 564 2549 erat
578 2504 758 2566 numerus;
774 2504 857 2549 nam
871 2485 971 2548 initio
993 2486 1077 2548 anni
1098 2485 1324 2566 septuaginta
1345 2493 1497 2564 quatuor

258 2603 366 2656 erant
379 2595 594 2671 scholastici,
612 2593 738 2657 deinde
753 2594 798 2657 ad
817 2593 1006 2672 sexaginta
1026 2592 1294 2666 descenderant;
1321 2590 1420 2671 cuius
1436 2591 1496 2654 im·

264 2702 467 2765 minutionis
482 2720 591 2764 causa
603 2710 691 2779 erat,
704 2720 776 2764 non
789 2702 929 2782 quidem
942 2712 1215 2781 praeceptorum
1231 2700 1399 2775 defectus,
1415 2716 1497 2762 nam

265 2808 379 2871 officio
393 2826 457 2872 suo
472 2810 522 2871 illi
536 2810 625 2871 bene
639 2808 889 2889 fungebantur,
906 2808 969 2871 sed
985 2809 1078 2888 quod
1093 2808 1192 2870 locus
1209 2816 1303 2870 esset
1324 2806 1429 2869 valde
1445 2826 1494 2871 re-

266 2924 382 2979 motus
396 2925 430 2978 et
445 2916 649 2979 scholastici
665 2917 821 2979 maxima
836 2934 881 2978 ex
896 2925 998 2994 parte
1012 2932 1198 2994 pauperes,
1215 2915 1286 2994 qui,
1308 2924 1497 2995 postquam

266 3024 482 3086 mediocrem
498 3023 663 3085 iecissent
676 3039 917 3103 progressum,
935 3023 992 3084 vel
1009 3022 1055 3085 ad
1069 3030 1310 3085 mercaturam
1332 3038 1498 3084 exercen-

267 3130 360 3209 dam,
377 3132 434 3193 vel
451 3130 495 3193 ad
512 3130 665 3193 officium
680 3131 912 3208 notariorum,
931 3132 987 3193 vel
1009 3130 1240 3193 adiectiones
1263 3129 1422 3209 publicas
1440 3146 1499 3191 au·

264 3239 413 3301 diendas
428 3256 466 3300 se
481 3238 720 3301 conferebant.
738 3237 827 3301 illud
842 3238 949 3301 etiam
964 3237 1156 3300 accedebat
1180 3237 1274 3317 quod
1290 3236 1435 3317 quidam
1449 3238 1497 3299 lu·

266 3345 476 3423 dimagistri‚
493 3347 553 3425 qui
567 3344 708 3409 Patavii
728 3362 801 3407 non
814 3346 921 3425 pauci
937 3356 1049 3423 erant,
1067 3345 1150 3407 totis
1167 3344 1240 3407 suis
1256 3344 1392 3406 viribus
1414 3343 1497 3406 nite-

265 3454 395 3515 bantur
415 3471 436 3515 a
460 3453 583 3515 schola
602 3463 725 3515 nostra
748 3452 941 3531 discipulos
961 3451 1148 3529 abducere,
1168 3460 1201 3513 ct
1223 3452 1271 3513 ita
1295 3451 1500 3530 parentibus

266 3576 389 3622 eorum
403 3556 664 3639 persuadebant
688 3569 725 3621 ut
740 3561 797 3620 vel
816 3557 862 3620 ad
877 3558 1037 3638 publicas
1058 3558 1228 3620 lectiones
1249 3558 1429 3622 mitterent
1443 3560 1500 3621 vel

267 3665 425 3745 ipsismet
450 3666 663 3729 erudiendos
689 3665 880 3729 traderent.
909 3664 978 3744 Qui
1000 3674 1118 3727 autem
1134 3666 1169 3727 in
1191 3664 1321 3727 scholis
1340 3682 1501 3744 perseve-

266 3773 406 3851 rabant,
423 3784 457 3835 et
472 3772 508 3835 in
522 3774 648 3835 litteris
664 3774 747 3835 etin
762 3774 921 3836 moribus
936 3773 1023 3835 bene
1045 3771 1234 3835 admodum
1257 3774 1498 3855 proficiebant.

328 3878 398 3942 465.
442 3878 530 3942 Pars
545 3880 718 3960 quaedam
734 3880 893 3960 Collegii,
912 3898 1003 3961 quae
1024 3882 1162 3943 ruinam
1178 3882 1390 3959 minabatur,
1408 3882 1501 3962 quod

269 3986 399 4066 pluviis
414 3997 507 4049 essct
522 3988 695 4066 exposita,
718 4004 804 4050 cura
823 3986 985 4050 Rectoris
1005 3997 1102 4050 sarta
1123 3996 1157 4050 et
1181 3997 1273 4050 tecta
1289 3998 1353 4067 cst;
1376 3997 1410 4051 et
1432 3988 1501 4051 duo

269 4093 445 4173 quaedam
468 4092 630 4156 cubicula
652 4093 784 4171 addita,
801 4103 839 4157 ut
856 4111 936 4156 cum
959 4095 1114 4156 externis
1140 4094 1286 4157 inferius
1307 4094 1404 4175 loqui
1423 4112 1500 4175 pos·

268 4208 358 4279 sent;
373 4201 473 4279 prius
487 4200 581 4262 enim
595 4199 748 4263 mediam
760 4201 903 4263 domum
914 4206 1159 4279 penetrabant.
1175 4200 1346 4281 Majorem
1362 4213 1501 4282 partem

268 4306 516 4385 fenestrarum,
533 4324 623 4386 quae
639 4308 735 4370 viam
750 4306 998 4386 respiciebant,
1018 4307 1064 4371 ad
1079 4306 1251 4386 majorem
1274 4308 1501 4373 securitatem

275 4504 486 4513 *φῇ-.-

308 4622 317 4654 ¹
345 4620 452 4675 Sic;ned
462 4628 508 4664 aut
519 4618 639 4674 superins
649 4621 732 4673 quiet
742 4620 882 4675 consessus
893 4620 1017 4664 mutanda
1034 4621 1060 4665 in
1076 4632 1145 4675 quae
1163 4628 1189 4664 et
1201 4622 1339 4677 confessa,
1354 4632 1399 4669 aut
1418 4626 1502 4669 dicen·

264 4692 329 4737 dum
338 4693 380 4736 hlc
390 4692 464 4735 idem
475 4691 643 4735 reductionis
652 4702 735 4735 causa
739 4692 858 4747 futurus
867 4694 936 4735 erat.
947 4692 976 4736 Iu
987 4690 1033 4737 bis.
1044 4704 1095 4736 vox
1107 4693 1247 4749 consessus
1264 4696 1399 4740 emendata
1411 4704 1464 4751 cst,
1475 4706 1503 4741 nt

267 4776 319 4808 non
328 4764 394 4809 satis
403 4771 515 4819 apparet
526 4763 587 4817 quid
598 4764 703 4809 tandem
712 4774 846 4816 emergere
857 4764 960 4818 debeat,
972 4764 1111 4819 consessus
1123 4777 1156 4808 an
1168 4776 1230 4809 vero
1241 4766 1373 4822 consessu.

427 4852 464 4912 'll
482 4871 504 4910 v
1314 4879 1340 4915 ιι
