3717 5400
805 491 865 547 ΑΝ.
889 489 959 547 1555
1439 490 1493 547 227

255 653 347 716 gum
362 636 507 699 Domini
523 636 788 698 assuescebant.
804 635 940 698 Horum
956 637 1119 715 exemplo
1134 636 1321 714 stimulati,
1338 636 1492 716 quinque

262 745 320 807 vel
335 761 399 807 sex
413 743 554 822 hispani
569 759 613 806 ex
629 745 720 820 aula,
738 759 809 806 non
825 745 1039 806 recusabant
1053 761 1307 823 repuerascere
1319 761 1400 806 cum
1411 744 1499 819 illis,-

249 862 310 930 ·et,
327 851 471 914 easdem
486 853 584 930 leges
599 850 794 928 subeundo,
811 867 832 913 a
848 852 980 914 nostris
1000 851 1148 914 institui.
1171 849 1241 914 Sed
1265 869 1346 914 cum
1366 851 1493 913 horum

264 975 434 1022 numerus
447 967 635 1035 cresceret,
653 975 815 1021 seorsum
830 959 874 1020 ab
895 959 974 1021 aliis
993 961 1210 1022 vernaculae
1229 960 1373 1037 linguae
1393 975 1492 1037 prae-

258 1075 445 1146 ceptorem
458 1073 685 1144 acceperunt.
702 1065 740 1128 In
755 1064 954 1128 confitendo
969 1076 1099 1142 tamen,
1116 1067 1225 1129 Missa
1240 1064 1428 1142 audienda,
1441 1063 1491 1144 ju-

266 1173 437 1237 ramentis
451 1183 485 1235 et
503 1170 579 1235 aliis
593 1172 714 1235 verbis
729 1189 854 1250 parum
869 1173 1028 1236 honestis
1042 1173 1231 1250 evitandis,
1247 1181 1281 1235 et
1296 1172 1331 1234 in
1343 1173 1422 1235 aliis
1437 1171 1493 1236 d'e·

266 1298 372 1357 mum,
388 1280 532 1343 scholae
545 1279 688 1358 regulas
700 1280 951 1342 observabant.
965 1279 1186 1344 conciliabat
1203 1290 1321 1343 autem
1332 1279 1495 1362 favorem

260 1397 301 1450 et
316 1389 526 1468 applausum
541 1389 660 1466 populi
677 1402 845 1464 magnum
860 1387 1077 1450 christianae
1089 1387 1272 1449 doctrinae
1285 1387 1447 1450 recitatio
1459 1387 1495 1448 in

261 1495 474 1574 ¹germanica
488 1493 622 1572 lingua,
644 1503 895 1573 praeterquam
916 1494 1009 1573 quod
1029 1494 1095 1574 ipsi
1110 1493 1209 1573 pueri
1229 1496 1373 1572 egregie
1395 1492 1494 1572 proli·

261 1604 424 1676 ·ciebant;
444 1611 479 1664 et
494 1617 539 1664 ex
554 1601 623 1663 illis
637 1609 710 1663 tres
726 1600 981 1677 adolescentes,
999 1602 1157 1664 honestis
1177 1601 1384 1680 parentibus
1407 1600 1493 1676 nati,

268 1707 353 1791 [qui]
366 1711 403 1772 in
415 1726 581 1788 suprema
593 1708 1004 1786 classe'instituebantur,
1015 1708 1184 1771 Societati
1194 1719 1339 1771 nostrae
1351 1725 1389 1770 se
1401 1706 1495 1770 addi·

270 1826 410 1896 xerunt3
427 1827 463 1879 et
475 1817 510 1879 in
527 1815 616 1879 festo
628 1814 893 1895 Assumptionis
907 1814 1007 1877 Bam
1019 1815 1180 1894 Virginis
1191 1813 1344 1894 Pragam
1357 1831 1495 1892 versus,

271 1923 308 1987 P.
327 1923 508 1987 Canisium
521 1923 671 2003 sequuti,
686 1922 936 1985 discesserunt.

330 2029 402 2092 655.
446 2029 672 2092 Ascendebat
687 2037 804 2091 autem
821 2030 855 2090 in
877 2029 962 2091 anni
983 2045 1176 2108 progressu
1201 2028 1498 2090 scholasticorum

274 2153 444 2200 numerus
465 2136 510 2199 ad
531 2135 592 2198 312
611 2145 671 2198 ant
693 2136 860 2214 amplius:
888 2135 950 2197 sed
974 2135 1057 2197 huic
1078 2135 1291 2198 multitudini
1316 2152 1397 2197 cum
1420 2135 1499 2197 loca

268 2252 473 2324 opportuna
489 2225 583 2305 domi
598 2252 741 2304 nostrae
756 2243 930 2318 deessent,
947 2243 1113 2321 expensis
1135 2259 1178 2304 ac
1190 2241 1289 2319 jussu
1304 2241 1413 2321 Regis
1433 2240 1500 2303 Ro-

272 2366 457 2413 manorum
480 2350 654 2428 quaedam
677 2351 754 2411 loca
777 2349 975 2411 instaurata
997 2347 1138 2410 suerunt
1158 2360 1193 2412 et
1217 2347 1313 2429 [alia]
1335 2359 1409 2411 tam
1437 2347 1499 2428 [in]

265 2458 405 2519 *classes
420 2471 526 2536 quam
542 2457 577 2518 in
599 2453 875 2518 commodiorem
890 2466 1093 2517 nostrorum
1114 2455 1369 2518 habitationem
1395 2454 1502 2536 adap-

272 2571 347 2625 tata
368 2565 521 2626 luerunt.
540 2563 586 2624 Ut
605 2571 722 2624 autem
739 2571 814 2624 erat
827 2563 926 2640 regio
942 2580 985 2623 ac
1002 2563 1138 2624 liberali
1159 2564 1289 2640 anim0,
1306 2581 1377 2626 non
1390 2565 1503 2627 solum

272 2679 390 2735 certos
416 2687 458 2733 ac
479 2683 668 2751 perpetuos
696 2669 828 2732 reditus
853 2669 985 2733 nostris
1011 2671 1055 2733 ad
1076 2669 1117 2733 30
1143 2671 1394 2735 sustentandos
1419 2672 1504 2735 assi-

267 2778 408 2857 gnavit,
432 2778 494 2841 sed
515 2778 597 2857 qula
615 2777 687 2856 jam
704 2778 761 2839 ille
775 2793 944 2839 numerus
960 2780 1155 2856 completus
1181 2789 1257 2841 erat
1283 2780 1384 2842 initio
1399 2778 1504 2859 huius

279 2888 362 2949 anni
385 2884 404 2960 ¹,
429 2902 528 2964 spem
548 2886 699 2947 iaciebat
720 2882 812 2963 quod
832 2884 968 2945 reditus
992 2894 1085 2947 esset
1105 2896 1286 2963 aucturus,
1309 2902 1389 2949 cum
1407 2885 1505 2965 juve·

275 3010 341 3055 nes
357 2992 457 3055 multi
472 2992 517 3054 ad
532 3003 693 3054 nostrum
710 2991 905 3053 institutum
922 2989 1157 3053 allicerentur.

335 3098 407 3171 656,
450 3098 528 3161 Hoc
545 3115 638 3160 anno
653 3098 824 3177 magister
839 3096 1013 3159 Martinus
1029 3095 1291 3162 Stevordiensis
1310 3099 1322 3131 ²
1344 3111 1378 3162 et
1400 3101 1505 3182 Joan·

273 3224 337 3269 ncs
353 3204 506 3285 Dyrsins
522 3204 533 3235 ⁵
549 3204 593 3268 ad
609 3204 848 3267 sacerdotium
864 3205 1015 3283 promoti
1031 3204 1189 3282 fuerunt;
1206 3218 1240 3268 et
1257 3206 1306 3269 illi
1326 3225 1406 3270 curn
1428 3209 1508 3271 aliis

316 3450 323 3481 1
354 3446 397 3490 “Cl
408 3446 494 3490 scrire
506 3444 645 3501 [venetiisl
656 3446 728 3488 detto
739 3446 770 3489 P.
781 3444 875 3488 Natale
886 3444 934 3487 che
946 3444 1027 3487 lascia
1037 3445 1064 3487 116
1078 3446 1119 3487 nel
1136 3446 1243 3498 collegio
1252 3446 1413 3500 (Viennensi)
1424 3458 1450 3491 ct
1462 3450 1509 3493 che

275 3526 371 3563 venuto
383 3519 401 3562 il
416 3518 462 3571 Re,
478 3528 526 3561 con
540 3528 587 3561 sua
599 3516 704 3561 licentia
719 3517 736 3559 li
750 3527 826 3568 parse
844 3516 864 3558 sl
882 3522 1061 3559 accettassero
1078 3518 1168 3570 quanti
1183 3529 1322 3561 venessero
1342 3519 1403 3563 altrl
1420 3532 1467 3573 per
1485 3522 1512 3563 la

270 3590 445 3644 tompagnta.
457 3588 537 3642 Spero
547 3589 595 3631 che
607 3590 631 3631 la
642 3586 743 3631 Maesta
754 3588 843 3641 Regiam
855 3598 926 3631 come
938 3587 1088 3630 desiderosa
1098 3588 1129 3631 de
1146 3589 1219 3631 molti
1235 3591 1356 3643 operarii,
1369 3591 1412 3644 piu
1423 3600 1510 3644 presto

272 3664 340 3707 dara
349 3664 434 3705 animo
445 3660 492 3703 che
504 3662 528 3703 lo
539 3660 700 3713 restringenti
710 3666 806 3713 quanto
821 3660 875 3701 alla
892 3659 1077 3713 mollitudine„
1088 3658 1225 3713 Polancns,
1237 3671 1270 3703 ex
1284 3674 1359 3713 com„
1375 3662 1448 3705 Patri
1460 3663 1510 3706 Ln-

277 3746 336 3792 noy,
349 3734 396 3777 16.·
407 3732 468 3787 Julii
480 3732 539 3775 1665.

318 3807 329 3837 ²
356 3805 496 3849 “Martinus
507 3803 619 3847 Gotlrldi
630 3802 765 3856 (Govarts)
776 3801 963 3846 Stcvordlanns
975 3802 1002 3851 la
1013 3802 1136 3847 Stevoort
1146 3804 1172 3847 ln
1183 3805 1282 3857 Belgio,
1297 3805 1440 3860 lebnrg),
1452 3808 1511 3849 vide

278 3875 392 3922 Ponaucr
411 3876 556 3919 Chroniron
573 3886 590 3925 r,
604 3875 652 3925 416ς
663 3875 697 3917 7.·
707 3873 774 3925 Junii
789 3873 840 3915 1569
856 3874 879 3917 ln
889 3873 1069 3917 Universitate
1086 3876 1227 3928 inscriptus
1237 3876 1452 3929 (matriculatus)
1463 3886 1510 3930 est,

278 3960 364 3994 mense
375 3957 461 3992 eutem
473 3947 613 3992 Novembri
625 3946 739 3999 ejusdcm
755 3946 814 3987 anni
827 3944 1057 3989 15t913accn1anrei
1068 3946 1094 3989 in
1111 3946 1213 3990 artibus
1228 3946 1337 4001 gradum
1352 3950 1476 4003 suscepit,
1487 3955 1514 3994 et

279 4021 384 4065 landem
394 4019 489 4063 Martio
502 4018 554 4063 1550
562 4018 726 4063 Licentlatus
737 4015 961 4067 (Decantatshuch.
972 4027 1008 4072 tv,
1025 4017 1069 4061 fol.
1079 4018 1127 4071 ato,
1138 4018 1210 4071 2461,
1221 4018 1336 4073 Haustus,
1346 4020 1512 4064 Raeintscae

278 4092 364 4136 Aleten
385 4102 435 4133 sur
453 4090 607 4133 Gesclttcltte
623 4090 671 4132 des
686 4088 919 4143 Jesut'tennrdens,
936 4098 999 4141 pag.
1018 4089 1064 4138 168,
1082 4097 1169 4133 annot.
1183 4089 1290 4145 l.-lpse
1302 4097 1390 4135 autem
1408 4092 1515 4136 Hannon

273 4166 345 4209 atlas
354 4172 380 4206 et
392 4163 416 4207 ln
428 4162 515 4206 Indice
524 4162 616 4205 scriblt
628 4161 771 4210 Govnerts:
781 4159 995 4211 Banuussrucsn,
1006 4170 1047 4214 op.
1058 4171 1088 4210 c„
1102 4160 1233 4213 cenans·
1242 4172 1289 4206 nos
1299 4169 1386 4207 entem
1399 4164 1425 4207 in
1440 4174 1515 4208 auro·

277 4236 385 4291 graphis
396 4236 451 4289 ejus
462 4235 557 4278 litteris
567 4235 676 4288 legimus
688 4233 815 4281 denaris,
824 4239 850 4275 et
867 4232 891 4274 iu
903 4232 962 4274 allis
980 4231 1121 4275 (ἔτ-ωασπς.
1135 4232 1203 4276 Vlde
1217 4233 1338 4278 Litterae
1352 4235 1516 4289 Quadratae-

278 4310 362 4359 stres,
377 4316 394 4350 t.
405 4317 423 4357 r,
435 4318 496 4360 pag.
509 4306 554 4357 166,
566 4312 653 4349 annot.
672 4306 690 4348 1.

320 4379 332 4411 ³
358 4378 484 4430 “Jonnnes
497 4376 640 4421 Durschlns
651 4376 804 4427 (Dirschlus,
824 4375 951 4432 Dyrsiusl,
963 4376 1149 4432 Eystettensls.
1165 4378 1283 4422 alumnus
1298 4378 1420 4436 Episcopi
1437 4394 1517 4437 arque

278 4451 420 4494 canonicus
431 4456 497 4492 crat.
508 4448 604 4491 (Codex
615 4450 718 4503 “Antia
730 4448 850 4502 lngolst.„
861 4448 880 4491 l.
893 4448 1379 4507 ab),Balita-sennenn,1.c.,png.aoo,
1391 4463 1479 4500 annot,
1494 4458 1515 4501 1,

281 4520 706 4577 -“JoannesDyrslus(Thyrsius,
723 4520 831 4573 Dlrslus,
850 4520 1004 4575 Dlrschlus),
1020 4530 1078 4564 cum
1093 4520 1118 4562 in
1129 4522 1239 4575 collegio
1252 4524 1385 4568 viennensi
1403 4529 1516 4579 philoso-

280 4594 360 4649 phine
371 4602 397 4637 et
409 4594 434 4636 in
449 4604 556 4637 romano
572 4592 717 4644 theologiae
735 4602 840 4645 operam
851 4593 973 4644 dedisset,
990 4604 1015 4635 a.
1032 4592 1148 4635 tsnttsoo
1162 4594 1301 4647 collegium
1318 4598 1517 4651 ocniprmtanurn

281 4667 446 4723 gubernavit.
458 4664 636 4719 Magdnlenna,
649 4663 804 4707 Ferdlnanrll
815 4664 826 4708 I
836 4664 951 4708 caesaris
961 4664 1027 4707 lillae
1040 4664 1171 4718 piissimae
1180 4673 1206 4708 cr
1218 4678 1282 4719 erga
1292 4668 1448 4714 Societatem
1458 4672 1520 4724 Jesu

281 4738 488 4788 liberalisslmae,
502 4748 516 4781 a
527 4736 610 4779 sacris
621 4736 823 4779 confessionibus
832 4735 880 4779 luit
892 4739 913 4786 (⁸
925 4735 987 4779 Cod.
999 4736 1101 4779 “Germ
1115 4736 1174 4790 Sup.
1184 4736 1241 4781 Cat.
1256 4739 1381 4790 15661599,
1393 4746 1520 4802 [quiapud
