<?xml version="1.0" encoding="UTF-8"?>
<!DOCTYPE html PUBLIC "-//W3C//DTD XHTML 1.0 Transitional//EN"
    "http://www.w3.org/TR/xhtml1/DTD/xhtml1-transitional.dtd">
<html xmlns="http://www.w3.org/1999/xhtml" xml:lang="en" lang="en">
 <head>
  <title>
</title>
<meta http-equiv="Content-Type" content="text/html;charset=utf-8" />
  <meta name='ocr-system' content='tesseract 3.04.00' />
  <meta name='ocr-capabilities' content='ocr_page ocr_carea ocr_par ocr_line ocrx_word'/>
</head>
<body>
  <div class='ocr_page' id='page_1' title='image "./vitaignatiiloio01polagoog_0196.png"; bbox 0 0 3717 5400; ppageno 0'>
   <div class='ocr_carea' id='block_1_1' title="bbox 380 467 1158 541">
    <p class='ocr_par' dir='ltr' id='par_1_1' title="bbox 380 467 1158 541">
     <span class='ocr_line' id='line_1_1' title="bbox 380 467 1158 541; baseline -0.003 -15"><span class='ocrx_word' id='word_1_1' title='bbox 380 468 433 527; x_wconf 86' lang='lat'>190</span> <span class='ocrx_word' id='word_1_2' title='bbox 840 467 969 528; x_wconf 78' lang='lat' dir='ltr'>Canon.</span> <span class='ocrx_word' id='word_1_3' title='bbox 989 468 1066 528; x_wconf 90' lang='lat' dir='ltr'>Soc.</span> <span class='ocrx_word' id='word_1_4' title='bbox 1088 469 1158 541; x_wconf 82' lang='lat' dir='ltr'>Jns.</span> 
     </span>
    </p>
   </div>
   <div class='ocr_carea' id='block_1_2' title="bbox 376 612 1622 4440">
    <p class='ocr_par' dir='ltr' id='par_1_2' title="bbox 376 612 1620 1426">
     <span class='ocr_line' id='line_1_2' title="bbox 379 612 1618 695; baseline 0 -17"><span class='ocrx_word' id='word_1_5' title='bbox 379 614 524 693; x_wconf 68' lang='lat' dir='ltr'>amissq</span> <span class='ocrx_word' id='word_1_6' title='bbox 537 624 573 677; x_wconf 89' lang='lat' dir='ltr'>et</span> <span class='ocrx_word' id='word_1_7' title='bbox 587 615 656 678; x_wconf 92' lang='lat' dir='ltr'>hoc</span> <span class='ocrx_word' id='word_1_8' title='bbox 670 614 706 678; x_wconf 89' lang='lat' dir='ltr'>in</span> <span class='ocrx_word' id='word_1_9' title='bbox 724 614 824 677; x_wconf 89' lang='lat' dir='ltr'>initio</span> <span class='ocrx_word' id='word_1_10' title='bbox 836 615 1020 691; x_wconf 89' lang='lat' dir='ltr'>orationis,</span> <span class='ocrx_word' id='word_1_11' title='bbox 1034 613 1125 677; x_wconf 84' lang='lat' dir='ltr'>forte</span> <span class='ocrx_word' id='word_1_12' title='bbox 1136 625 1281 695; x_wconf 88' lang='lat' dir='ltr'>propter</span> <span class='ocrx_word' id='word_1_13' title='bbox 1289 612 1460 694; x_wconf 88' lang='lat' dir='ltr'>jejunium</span> <span class='ocrx_word' id='word_1_14' title='bbox 1471 632 1618 694; x_wconf 43' lang='lat' dir='ltr'>praece*-</span> 
     </span>
     <span class='ocr_line' id='line_1_3' title="bbox 378 719 1611 801; baseline 0.001 -15"><span class='ocrx_word' id='word_1_15' title='bbox 378 722 495 786; x_wconf 91' lang='lat' dir='ltr'>dentis</span> <span class='ocrx_word' id='word_1_16' title='bbox 515 721 596 784; x_wconf 88' lang='lat' dir='ltr'>diei.</span> <span class='ocrx_word' id='word_1_17' title='bbox 624 719 694 786; x_wconf 87' lang='lat' dir='ltr'>Sed</span> <span class='ocrx_word' id='word_1_18' title='bbox 719 723 943 801; x_wconf 88' lang='lat' dir='ltr'>recuperatis</span> <span class='ocrx_word' id='word_1_19' title='bbox 966 722 1103 786; x_wconf 89' lang='lat' dir='ltr'>viribus</span> <span class='ocrx_word' id='word_1_20' title='bbox 1127 722 1163 785; x_wconf 91' lang='lat' dir='ltr'>in</span> <span class='ocrx_word' id='word_1_21' title='bbox 1187 722 1255 786; x_wconf 91' lang='lat' dir='ltr'>fine</span> <span class='ocrx_word' id='word_1_22' title='bbox 1280 723 1465 798; x_wconf 87' lang='lat' dir='ltr'>orationis,</span> <span class='ocrx_word' id='word_1_23' title='bbox 1487 740 1611 787; x_wconf 88' lang='lat' dir='ltr'>secun-</span> 
     </span>
     <span class='ocr_line' id='line_1_4' title="bbox 377 829 1620 908; baseline 0.001 -16"><span class='ocrx_word' id='word_1_24' title='bbox 377 829 460 892; x_wconf 85' lang='lat' dir='ltr'>dam</span> <span class='ocrx_word' id='word_1_25' title='bbox 476 829 598 891; x_wconf 88' lang='lat' dir='ltr'>habuit</span> <span class='ocrx_word' id='word_1_26' title='bbox 614 831 823 893; x_wconf 88' lang='lat' dir='ltr'><strong>concionem</strong></span> <span class='ocrx_word' id='word_1_27' title='bbox 837 839 937 892; x_wconf 90' lang='lat' dir='ltr'>tanta</span> <span class='ocrx_word' id='word_1_28' title='bbox 949 845 1030 892; x_wconf 90' lang='lat' dir='ltr'>cum</span> <span class='ocrx_word' id='word_1_29' title='bbox 1040 829 1250 908; x_wconf 82' lang='lat' dir='ltr'><strong>frequentia,</strong></span> <span class='ocrx_word' id='word_1_30' title='bbox 1263 831 1501 893; x_wconf 81' lang='lat' dir='ltr'>commotione</span> <span class='ocrx_word' id='word_1_31' title='bbox 1516 840 1551 894; x_wconf 88' lang='lat' dir='ltr'>et</span> <span class='ocrx_word' id='word_1_32' title='bbox 1563 831 1620 893; x_wconf 86' lang='lat' dir='ltr'>ln·-</span> 
     </span>
     <span class='ocr_line' id='line_1_5' title="bbox 379 936 1618 1018; baseline 0.002 -20"><span class='ocrx_word' id='word_1_33' title='bbox 379 937 514 1016; x_wconf 86' lang='lat' dir='ltr'>crymis</span> <span class='ocrx_word' id='word_1_34' title='bbox 534 936 669 1016; x_wconf 77' lang='lat' dir='ltr'>populi,</span> <span class='ocrx_word' id='word_1_35' title='bbox 694 947 732 998; x_wconf 92' lang='lat' dir='ltr'>ut</span> <span class='ocrx_word' id='word_1_36' title='bbox 758 936 867 1015; x_wconf 83' lang='lat' dir='ltr'>aliqui</span> <span class='ocrx_word' id='word_1_37' title='bbox 892 955 937 1000; x_wconf 86' lang='lat' dir='ltr'>ex</span> <span class='ocrx_word' id='word_1_38' title='bbox 963 937 1182 1000; x_wconf 82' lang='lat' dir='ltr'>auditoribus</span> <span class='ocrx_word' id='word_1_39' title='bbox 1206 937 1242 999; x_wconf 92' lang='lat' dir='ltr'>in</span> <span class='ocrx_word' id='word_1_40' title='bbox 1267 937 1381 1000; x_wconf 90' lang='lat' dir='ltr'>simile</span> <span class='ocrx_word' id='word_1_41' title='bbox 1405 936 1618 1018; x_wconf 80' lang='lat' dir='ltr'>deliquium„</span> 
     </span>
     <span class='ocr_line' id='line_1_6' title="bbox 377 1041 1611 1123; baseline 0.001 -17"><span class='ocrx_word' id='word_1_42' title='bbox 377 1042 472 1123; x_wconf 93' lang='lat' dir='ltr'>quod</span> <span class='ocrx_word' id='word_1_43' title='bbox 488 1043 562 1123; x_wconf 87' lang='lat' dir='ltr'>ipse</span> <span class='ocrx_word' id='word_1_44' title='bbox 578 1059 705 1123; x_wconf 88' lang='lat' dir='ltr'>passus</span> <span class='ocrx_word' id='word_1_45' title='bbox 720 1042 852 1118; x_wconf 84' lang='lat' dir='ltr'>iuerat,</span> <span class='ocrx_word' id='word_1_46' title='bbox 873 1041 1078 1120; x_wconf 87' lang='lat' dir='ltr'>inciderint,</span> <span class='ocrx_word' id='word_1_47' title='bbox 1095 1053 1130 1106; x_wconf 90' lang='lat' dir='ltr'>et</span> <span class='ocrx_word' id='word_1_48' title='bbox 1145 1044 1273 1106; x_wconf 87' lang='lat' dir='ltr'>civitas</span> <span class='ocrx_word' id='word_1_49' title='bbox 1287 1044 1324 1107; x_wconf 95' lang='lat' dir='ltr'>in</span> <span class='ocrx_word' id='word_1_50' title='bbox 1339 1044 1611 1108; x_wconf 83' lang='lat' dir='ltr'>admirationem</span> 
     </span>
     <span class='ocr_line' id='line_1_7' title="bbox 376 1149 1619 1231; baseline 0.002 -19"><span class='ocrx_word' id='word_1_51' title='bbox 376 1167 551 1229; x_wconf 88' lang='lat' dir='ltr'>suspensa</span> <span class='ocrx_word' id='word_1_52' title='bbox 573 1149 692 1228; x_wconf 85' lang='lat' dir='ltr'>fuerit;</span> <span class='ocrx_word' id='word_1_53' title='bbox 719 1152 850 1212; x_wconf 90' lang='lat' dir='ltr'>multae</span> <span class='ocrx_word' id='word_1_54' title='bbox 874 1162 993 1213; x_wconf 91' lang='lat' dir='ltr'>autem</span> <span class='ocrx_word' id='word_1_55' title='bbox 1011 1153 1150 1230; x_wconf 89' lang='lat' dir='ltr'>puellae</span> <span class='ocrx_word' id='word_1_56' title='bbox 1170 1169 1215 1214; x_wconf 82' lang='lat' dir='ltr'>ex</span> <span class='ocrx_word' id='word_1_57' title='bbox 1234 1151 1300 1227; x_wconf 92' lang='lat' dir='ltr'>his,</span> <span class='ocrx_word' id='word_1_58' title='bbox 1328 1168 1417 1230; x_wconf 90' lang='lat' dir='ltr'>quae</span> <span class='ocrx_word' id='word_1_59' title='bbox 1443 1150 1619 1231; x_wconf 59' lang='lat' dir='ltr'>templum»</span> 
     </span>
     <span class='ocr_line' id='line_1_8' title="bbox 377 1256 1611 1336; baseline 0.002 -18"><span class='ocrx_word' id='word_1_60' title='bbox 377 1266 542 1320; x_wconf 88' lang='lat' dir='ltr'>nostrum</span> <span class='ocrx_word' id='word_1_61' title='bbox 573 1256 868 1336; x_wconf 86' lang='lat' dir='ltr'>frequentabant,</span> <span class='ocrx_word' id='word_1_62' title='bbox 901 1274 1002 1320; x_wconf 88' lang='lat' dir='ltr'>suam</span> <span class='ocrx_word' id='word_1_63' title='bbox 1036 1257 1113 1320; x_wconf 90' lang='lat' dir='ltr'>Deo</span> <span class='ocrx_word' id='word_1_64' title='bbox 1147 1257 1391 1336; x_wconf 87' lang='lat' dir='ltr'>virginitatem</span> <span class='ocrx_word' id='word_1_65' title='bbox 1426 1273 1611 1321; x_wconf 88' lang='lat' dir='ltr'>consecra·</span> 
     </span>
     <span class='ocr_line' id='line_1_9' title="bbox 378 1372 472 1426; baseline 0 0"><span class='ocrx_word' id='word_1_66' title='bbox 378 1372 472 1426; x_wconf 90' lang='lat' dir='ltr'>runt.</span> 
     </span>
    </p>

    <p class='ocr_par' dir='ltr' id='par_1_3' title="bbox 376 1468 1622 2624">
     <span class='ocr_line' id='line_1_10' title="bbox 436 1468 1622 1552; baseline 0.002 -20"><span class='ocrx_word' id='word_1_67' title='bbox 436 1468 510 1532; x_wconf 84' lang='grc'><strong>548.</strong></span> <span class='ocrx_word' id='word_1_68' title='bbox 556 1469 659 1548; x_wconf 87' lang='lat' dir='ltr'>Quod</span> <span class='ocrx_word' id='word_1_69' title='bbox 674 1469 720 1531; x_wconf 90' lang='lat' dir='ltr'>ad</span> <span class='ocrx_word' id='word_1_70' title='bbox 736 1469 880 1532; x_wconf 88' lang='lat' dir='ltr'>scholas</span> <span class='ocrx_word' id='word_1_71' title='bbox 895 1469 1033 1549; x_wconf 88' lang='lat' dir='ltr'>attinet,</span> <span class='ocrx_word' id='word_1_72' title='bbox 1049 1486 1230 1550; x_wconf 90' lang='lat' dir='ltr'>nunquam</span> <span class='ocrx_word' id='word_1_73' title='bbox 1244 1470 1310 1534; x_wconf 86' lang='lat' dir='ltr'>fuit</span> <span class='ocrx_word' id='word_1_74' title='bbox 1324 1471 1541 1552; x_wconf 79' lang='lat' dir='ltr'>frequentior</span> <span class='ocrx_word' id='word_1_75' title='bbox 1554 1489 1622 1534; x_wconf 89' lang='lat' dir='ltr'>au·-</span> 
     </span>
     <span class='ocr_line' id='line_1_11' title="bbox 376 1563 1612 1656; baseline 0.003 -18"><span class='ocrx_word' id='word_1_76' title='bbox 376 1577 532 1640; x_wconf 91' lang='lat' dir='ltr'>ditorum</span> <span class='ocrx_word' id='word_1_77' title='bbox 548 1593 730 1652; x_wconf 79' lang='lat' dir='ltr'>numeruS,</span> <span class='ocrx_word' id='word_1_78' title='bbox 754 1563 861 1656; x_wconf 87' lang='lat' dir='ltr'>quam</span> <span class='ocrx_word' id='word_1_79' title='bbox 883 1577 953 1639; x_wconf 90' lang='lat' dir='ltr'>hoc</span> <span class='ocrx_word' id='word_1_80' title='bbox 975 1595 1069 1640; x_wconf 90' lang='lat' dir='ltr'>anuo</span> <span class='ocrx_word' id='word_1_81' title='bbox 1090 1589 1169 1656; x_wconf 90' lang='lat' dir='ltr'>post</span> <span class='ocrx_word' id='word_1_82' title='bbox 1190 1579 1460 1642; x_wconf 88' lang='lat' dir='ltr'>renovationem</span> <span class='ocrx_word' id='word_1_83' title='bbox 1481 1579 1612 1642; x_wconf 90' lang='lat' dir='ltr'>studio·</span> 
     </span>
     <span class='ocr_line' id='line_1_12' title="bbox 377 1684 1611 1765; baseline 0.001 -18"><span class='ocrx_word' id='word_1_84' title='bbox 377 1701 468 1762; x_wconf 89' lang='lat' dir='ltr'>rum,</span> <span class='ocrx_word' id='word_1_85' title='bbox 485 1695 519 1746; x_wconf 94' lang='lat' dir='ltr'>et</span> <span class='ocrx_word' id='word_1_86' title='bbox 534 1700 578 1745; x_wconf 87' lang='lat' dir='ltr'>eo</span> <span class='ocrx_word' id='word_1_87' title='bbox 595 1685 713 1761; x_wconf 87' lang='lat' dir='ltr'>plures</span> <span class='ocrx_word' id='word_1_88' title='bbox 727 1684 924 1747; x_wconf 85' lang='lat' dir='ltr'>accessisse</span> <span class='ocrx_word' id='word_1_89' title='bbox 940 1684 1112 1752; x_wconf 88' lang='lat' dir='ltr'>creditum</span> <span class='ocrx_word' id='word_1_90' title='bbox 1127 1695 1191 1760; x_wconf 89' lang='lat' dir='ltr'>est,</span> <span class='ocrx_word' id='word_1_91' title='bbox 1208 1685 1302 1765; x_wconf 91' lang='lat' dir='ltr'>quod</span> <span class='ocrx_word' id='word_1_92' title='bbox 1316 1697 1458 1765; x_wconf 90' lang='lat' dir='ltr'>praeter</span> <span class='ocrx_word' id='word_1_93' title='bbox 1481 1687 1611 1750; x_wconf 90' lang='lat' dir='ltr'>oratio-</span> 
     </span>
     <span class='ocr_line' id='line_1_13' title="bbox 376 1791 1622 1871; baseline 0.002 -17"><span class='ocrx_word' id='word_1_94' title='bbox 376 1809 460 1854; x_wconf 86' lang='lat' dir='ltr'>nem</span> <span class='ocrx_word' id='word_1_95' title='bbox 479 1801 514 1854; x_wconf 91' lang='lat' dir='ltr'>et</span> <span class='ocrx_word' id='word_1_96' title='bbox 533 1791 642 1853; x_wconf 90' lang='lat' dir='ltr'>trium</span> <span class='ocrx_word' id='word_1_97' title='bbox 663 1792 867 1870; x_wconf 86' lang='lat' dir='ltr'>linguarum</span> <span class='ocrx_word' id='word_1_98' title='bbox 891 1791 1069 1869; x_wconf 89' lang='lat' dir='ltr'>carmina,</span> <span class='ocrx_word' id='word_1_99' title='bbox 1092 1809 1156 1871; x_wconf 87' lang='lat' dir='ltr'>pro</span> <span class='ocrx_word' id='word_1_100' title='bbox 1181 1810 1280 1856; x_wconf 89' lang='lat' dir='ltr'>more</span> <span class='ocrx_word' id='word_1_101' title='bbox 1298 1794 1334 1856; x_wconf 91' lang='lat' dir='ltr'>in</span> <span class='ocrx_word' id='word_1_102' title='bbox 1356 1793 1622 1857; x_wconf 88' lang='lat' dir='ltr'>instauratione-</span> 
     </span>
     <span class='ocr_line' id='line_1_14' title="bbox 378 1897 1611 1979; baseline 0.003 -19"><span class='ocrx_word' id='word_1_103' title='bbox 378 1898 578 1961; x_wconf 90' lang='lat' dir='ltr'>studiorum</span> <span class='ocrx_word' id='word_1_104' title='bbox 603 1897 851 1976; x_wconf 89' lang='lat' dir='ltr'>pronuntiata,</span> <span class='ocrx_word' id='word_1_105' title='bbox 875 1897 1040 1976; x_wconf 87' lang='lat' dir='ltr'>dialogus</span> <span class='ocrx_word' id='word_1_106' title='bbox 1065 1898 1207 1978; x_wconf 89' lang='lat' dir='ltr'>quidam</span> <span class='ocrx_word' id='word_1_107' title='bbox 1229 1899 1293 1962; x_wconf 86' lang='lat' dir='ltr'>fuit</span> <span class='ocrx_word' id='word_1_108' title='bbox 1320 1901 1515 1979; x_wconf 86' lang='lat' dir='ltr'>exhibitus,</span> <span class='ocrx_word' id='word_1_109' title='bbox 1538 1912 1611 1964; x_wconf 90' lang='lat' dir='ltr'>tam</span> 
     </span>
     <span class='ocr_line' id='line_1_15' title="bbox 377 2004 1611 2086; baseline 0.003 -19"><span class='ocrx_word' id='word_1_110' title='bbox 377 2014 528 2067; x_wconf 87' lang='lat' dir='ltr'>venuste</span> <span class='ocrx_word' id='word_1_111' title='bbox 549 2023 571 2067; x_wconf 91' lang='lat' dir='ltr'>a</span> <span class='ocrx_word' id='word_1_112' title='bbox 590 2004 709 2083; x_wconf 89' lang='lat' dir='ltr'>pueris</span> <span class='ocrx_word' id='word_1_113' title='bbox 728 2014 830 2066; x_wconf 91' lang='lat' dir='ltr'>actus</span> <span class='ocrx_word' id='word_1_114' title='bbox 855 2004 948 2080; x_wconf 79' lang='lat' dir='ltr'>(cum</span> <span class='ocrx_word' id='word_1_115' title='bbox 967 2005 1098 2085; x_wconf 89' lang='lat' dir='ltr'>alioqui</span> <span class='ocrx_word' id='word_1_116' title='bbox 1122 2016 1216 2068; x_wconf 90' lang='lat' dir='ltr'>esset</span> <span class='ocrx_word' id='word_1_117' title='bbox 1237 2016 1272 2069; x_wconf 88' lang='lat' dir='ltr'>et</span> <span class='ocrx_word' id='word_1_118' title='bbox 1291 2005 1467 2086; x_wconf 90' lang='lat' dir='ltr'>jucundus</span> <span class='ocrx_word' id='word_1_119' title='bbox 1487 2017 1522 2071; x_wconf 94' lang='lat' dir='ltr'>et</span> <span class='ocrx_word' id='word_1_120' title='bbox 1539 2026 1611 2071; x_wconf 91' lang='lat' dir='ltr'>non</span> 
     </span>
     <span class='ocr_line' id='line_1_16' title="bbox 377 2109 1622 2192; baseline -0.002 -18"><span class='ocrx_word' id='word_1_121' title='bbox 377 2111 550 2174; x_wconf 89' lang='lat' dir='ltr'>mediocri</span> <span class='ocrx_word' id='word_1_122' title='bbox 565 2109 716 2174; x_wconf 89' lang='lat' dir='ltr'>artificio</span> <span class='ocrx_word' id='word_1_123' title='bbox 734 2111 974 2192; x_wconf 84' lang='lat' dir='ltr'>compositus),</span> <span class='ocrx_word' id='word_1_124' title='bbox 996 2121 1033 2174; x_wconf 91' lang='lat' dir='ltr'>ut</span> <span class='ocrx_word' id='word_1_125' title='bbox 1053 2130 1074 2174; x_wconf 92' lang='lat' dir='ltr'>a</span> <span class='ocrx_word' id='word_1_126' title='bbox 1095 2112 1308 2176; x_wconf 91' lang='lat' dir='ltr'>doctissimis</span> <span class='ocrx_word' id='word_1_127' title='bbox 1329 2124 1364 2176; x_wconf 90' lang='lat' dir='ltr'>et</span> <span class='ocrx_word' id='word_1_128' title='bbox 1383 2115 1622 2178; x_wconf 88' lang='lat' dir='ltr'>nobilissimis.</span> 
     </span>
     <span class='ocr_line' id='line_1_17' title="bbox 378 2216 1610 2298; baseline 0.003 -18"><span class='ocrx_word' id='word_1_129' title='bbox 378 2218 574 2298; x_wconf 87' lang='lat' dir='ltr'>quibusque</span> <span class='ocrx_word' id='word_1_130' title='bbox 590 2218 743 2280; x_wconf 89' lang='lat' dir='ltr'>insolitis</span> <span class='ocrx_word' id='word_1_131' title='bbox 758 2216 921 2281; x_wconf 89' lang='lat' dir='ltr'>laudibus</span> <span class='ocrx_word' id='word_1_132' title='bbox 935 2218 1117 2282; x_wconf 88' lang='lat' dir='ltr'>academia</span> <span class='ocrx_word' id='word_1_133' title='bbox 1132 2229 1256 2282; x_wconf 89' lang='lat' dir='ltr'>nostra</span> <span class='ocrx_word' id='word_1_134' title='bbox 1271 2221 1375 2284; x_wconf 84' lang='lat' dir='ltr'>fuerit</span> <span class='ocrx_word' id='word_1_135' title='bbox 1388 2221 1610 2285; x_wconf 87' lang='lat' dir='ltr'>commenda·</span> 
     </span>
     <span class='ocr_line' id='line_1_18' title="bbox 377 2324 1611 2406; baseline 0.005 -19"><span class='ocrx_word' id='word_1_136' title='bbox 377 2336 427 2388; x_wconf 89' lang='lat' dir='ltr'>ta.</span> <span class='ocrx_word' id='word_1_137' title='bbox 443 2325 488 2388; x_wconf 89' lang='lat' dir='ltr'>Et</span> <span class='ocrx_word' id='word_1_138' title='bbox 502 2324 668 2404; x_wconf 84' lang='lat' dir='ltr'>dialogus</span> <span class='ocrx_word' id='word_1_139' title='bbox 682 2325 751 2403; x_wconf 87' lang='lat' dir='ltr'>ipsi</span> <span class='ocrx_word' id='word_1_140' title='bbox 767 2325 947 2404; x_wconf 87' lang='lat' dir='ltr'>Pro-regi,</span> <span class='ocrx_word' id='word_1_141' title='bbox 968 2335 1112 2406; x_wconf 90' lang='lat' dir='ltr'>propter</span> <span class='ocrx_word' id='word_1_142' title='bbox 1126 2328 1327 2406; x_wconf 89' lang='lat' dir='ltr'>argumenti</span> <span class='ocrx_word' id='word_1_143' title='bbox 1346 2329 1561 2406; x_wconf 88' lang='lat' dir='ltr'>gravitatem</span> <span class='ocrx_word' id='word_1_144' title='bbox 1576 2339 1611 2393; x_wconf 87' lang='lat' dir='ltr'>et</span> 
     </span>
     <span class='ocr_line' id='line_1_19' title="bbox 377 2432 1620 2512; baseline 0.005 -18"><span class='ocrx_word' id='word_1_145' title='bbox 377 2433 489 2495; x_wconf 89' lang='lat' dir='ltr'>multa</span> <span class='ocrx_word' id='word_1_146' title='bbox 504 2432 680 2494; x_wconf 90' lang='lat' dir='ltr'>concinne</span> <span class='ocrx_word' id='word_1_147' title='bbox 696 2443 730 2494; x_wconf 90' lang='lat' dir='ltr'>et</span> <span class='ocrx_word' id='word_1_148' title='bbox 746 2433 840 2494; x_wconf 88' lang='lat' dir='ltr'>salse</span> <span class='ocrx_word' id='word_1_149' title='bbox 853 2432 960 2510; x_wconf 89' lang='lat' dir='ltr'>dicta,</span> <span class='ocrx_word' id='word_1_150' title='bbox 977 2451 1047 2496; x_wconf 91' lang='lat' dir='ltr'>nou</span> <span class='ocrx_word' id='word_1_151' title='bbox 1062 2435 1176 2496; x_wconf 93' lang='lat' dir='ltr'>solum</span> <span class='ocrx_word' id='word_1_152' title='bbox 1196 2435 1340 2512; x_wconf 88' lang='lat' dir='ltr'>placuit,</span> <span class='ocrx_word' id='word_1_153' title='bbox 1363 2435 1425 2498; x_wconf 86' lang='lat' dir='ltr'>sed</span> <span class='ocrx_word' id='word_1_154' title='bbox 1441 2437 1490 2498; x_wconf 89' lang='lat' dir='ltr'>ita</span> <span class='ocrx_word' id='word_1_155' title='bbox 1506 2437 1620 2504; x_wconf 85' lang='lat' dir='ltr'>etiam.</span> 
     </span>
     <span class='ocr_line' id='line_1_20' title="bbox 378 2538 1278 2624; baseline 0.002 -24"><span class='ocrx_word' id='word_1_156' title='bbox 378 2538 583 2616; x_wconf 91' lang='lat' dir='ltr'>commovit,</span> <span class='ocrx_word' id='word_1_157' title='bbox 602 2549 641 2600; x_wconf 93' lang='lat' dir='ltr'>ut</span> <span class='ocrx_word' id='word_1_158' title='bbox 657 2556 676 2600; x_wconf 86' lang='lat' dir='ltr'>a</span> <span class='ocrx_word' id='word_1_159' title='bbox 693 2539 864 2618; x_wconf 89' lang='lat' dir='ltr'>lacrymis</span> <span class='ocrx_word' id='word_1_160' title='bbox 879 2540 941 2602; x_wconf 84' lang='lat' dir='ltr'>vix</span> <span class='ocrx_word' id='word_1_161' title='bbox 956 2550 1076 2620; x_wconf 88' lang='lat' dir='ltr'>posset</span> <span class='ocrx_word' id='word_1_162' title='bbox 1090 2540 1278 2624; x_wconf 81' lang='lat' dir='ltr'>abstinere.</span> 
     </span>
    </p>

    <p class='ocr_par' dir='ltr' id='par_1_4' title="bbox 376 2645 1621 3884">
     <span class='ocr_line' id='line_1_21' title="bbox 436 2645 1612 2729; baseline 0.003 -20"><span class='ocrx_word' id='word_1_163' title='bbox 436 2645 507 2709; x_wconf 87' lang='grc'>549.</span> <span class='ocrx_word' id='word_1_164' title='bbox 552 2645 591 2709; x_wconf 94' lang='lat' dir='ltr'>In</span> <span class='ocrx_word' id='word_1_165' title='bbox 609 2645 754 2726; x_wconf 92' lang='lat' dir='ltr'>oppido,</span> <span class='ocrx_word' id='word_1_166' title='bbox 773 2645 868 2725; x_wconf 93' lang='lat' dir='ltr'>quod</span> <span class='ocrx_word' id='word_1_167' title='bbox 882 2646 1006 2710; x_wconf 92' lang='lat' dir='ltr'>Italam</span> <span class='ocrx_word' id='word_1_168' title='bbox 1022 2657 1166 2725; x_wconf 85' lang='lat' dir='ltr'>vocant,</span> <span class='ocrx_word' id='word_1_169' title='bbox 1188 2647 1297 2729; x_wconf 87' lang='lat' dir='ltr'>aliqui</span> <span class='ocrx_word' id='word_1_170' title='bbox 1317 2666 1362 2713; x_wconf 86' lang='lat' dir='ltr'>ex</span> <span class='ocrx_word' id='word_1_171' title='bbox 1380 2649 1512 2711; x_wconf 91' lang='lat' dir='ltr'>nostris</span> <span class='ocrx_word' id='word_1_172' title='bbox 1534 2665 1612 2712; x_wconf 85' lang='lat' dir='ltr'>ver·</span> 
     </span>
     <span class='ocr_line' id='line_1_22' title="bbox 378 2755 1613 2835; baseline 0.003 -18"><span class='ocrx_word' id='word_1_173' title='bbox 378 2755 570 2832; x_wconf 89' lang='lat' dir='ltr'>sabantur,</span> <span class='ocrx_word' id='word_1_174' title='bbox 595 2771 745 2835; x_wconf 92' lang='lat' dir='ltr'>quorum</span> <span class='ocrx_word' id='word_1_175' title='bbox 767 2772 858 2818; x_wconf 92' lang='lat' dir='ltr'>unus</span> <span class='ocrx_word' id='word_1_176' title='bbox 874 2756 1104 2819; x_wconf 91' lang='lat' dir='ltr'>concionibus</span> <span class='ocrx_word' id='word_1_177' title='bbox 1125 2766 1160 2820; x_wconf 93' lang='lat' dir='ltr'>et</span> <span class='ocrx_word' id='word_1_178' title='bbox 1178 2758 1362 2821; x_wconf 87' lang='lat' dir='ltr'>audiendis</span> <span class='ocrx_word' id='word_1_179' title='bbox 1383 2757 1613 2821; x_wconf 85' lang='lat' dir='ltr'>confessioni-</span> 
     </span>
     <span class='ocr_line' id='line_1_23' title="bbox 377 2859 1611 2944; baseline 0.005 -23"><span class='ocrx_word' id='word_1_180' title='bbox 377 2862 444 2924; x_wconf 91' lang='lat' dir='ltr'>bus</span> <span class='ocrx_word' id='word_1_181' title='bbox 457 2859 566 2923; x_wconf 88' lang='lat' dir='ltr'>dabat</span> <span class='ocrx_word' id='word_1_182' title='bbox 584 2877 742 2940; x_wconf 88' lang='lat' dir='ltr'>ope1·am;</span> <span class='ocrx_word' id='word_1_183' title='bbox 759 2863 849 2925; x_wconf 88' lang='lat' dir='ltr'>alter</span> <span class='ocrx_word' id='word_1_184' title='bbox 862 2879 950 2925; x_wconf 87' lang='lat' dir='ltr'>vero</span> <span class='ocrx_word' id='word_1_185' title='bbox 966 2863 1175 2927; x_wconf 90' lang='lat' dir='ltr'>lectionibus</span> <span class='ocrx_word' id='word_1_186' title='bbox 1190 2866 1321 2929; x_wconf 86' lang='lat' dir='ltr'>latinae</span> <span class='ocrx_word' id='word_1_187' title='bbox 1336 2873 1370 2927; x_wconf 90' lang='lat' dir='ltr'>et</span> <span class='ocrx_word' id='word_1_188' title='bbox 1385 2881 1538 2944; x_wconf 85' lang='lat' dir='ltr'>graecae</span> <span class='ocrx_word' id='word_1_189' title='bbox 1550 2866 1611 2927; x_wconf 90' lang='lat' dir='ltr'>lin-</span> 
     </span>
     <span class='ocr_line' id='line_1_24' title="bbox 378 2966 1613 3046; baseline 0.004 -17"><span class='ocrx_word' id='word_1_190' title='bbox 378 2984 483 3046; x_wconf 90' lang='lat' dir='ltr'>guae.</span> <span class='ocrx_word' id='word_1_191' title='bbox 500 2966 753 3031; x_wconf 90' lang='lat' dir='ltr'>Confitentium</span> <span class='ocrx_word' id='word_1_192' title='bbox 770 2979 887 3031; x_wconf 92' lang='lat' dir='ltr'>autem</span> <span class='ocrx_word' id='word_1_193' title='bbox 904 2978 939 3031; x_wconf 93' lang='lat' dir='ltr'>et</span> <span class='ocrx_word' id='word_1_194' title='bbox 954 2970 1289 3034; x_wconf 87' lang='lat' dir='ltr'>communicantium</span> <span class='ocrx_word' id='word_1_195' title='bbox 1303 2988 1473 3035; x_wconf 89' lang='lat' dir='ltr'>numerus</span> <span class='ocrx_word' id='word_1_196' title='bbox 1487 2989 1531 3034; x_wconf 92' lang='lat' dir='ltr'>ac</span> <span class='ocrx_word' id='word_1_197' title='bbox 1541 2970 1613 3034; x_wconf 86' lang='lat' dir='ltr'>iru-</span> 
     </span>
     <span class='ocr_line' id='line_1_25' title="bbox 378 3074 1620 3158; baseline 0.004 -21"><span class='ocrx_word' id='word_1_198' title='bbox 378 3086 456 3137; x_wconf 89' lang='lat' dir='ltr'>ctus</span> <span class='ocrx_word' id='word_1_199' title='bbox 472 3084 526 3137; x_wconf 89' lang='lat' dir='ltr'>est</span> <span class='ocrx_word' id='word_1_200' title='bbox 541 3085 679 3151; x_wconf 78' lang='lat' dir='ltr'>auctuS,</span> <span class='ocrx_word' id='word_1_201' title='bbox 697 3074 760 3137; x_wconf 88' lang='lat' dir='ltr'>sed</span> <span class='ocrx_word' id='word_1_202' title='bbox 772 3076 855 3155; x_wconf 92' lang='lat' dir='ltr'>quia</span> <span class='ocrx_word' id='word_1_203' title='bbox 866 3075 980 3139; x_wconf 84' lang='lat' dir='ltr'>sames</span> <span class='ocrx_word' id='word_1_204' title='bbox 991 3094 1124 3156; x_wconf 89' lang='lat' dir='ltr'>urgens</span> <span class='ocrx_word' id='word_1_205' title='bbox 1138 3076 1173 3140; x_wconf 92' lang='lat' dir='ltr'>in</span> <span class='ocrx_word' id='word_1_206' title='bbox 1185 3094 1294 3141; x_wconf 88' lang='lat' dir='ltr'>causa</span> <span class='ocrx_word' id='word_1_207' title='bbox 1305 3089 1381 3141; x_wconf 89' lang='lat' dir='ltr'>erat</span> <span class='ocrx_word' id='word_1_208' title='bbox 1394 3087 1431 3141; x_wconf 91' lang='lat' dir='ltr'>ut</span> <span class='ocrx_word' id='word_1_209' title='bbox 1444 3080 1620 3158; x_wconf 84' lang='lat' dir='ltr'>templum·</span> 
     </span>
     <span class='ocr_line' id='line_1_26' title="bbox 376 3181 1619 3265; baseline 0.002 -22"><span class='ocrx_word' id='word_1_210' title='bbox 376 3198 441 3261; x_wconf 90' lang='lat' dir='ltr'>pro</span> <span class='ocrx_word' id='word_1_211' title='bbox 456 3198 555 3244; x_wconf 89' lang='lat' dir='ltr'>more</span> <span class='ocrx_word' id='word_1_212' title='bbox 570 3181 803 3261; x_wconf 85' lang='lat' dir='ltr'>frequentare</span> <span class='ocrx_word' id='word_1_213' title='bbox 817 3201 889 3245; x_wconf 92' lang='lat' dir='ltr'>non</span> <span class='ocrx_word' id='word_1_214' title='bbox 904 3194 1058 3262; x_wconf 88' lang='lat' dir='ltr'>possent,</span> <span class='ocrx_word' id='word_1_215' title='bbox 1073 3183 1109 3246; x_wconf 93' lang='lat' dir='ltr'>id</span> <span class='ocrx_word' id='word_1_216' title='bbox 1120 3184 1269 3248; x_wconf 88' lang='lat' dir='ltr'>curabat</span> <span class='ocrx_word' id='word_1_217' title='bbox 1282 3184 1320 3248; x_wconf 88' lang='lat' dir='ltr'>P.</span> <span class='ocrx_word' id='word_1_218' title='bbox 1334 3184 1462 3248; x_wconf 91' lang='lat' dir='ltr'>Daniel</span> <span class='ocrx_word' id='word_1_219' title='bbox 1479 3184 1498 3263; x_wconf 90' lang='lat'>¹,</span> <span class='ocrx_word' id='word_1_220' title='bbox 1516 3186 1619 3265; x_wconf 87' lang='lat' dir='ltr'>(nam.</span> 
     </span>
     <span class='ocr_line' id='line_1_27' title="bbox 378 3286 1611 3373; baseline 0.003 -22"><span class='ocrx_word' id='word_1_221' title='bbox 378 3290 457 3351; x_wconf 94' lang='lat' dir='ltr'>loco</span> <span class='ocrx_word' id='word_1_222' title='bbox 468 3286 585 3351; x_wconf 89' lang='lat' dir='ltr'>Patris</span> <span class='ocrx_word' id='word_1_223' title='bbox 595 3287 749 3369; x_wconf 86' lang='lat' dir='ltr'>Joannis</span> <span class='ocrx_word' id='word_1_224' title='bbox 760 3286 1073 3368; x_wconf 83' lang='lat' dir='ltr'>Philippi¹1talam</span> <span class='ocrx_word' id='word_1_225' title='bbox 1083 3292 1213 3355; x_wconf 88' lang='lat' dir='ltr'>missus</span> <span class='ocrx_word' id='word_1_226' title='bbox 1224 3291 1611 3373; x_wconf 85' lang='lat' dir='ltr'>fuerat),eleem0synis</span> 
     </span>
     <span class='ocr_line' id='line_1_28' title="bbox 378 3394 1611 3479; baseline 0.004 -22"><span class='ocrx_word' id='word_1_227' title='bbox 378 3394 557 3457; x_wconf 90' lang='lat' dir='ltr'>hincinde</span> <span class='ocrx_word' id='word_1_228' title='bbox 573 3396 746 3475; x_wconf 88' lang='lat' dir='ltr'>quaesitis</span> <span class='ocrx_word' id='word_1_229' title='bbox 768 3412 848 3457; x_wconf 90' lang='lat' dir='ltr'>eam</span> <span class='ocrx_word' id='word_1_230' title='bbox 869 3397 1027 3475; x_wconf 91' lang='lat' dir='ltr'>inopiam</span> <span class='ocrx_word' id='word_1_231' title='bbox 1039 3398 1237 3461; x_wconf 88' lang='lat' dir='ltr'>sublevare.</span> <span class='ocrx_word' id='word_1_232' title='bbox 1250 3399 1294 3462; x_wconf 91' lang='lat' dir='ltr'>Et</span> <span class='ocrx_word' id='word_1_233' title='bbox 1310 3401 1449 3479; x_wconf 66' lang='lat' dir='ltr'>multos</span> <span class='ocrx_word' id='word_1_234' title='bbox 1466 3400 1526 3479; x_wconf 89' lang='lat' dir='ltr'>qui</span> <span class='ocrx_word' id='word_1_235' title='bbox 1537 3397 1611 3479; x_wconf 92' lang='lat' dir='ltr'>jam</span> 
     </span>
     <span class='ocr_line' id='line_1_29' title="bbox 376 3501 1621 3581; baseline 0.002 -18"><span class='ocrx_word' id='word_1_236' title='bbox 376 3502 484 3564; x_wconf 87' lang='lat' dir='ltr'>morti</span> <span class='ocrx_word' id='word_1_237' title='bbox 499 3501 653 3581; x_wconf 87' lang='lat' dir='ltr'>proximi</span> <span class='ocrx_word' id='word_1_238' title='bbox 675 3510 789 3579; x_wconf 82' lang='lat' dir='ltr'>erant,</span> <span class='ocrx_word' id='word_1_239' title='bbox 805 3520 848 3566; x_wconf 91' lang='lat' dir='ltr'>eo</span> <span class='ocrx_word' id='word_1_240' title='bbox 870 3503 1058 3568; x_wconf 90' lang='lat' dir='ltr'>charitatis</span> <span class='ocrx_word' id='word_1_241' title='bbox 1078 3503 1192 3567; x_wconf 87' lang='lat' dir='ltr'>officio</span> <span class='ocrx_word' id='word_1_242' title='bbox 1216 3504 1253 3568; x_wconf 88' lang='lat' dir='ltr'>in</span> <span class='ocrx_word' id='word_1_243' title='bbox 1278 3506 1353 3569; x_wconf 90' lang='lat' dir='ltr'>vita</span> <span class='ocrx_word' id='word_1_244' title='bbox 1378 3516 1621 3569; x_wconf 82' lang='lat' dir='ltr'>conservatos</span> 
     </span>
     <span class='ocr_line' id='line_1_30' title="bbox 378 3607 1609 3691; baseline 0.007 -21"><span class='ocrx_word' id='word_1_245' title='bbox 378 3624 457 3671; x_wconf 88' lang='lat' dir='ltr'>esse</span> <span class='ocrx_word' id='word_1_246' title='bbox 472 3607 672 3687; x_wconf 85' lang='lat' dir='ltr'>dicebatur;</span> <span class='ocrx_word' id='word_1_247' title='bbox 685 3627 770 3672; x_wconf 90' lang='lat' dir='ltr'>nam</span> <span class='ocrx_word' id='word_1_248' title='bbox 781 3609 878 3672; x_wconf 81' lang='lat' dir='ltr'>fama</span> <span class='ocrx_word' id='word_1_249' title='bbox 889 3621 966 3673; x_wconf 88' lang='lat' dir='ltr'>crat</span> <span class='ocrx_word' id='word_1_250' title='bbox 981 3611 1075 3691; x_wconf 93' lang='lat' dir='ltr'>quod</span> <span class='ocrx_word' id='word_1_251' title='bbox 1090 3612 1189 3675; x_wconf 88' lang='lat' dir='ltr'>multi</span> <span class='ocrx_word' id='word_1_252' title='bbox 1199 3610 1293 3675; x_wconf 86' lang='lat' dir='ltr'>fame</span> <span class='ocrx_word' id='word_1_253' title='bbox 1304 3614 1466 3676; x_wconf 88' lang='lat' dir='ltr'>morituri</span> <span class='ocrx_word' id='word_1_254' title='bbox 1477 3625 1609 3682; x_wconf 86' lang='lat' dir='ltr'>essent.</span> 
     </span>
     <span class='ocr_line' id='line_1_31' title="bbox 378 3713 1607 3797; baseline 0.005 -21"><span class='ocrx_word' id='word_1_255' title='bbox 378 3713 447 3777; x_wconf 90' lang='lat' dir='ltr'>nisi</span> <span class='ocrx_word' id='word_1_256' title='bbox 472 3732 515 3777; x_wconf 88' lang='lat' dir='ltr'>eo</span> <span class='ocrx_word' id='word_1_257' title='bbox 539 3732 643 3795; x_wconf 87' lang='lat' dir='ltr'>panc,</span> <span class='ocrx_word' id='word_1_258' title='bbox 673 3733 779 3795; x_wconf 90' lang='lat' dir='ltr'>quem</span> <span class='ocrx_word' id='word_1_259' title='bbox 804 3716 973 3779; x_wconf 89' lang='lat' dir='ltr'>divinitus</span> <span class='ocrx_word' id='word_1_260' title='bbox 994 3718 1141 3779; x_wconf 88' lang='lat' dir='ltr'>missum</span> <span class='ocrx_word' id='word_1_261' title='bbox 1165 3734 1243 3781; x_wconf 87' lang='lat' dir='ltr'>esse</span> <span class='ocrx_word' id='word_1_262' title='bbox 1265 3718 1532 3797; x_wconf 88' lang='lat' dir='ltr'>confitebantur,</span> <span class='ocrx_word' id='word_1_263' title='bbox 1557 3737 1607 3782; x_wconf 89' lang='lat' dir='ltr'>re·</span> 
     </span>
     <span class='ocr_line' id='line_1_32' title="bbox 378 3820 614 3884; baseline -0.008 -1"><span class='ocrx_word' id='word_1_264' title='bbox 378 3820 464 3884; x_wconf 86' lang='lat' dir='ltr'>fecti</span> <span class='ocrx_word' id='word_1_265' title='bbox 484 3831 614 3884; x_wconf 91' lang='lat' dir='ltr'>essent.</span> 
     </span>
    </p>

    <p class='ocr_par' dir='ltr' id='par_1_5' title="bbox 377 3928 1614 4440">
     <span class='ocr_line' id='line_1_33' title="bbox 436 3928 1612 4014; baseline 0.005 -23"><span class='ocrx_word' id='word_1_266' title='bbox 436 3928 507 3991; x_wconf 88' lang='lat'><strong>550.</strong></span> <span class='ocrx_word' id='word_1_267' title='bbox 552 3928 656 3992; x_wconf 86' lang='lat' dir='ltr'>initio</span> <span class='ocrx_word' id='word_1_268' title='bbox 673 3928 777 4008; x_wconf 90' lang='lat' dir='ltr'>hujus</span> <span class='ocrx_word' id='word_1_269' title='bbox 798 3931 882 3992; x_wconf 88' lang='lat' dir='ltr'>anni</span> <span class='ocrx_word' id='word_1_270' title='bbox 901 3948 972 3993; x_wconf 87' lang='lat' dir='ltr'>non</span> <span class='ocrx_word' id='word_1_271' title='bbox 995 3933 1108 3996; x_wconf 90' lang='lat' dir='ltr'>solum</span> <span class='ocrx_word' id='word_1_272' title='bbox 1132 3934 1330 4014; x_wconf 86' lang='lat' dir='ltr'>frequentia</span> <span class='ocrx_word' id='word_1_273' title='bbox 1350 3933 1612 3997; x_wconf 86' lang='lat' dir='ltr'>confessionum</span> 
     </span>
     <span class='ocr_line' id='line_1_34' title="bbox 378 4036 1611 4120; baseline 0.004 -22"><span class='ocrx_word' id='word_1_274' title='bbox 378 4052 510 4115; x_wconf 88' lang='lat' dir='ltr'>magna</span> <span class='ocrx_word' id='word_1_275' title='bbox 536 4046 614 4099; x_wconf 91' lang='lat' dir='ltr'>erat</span> <span class='ocrx_word' id='word_1_276' title='bbox 638 4046 672 4099; x_wconf 93' lang='lat' dir='ltr'>et</span> <span class='ocrx_word' id='word_1_277' title='bbox 692 4036 728 4099; x_wconf 92' lang='lat' dir='ltr'>in</span> <span class='ocrx_word' id='word_1_278' title='bbox 755 4036 831 4099; x_wconf 90' lang='lat' dir='ltr'>dies</span> <span class='ocrx_word' id='word_1_279' title='bbox 855 4040 1065 4117; x_wconf 85' lang='lat' dir='ltr'>augebatur,</span> <span class='ocrx_word' id='word_1_280' title='bbox 1082 4040 1368 4103; x_wconf 89' lang='lat' dir='ltr'>Messanensibus</span> <span class='ocrx_word' id='word_1_281' title='bbox 1383 4042 1429 4104; x_wconf 92' lang='lat' dir='ltr'>ad</span> <span class='ocrx_word' id='word_1_282' title='bbox 1442 4043 1611 4120; x_wconf 89' lang='lat' dir='ltr'>templum</span> 
     </span>
     <span class='ocr_line' id='line_1_35' title="bbox 377 4141 1611 4227; baseline 0.002 -20"><span class='ocrx_word' id='word_1_283' title='bbox 377 4141 438 4207; x_wconf 69' lang='lat' dir='ltr'>S.²¹</span> <span class='ocrx_word' id='word_1_284' title='bbox 456 4143 594 4207; x_wconf 89' lang='lat' dir='ltr'>Nicolai</span> <span class='ocrx_word' id='word_1_285' title='bbox 609 4143 882 4219; x_wconf 90' lang='lat' dir='ltr'>confluentibus,</span> <span class='ocrx_word' id='word_1_286' title='bbox 899 4162 1024 4209; x_wconf 89' lang='lat' dir='ltr'>verum</span> <span class='ocrx_word' id='word_1_287' title='bbox 1036 4164 1080 4209; x_wconf 87' lang='lat' dir='ltr'>ex</span> <span class='ocrx_word' id='word_1_288' title='bbox 1092 4147 1231 4227; x_wconf 89' lang='lat' dir='ltr'>oppidis</span> <span class='ocrx_word' id='word_1_289' title='bbox 1243 4148 1349 4211; x_wconf 89' lang='lat' dir='ltr'>etiam</span> <span class='ocrx_word' id='word_1_290' title='bbox 1361 4158 1396 4211; x_wconf 90' lang='lat' dir='ltr'>et</span> <span class='ocrx_word' id='word_1_291' title='bbox 1409 4148 1497 4210; x_wconf 91' lang='lat' dir='ltr'>locis</span> <span class='ocrx_word' id='word_1_292' title='bbox 1509 4152 1611 4210; x_wconf 83' lang='lat' dir='ltr'>extra</span> 
     </span>
     <span class='ocr_line' id='line_1_36' title="bbox 377 4250 1614 4335; baseline 0.003 -22"><span class='ocrx_word' id='word_1_293' title='bbox 377 4268 459 4313; x_wconf 89' lang='lat' dir='ltr'>eam</span> <span class='ocrx_word' id='word_1_294' title='bbox 473 4250 597 4313; x_wconf 91' lang='lat' dir='ltr'>urbem</span> <span class='ocrx_word' id='word_1_295' title='bbox 612 4250 725 4329; x_wconf 89' lang='lat' dir='ltr'>aliqui</span> <span class='ocrx_word' id='word_1_296' title='bbox 737 4250 966 4329; x_wconf 89' lang='lat' dir='ltr'>accedebant,</span> <span class='ocrx_word' id='word_1_297' title='bbox 981 4262 1070 4316; x_wconf 88' lang='lat' dir='ltr'>utex</span> <span class='ocrx_word' id='word_1_298' title='bbox 1086 4252 1290 4317; x_wconf 87' lang='lat' dir='ltr'>Monteforti</span> <span class='ocrx_word' id='word_1_299' title='bbox 1301 4252 1324 4333; x_wconf 86' lang='lat'>³,</span> <span class='ocrx_word' id='word_1_300' title='bbox 1341 4253 1434 4335; x_wconf 92' lang='lat' dir='ltr'>quod</span> <span class='ocrx_word' id='word_1_301' title='bbox 1445 4253 1614 4334; x_wconf 89' lang='lat' dir='ltr'>oppidum</span> 
     </span>
     <span class='ocr_line' id='line_1_37' title="bbox 379 4356 1612 4440; baseline 0.002 -20"><span class='ocrx_word' id='word_1_302' title='bbox 379 4358 503 4421; x_wconf 89' lang='lat' dir='ltr'>decem</span> <span class='ocrx_word' id='word_1_303' title='bbox 517 4357 672 4419; x_wconf 91' lang='lat' dir='ltr'>millibus</span> <span class='ocrx_word' id='word_1_304' title='bbox 688 4372 859 4436; x_wconf 84' lang='lat' dir='ltr'>passuum</span> <span class='ocrx_word' id='word_1_305' title='bbox 873 4356 1038 4421; x_wconf 89' lang='lat' dir='ltr'>Messana</span> <span class='ocrx_word' id='word_1_306' title='bbox 1055 4359 1172 4437; x_wconf 87' lang='lat' dir='ltr'>distat,</span> <span class='ocrx_word' id='word_1_307' title='bbox 1186 4378 1229 4423; x_wconf 91' lang='lat' dir='ltr'>eo</span> <span class='ocrx_word' id='word_1_308' title='bbox 1244 4370 1429 4440; x_wconf 89' lang='lat' dir='ltr'>venerunt,</span> <span class='ocrx_word' id='word_1_309' title='bbox 1449 4378 1492 4425; x_wconf 89' lang='lat' dir='ltr'>ae</span> <span class='ocrx_word' id='word_1_310' title='bbox 1507 4376 1612 4440; x_wconf 88' lang='lat' dir='ltr'>roga·</span> 
     </span>
    </p>
   </div>
   <div class='ocr_carea' id='block_1_3' title="bbox 418 4559 1295 4747">
    <p class='ocr_par' dir='ltr' id='par_1_6' title="bbox 418 4559 1295 4747">
     <span class='ocr_line' id='line_1_38' title="bbox 422 4559 788 4616; baseline 0 -12"><span class='ocrx_word' id='word_1_311' title='bbox 422 4570 429 4593; x_wconf 84' lang='lat'><strong>¹</strong></span> <span class='ocrx_word' id='word_1_312' title='bbox 459 4560 488 4604; x_wconf 87' lang='lat' dir='ltr'>P.</span> <span class='ocrx_word' id='word_1_313' title='bbox 501 4559 594 4603; x_wconf 86' lang='lat' dir='ltr'>Daniel</span> <span class='ocrx_word' id='word_1_314' title='bbox 605 4560 788 4616; x_wconf 83' lang='lat' dir='ltr'>Paeybroeck.</span> 
     </span>
     <span class='ocr_line' id='line_1_39' title="bbox 418 4630 1295 4689; baseline 0.007 -15"><span class='ocrx_word' id='word_1_315' title='bbox 418 4634 430 4665; x_wconf 85' lang='lat'><strong>¹</strong></span> <span class='ocrx_word' id='word_1_316' title='bbox 456 4630 564 4684; x_wconf 78' lang='lat' dir='ltr'>,loannis</span> <span class='ocrx_word' id='word_1_317' title='bbox 575 4631 689 4687; x_wconf 85' lang='lat' dir='ltr'>Philippi</span> <span class='ocrx_word' id='word_1_318' title='bbox 703 4632 814 4677; x_wconf 83' lang='lat' dir='ltr'>cassini.</span> <span class='ocrx_word' id='word_1_319' title='bbox 825 4633 892 4677; x_wconf 86' lang='lat' dir='ltr'>Vide</span> <span class='ocrx_word' id='word_1_320' title='bbox 903 4645 991 4688; x_wconf 83' lang='lat' dir='ltr'>supra,</span> <span class='ocrx_word' id='word_1_321' title='bbox 1004 4642 1022 4677; x_wconf 88' lang='lat' dir='ltr'>t.</span> <span class='ocrx_word' id='word_1_322' title='bbox 1033 4646 1069 4688; x_wconf 80' lang='lat' dir='ltr'>tv,</span> <span class='ocrx_word' id='word_1_323' title='bbox 1079 4646 1139 4689; x_wconf 74' lang='lat' dir='ltr'>pag.</span> <span class='ocrx_word' id='word_1_324' title='bbox 1152 4636 1198 4689; x_wconf 78' lang='lat'>196,</span> <span class='ocrx_word' id='word_1_325' title='bbox 1209 4647 1234 4679; x_wconf 88' lang='lat' dir='ltr'>n.</span> <span class='ocrx_word' id='word_1_326' title='bbox 1243 4635 1295 4679; x_wconf 64' lang='lat'>420.</span> 
     </span>
     <span class='ocr_line' id='line_1_40' title="bbox 421 4702 600 4747; baseline 0 0"><span class='ocrx_word' id='word_1_327' title='bbox 421 4704 433 4737; x_wconf 79' lang='lat'><strong>³</strong></span> <span class='ocrx_word' id='word_1_328' title='bbox 461 4702 600 4747; x_wconf 81' lang='lat' dir='ltr'>Moniorte.</span> 
     </span>
    </p>
   </div>
   <div class='ocr_carea' id='block_1_4' title="bbox 0 0 1864 5397">
    <p class='ocr_par' dir='ltr' id='par_1_7' title="bbox 0 0 1864 5397">
     <span class='ocr_line' id='line_1_41' title="bbox 0 0 1864 5397; baseline 0 0"><span class='ocrx_word' id='word_1_329' title='bbox 0 0 1864 5397; x_wconf 95' lang='lat' dir='ltr'> </span> 
     </span>
    </p>
   </div>
  </div>
 </body>
</html>
