3717 5400
366 441 423 502 &ib
828 439 956 499 Canon.
978 439 1054 498 Soc.
1078 438 1146 511 Jus.

364 595 433 667 tor,
449 587 509 668 qui
524 587 643 651 Auxio
660 586 976 671 venerat„litteras
989 603 1075 648 suae
1091 584 1352 649 commissionis
1364 602 1407 646 ac
1419 582 1603 646 facultatis

364 713 388 758 a
402 695 440 760 P.
457 694 584 758 Pontio
599 693 794 774 postulavit
809 697 831 755 ¹.
847 692 1044 773 Respondit
1058 692 1096 756 P.
1121 691 1267 755 Pontius
1292 708 1356 754 suo
1382 701 1541 770 ternpore
1563 707 1602 752 se

364 813 602 879 ostensurum;
616 817 655 862 se
667 800 808 862 interim
820 799 908 863 nihil
921 808 1097 878 acturum,
1108 799 1176 861 nisi
1187 799 1280 880 quod
1293 815 1357 878 per
1369 797 1475 860 solita
1487 795 1600 860 chari·

365 909 450 972 tatis
462 907 656 971 ministeria
667 906 745 970 fieri
757 915 889 986 posset.
903 905 1018 986 Hujus
1030 905 1276 986 procuratoris
1289 923 1391 984 uxor,
1401 904 1474 984 pia,
1489 921 1532 966 ac
1545 903 1600 966 de-

366 1025 462 1093 vota,
479 1023 514 1078 et
528 1014 567 1077 P.
583 1013 711 1077 Pontio
726 1023 811 1077 nota
826 1023 919 1092 erat,
937 1031 958 1075 a
973 1029 1043 1092 qua
1059 1029 1140 1075 cum
1155 1021 1366 1092 procurator
1381 1011 1493 1073 multa
1506 1010 1600 1072 bona

366 1122 534 1202 audisset,
551 1119 749 1186 Priorissae
765 1138 808 1184 ac
823 1120 1037 1184 monialibus
1049 1138 1091 1182 ea
1107 1119 1237 1183 retulit.

376 1286 379 1296 .
424 1227 496 1291 960.
541 1227 783 1292 constituerat
805 1226 845 1291 Ρ.
869 1227 1017 1290 Pontius
1044 1227 1089 1290 ad
1115 1225 1290 1306 hospitale
1316 1224 1511 1304 divertere;
1538 1222 1600 1286 sed

364 1353 447 1398 cum
462 1337 600 1399 litterae
617 1335 819 1399 Cardiualis
835 1333 917 1399 85⁸⁰
936 1334 1061 1398 Crucis
1077 1333 1201 1398 eodem
1216 1333 1274 1396 die
1288 1332 1507 1411 Brugnolam
1525 1348 1602 1410 per-

365 1442 559 1522 venissent,
575 1442 705 1523 quibus
727 1440 992 1522 injungebatur,
1014 1451 1053 1504 ut
1076 1442 1112 1504 in
1127 1440 1343 1503 monasterio
1367 1438 1496 1513 Cellae,
1522 1440 1600 1500 loco

363 1551 538 1612 sacristae
554 1549 742 1627 demortui,
760 1550 875 1612 nostri
888 1547 1118 1624 diverterent,
1130 1547 1261 1610 ibidem
1272 1562 1417 1609 manere
1429 1544 1599 1607 decrevit.

342 1667 344 1672 '
364 1654 435 1719 Sed
451 1673 532 1719 cum
547 1656 606 1718 diu
622 1657 740 1719 cibum
757 1663 997 1735 expectasset,
1013 1664 1053 1718 ut
1066 1653 1194 1717 Daniel
1206 1654 1244 1716 in
1258 1654 1338 1715 lacu
1349 1653 1503 1727 leonum,
1527 1651 1600 1713 nul·

364 1764 420 1824 lus
434 1762 607 1826 Abachue
629 1764 661 1826 ei
684 1763 818 1842 attulit,
837 1773 870 1825 et
890 1763 941 1826 ita
962 1763 1118 1841 oportuit
1138 1771 1178 1824 ut
1199 1769 1280 1840 post
1305 1761 1451 1839 longam
1467 1756 1600 1838 jejuna-

364 1869 508 1948 tionem,
525 1869 744 1948 Brugnoiam
764 1870 808 1932 ad
831 1869 1080 1948 diversorium,
1103 1867 1172 1930 cibi
1187 1866 1350 1947 capiendi
1370 1866 1500 1945 gratia,
1521 1866 1598 1928 iret.

363 1973 572 2039 Declaravit
586 1974 763 2038 Priorissa
790 1977 884 2039 nolle
905 1993 944 2038 se
963 1984 1001 2038 ut
1026 1973 1064 2037 Ρ.
1092 1973 1239 2038 Pontius
1264 1974 1299 2036 in
1325 1974 1403 2036 loco
1428 1973 1600 2035 sacristae

364 2092 523 2145 maneret
539 2083 573 2145 in
591 2082 805 2145 monasterio
822 2098 904 2160 su0;
924 2091 959 2144 et
976 2083 1026 2144 ita
1041 2098 1187 2144 necesse
1206 2080 1272 2144 fuit
1298 2093 1336 2143 ut
1359 2078 1404 2141 ad
1427 2079 1601 2159 hospitale

363 2207 402 2252 se
418 2188 608 2253 conferret.

424 2295 495 2358 961.
538 2297 615 2360 Hae
636 2297 821 2378 monialeS,
848 2315 921 2361 non
945 2297 1023 2360 sine
1047 2313 1158 2360 causa
1182 2296 1353 2359 timebant
1380 2293 1600 2358 reformatio·

362 2420 454 2482 nem,
471 2422 555 2468 nam
572 2422 682 2485 usque
700 2405 789 2468 adeo
807 2422 827 2467 a
845 2407 1012 2469 clausura
1035 2404 1285 2479 abhorrebant,
1302 2411 1340 2465 ut
1355 2402 1493 2483 publice
1514 2401 1602 2464 Bru·

361 2513 507 2588 gnolam
520 2523 554 2574 et
577 2530 641 2592 per
661 2521 787 2592 prata,
811 2512 1061 2576 deambulandi
1082 2510 1212 2590 gratia,
1229 2510 1450 2587 incederent;
1474 2507 1519 2570 ad
1541 2508 1600 2570 do·

363 2633 440 2680 mos
455 2619 563 2681 etiam
574 2630 761 2701 parentum
775 2621 892 2700 ibant,
911 2629 946 2682 et
961 2618 1152 2700 aliquando
1164 2627 1236 2680 tres
1248 2628 1283 2680 et
1296 2626 1447 2697 quatuor
1460 2632 1601 2679 menses

361 2725 492 2788 ibidem
518 2727 681 2805 agebant.
709 2728 849 2791 Unicus
877 2730 1046 2791 inventus
1070 2726 1137 2791 fuit
1156 2727 1193 2789 in
1213 2743 1255 2788 eo
1282 2725 1411 2805 oppido
1431 2726 1499 2802 vir,
1522 2740 1600 2803 pro-

363 2832 516 2895 fessione
533 2833 679 2909 Doctor,
697 2835 756 2916 qui
772 2845 922 2898 nostros
938 2834 1140 2897 humaniter
1156 2836 1412 2913 alloqueretur,
1429 2843 1464 2894 et
1479 2832 1531 2894 eis
1552 2830 1601 2893 fa-

361 2948 474 3007 veret.
492 2940 535 3003 Et
551 2940 628 3019 ipso
644 2942 700 3003 die
716 2940 875 3005 Paschae
893 2959 975 3004 cum
989 2951 1177 3021 postquam
1192 2939 1434 3019 praedicasset
1456 2938 1495 3001 P.
1513 2936 1601 2999 Pon-

363 3046 444 3123 tius,
450 3044 591 3126 jejunus
603 3058 722 3111 tamen
733 3060 814 3128 post
828 3049 1013 3111 meridiem
1025 3049 1282 3128 relinqueretur
1294 3063 1375 3109 cum
1384 3046 1482 3108 socio
1492 3045 1600 3128 Julio,

362 3153 421 3217 hic
435 3153 572 3217 Doctor
594 3173 733 3235 panem,
757 3156 879 3219 vinum
901 3165 936 3219 et
955 3172 1083 3217 carnes
1102 3155 1308 3227 liberaliter,
1332 3170 1413 3216 cum
1435 3153 1599 3215 omnibus

362 3262 586 3340 necessariis,
604 3260 649 3324 ad
665 3280 727 3325 eos
743 3262 952 3325 transmisit.

423 3366 494 3430 962.
541 3368 781 3431 Concionatus
798 3379 876 3431 erat
892 3368 930 3432 P.
948 3368 1095 3431 Pontius
1110 3386 1191 3431 cum
1206 3385 1354 3448 magna,
1370 3377 1444 3429 tum
1465 3367 1597 3431 monia-

363 3473 459 3552 lium,
476 3486 548 3537 tum
566 3476 729 3552 aliorum,
749 3477 808 3556 qui
830 3476 990 3555 aderant,
1013 3476 1256 3541 satisfactione
1275 3476 1353 3555 ipso
1373 3475 1428 3537 die
1449 3474 1604 3538 Pascha·

362 3580 420 3659 tis;
437 3590 471 3642 et
487 3589 569 3643 tunc
586 3582 775 3660 Priorissa,
793 3601 885 3663 quae
908 3586 1043 3646 nullum
1063 3583 1330 3646 benevolentiae
1352 3583 1495 3661 signum
1508 3591 1602 3647 eate-

363 3704 429 3749 nus
444 3690 659 3767 ostenderat,
679 3690 773 3752 misit
789 3690 983 3770 quemdam
999 3689 1044 3751 ad
1069 3690 1184 3771 ipsum
1202 3690 1241 3752 P.
1265 3689 1428 3752 Pontium
1447 3690 1602 3751 salutan-

362 3793 447 3857 dum
462 3804 497 3857 et
516 3796 609 3858 dona
630 3797 805 3877 quaedam
832 3798 864 3859 ei
888 3796 1083 3875 afferenda;
1108 3797 1171 3859 sed
1192 3814 1271 3859 eam
1292 3796 1446 3859 officiose
1469 3796 1602 3859 resalu-

363 3901 482 3979 taud0,
500 3901 592 3964 dona
612 3903 757 3967 remisit.
777 3902 878 3966 Duas
894 3905 1001 3966 etiam
1019 3905 1191 3967 moniales
1206 3904 1330 3966 eodem
1353 3902 1408 3965 die
1424 3905 1603 3965 allocutus

406 4104 412 4133 ¹
443 4104 554 4149 Manum
566 4108 650 4149 iuerat
661 4108 687 4149 P.
699 4108 812 4151 Pontius.
825 4118 882 4150 cum
896 4107 1053 4161 Brugnolam
1065 4109 1158 4151 missus
1170 4115 1218 4160 est,
1229 4109 1368 4150 nonsotum
1377 4108 1527 4160 patentibus
1535 4118 1602 4150 suae

361 4178 665 4220 commissionistitteris
674 4190 690 4221 a
699 4179 837 4221 cardinale
848 4178 953 4221 Cervini
962 4180 1029 4221 datis
1038 4180 1081 4221 sod
1090 4181 1168 4221 etiam
1177 4180 1331 4227 testimonio,
1341 4178 1436 4222 notarii
1445 4178 1603 4222 auctoritate

364 4246 474 4300 firmato,
487 4249 555 4291 iltius
567 4249 701 4303 privilegii
713 4252 810 4293 nostris
822 4262 838 4293 a
849 4250 920 4302 Rege
932 4250 1033 4293 Galliae
1044 4251 1169 4298 concessi.
1185 4252 1252 4303 quod
1264 4251 1451 4293 naturalitatis
1465 4251 1603 4293 vocabant.

364 4319 410 4361 Ait
423 4320 489 4363 enirn
503 4320 639 4373 Polancus,
652 4332 684 4363 ex
698 4332 772 4372 cotta,
785 4322 856 4365 Patri
869 4322 1012 4365 Paschasio
1024 4322 1147 4364 scribens:
1160 4322 1231 4366 ‘Una
1247 4324 1322 4375 copia
1332 4323 1465 4365 autentica
1481 4322 1506 4371 di
1516 4322 1604 4375 quella

363 4391 461 4444 gratia,
473 4394 521 4434 che
533 4395 549 4435 il
563 4392 598 4435 Re
610 4394 827 4436 christianissimo
844 4394 899 4436 tece
910 4405 926 4435 a
939 4396 964 4436 ta
980 4393 1141 4447 campagnia
1152 4395 1220 4437 detta
1235 4395 1380 4436 naturattta
1394 4394 1420 4436 di
1430 4392 1551 4442 Francia.
1565 4404 1605 4436 sa-

365 4465 444 4505 rebbe
456 4465 605 4507 necessaria
617 4476 723 4527 perluno
735 4466 794 4509 delli
807 4466 916 4509 nostriil
927 4467 1033 4518 qualest
1046 4467 1140 4509 manda
1148 4468 1173 4509 in
1183 4466 1315 4509 Provenza
1327 4467 1369 4508 dal
1378 4465 1603 4508 Reverendissimo

364 4532 541 4579 cardinalem
554 4536 635 4580 Santa
653 4536 734 4580 Croce
746 4548 791 4591 per
803 4538 829 4579 la
843 4537 1022 4581 risormatione
1041 4538 1065 4580 di
1082 4550 1114 4581 un
1131 4538 1288 4581 monasterio
1300 4539 1369 4580 detta
1386 4538 1482 4580 diocesi
1499 4538 1524 4580 di
1540 4537 1604 4579 Aix.

366 4602 400 4646 V.
412 4604 441 4647 R.
453 4617 498 4659 per
508 4608 601 4654 carita.
614 4618 710 4660 quanto
721 4608 805 4661 prima
816 4609 901 4660 patra,
912 4607 999 4649 mandi
1009 4607 1081 4649 detta
1089 4608 1164 4661 copia
1173 4616 1268 4651 cavata
1280 4619 1326 4661 per
1337 4618 1412 4651 mano
1421 4619 1436 4651 o
1446 4608 1602 4651 almenoeon

365 4677 452 4728 sigillo
463 4679 488 4721 di
500 4680 608 4721 notario.
619 4680 709 4731 Quetto
721 4680 769 4721 che
779 4680 800 4722 si
812 4678 906 4721 manda
917 4682 930 4721 t
940 4678 1015 4722 hitto.
1025 4678 1139 4731 Pontio,
1151 4680 1198 4722 ta·
1209 4679 1360 4723 Decembris
1372 4680 1432 4722 1551.
