3717 5400
809 512 869 570 Au.
893 512 963 571 tito
1113 564 1117 571 .
1444 514 1502 574 627

263 658 407 722 ἰἐὀεαῑ.
426 655 500 720 Sed
525 658 629 738 paulo
654 669 734 738 post
758 657 960 737 praefectus
985 658 1044 720 ilie
1069 657 1146 721 sive
1170 658 1256 735 dux,
1281 650 1502 738 poenitentia

271 765 409 844 ductus,
436 783 458 828 a
483 765 653 829 fratribus
676 765 808 828 nostris
832 765 976 828 veniam
1000 764 1112 844 petiit,
1136 773 1171 828 et
1190 766 1287 829 omni
1309 767 1446 831 ratione
1465 767 1502 830 in

269 880 477 936 nostrorum
491 874 646 951 gratiam
658 873 777 936 redire
792 871 967 936 studebat.
983 871 1056 936 Alii
1070 880 1189 936 autem
1204 873 1452 936 catechumeni
1463 891 1502 937 se

176 1052 184 1068 ,
269 979 427 1043 invicem
443 978 723 1042 exhortabantur
738 997 783 1042 ue
798 997 819 1042 a
833 992 999 1059 suscepto
1014 979 1197 1059 proposito
1212 980 1429 1044 christianae
1447 998 1501 1043 re·

273 1085 417 1166 ligionis
431 1083 649 1148 recederent.
665 1085 720 1148 Ex
735 1085 804 1148 alio
819 1085 973 1164 quodam
988 1085 1078 1162 loco,
1096 1085 1156 1166 qui
1176 1085 1389 1150 Manichoba
1410 1086 1502 1150 dice·

272 1193 391 1272 batur,
409 1193 444 1255 in
461 1209 529 1272 quo
545 1192 652 1274 aliqui
667 1191 710 1254 de
725 1191 902 1256 Societate
916 1200 1040 1255 nostra
1054 1192 1283 1256 brasilienses
1297 1211 1388 1273 quae
1403 1193 1502 1258 Chri·

272 1300 319 1363 sti
331 1308 417 1362 sunt
431 1298 639 1376 edocebant,
656 1309 691 1362 et
707 1299 752 1362 ab
767 1299 818 1362 eis
832 1296 953 1378 rejecti
974 1297 1116 1362 fuerant
1138 1300 1158 1378 ¹,
1182 1319 1227 1363 ex
1249 1301 1320 1379 illo,
1343 1301 1500 1381 iuquam,

271 1407 448 1486 perlatum
473 1415 527 1470 est
547 1406 740 1470 maximam
761 1405 918 1484 ipsorum
940 1413 1081 1485 partem
1099 1406 1135 1468 in
1155 1407 1283 1486 gravia
1296 1407 1396 1470 mala
1416 1408 1501 1471 inci·

271 1513 370 1576 'disse
384 1521 419 1576 et
433 1512 507 1577 lere
523 1529 644 1576 omues
659 1529 721 1574 eos
737 1511 877 1574 obiisse.

332 1619 377 1684 Et
391 1618 480 1684 haec
496 1620 539 1682 dc
555 1615 774 1682 Ducatusn
795 1617 987 1682 Vincentii.

570 2247 633 2314 DE
656 2249 887 2314 GOL'LEGIO
909 2249 1207 2315 SALVATORIS

455 2467 495 2514 {IN
518 2466 629 2525 Belin,
653 2467 750 2519 QUAM
773 2467 913 2515 vocaitT
935 2467 1069 2513 OMNIUM
1090 2466 1313 2526 SANOEOEW,

664 2655 723 2701 UBI
745 2655 881 2703 CIVITAS
903 2655 1122 2707 SALVATORIS

548 2846 592 2889 ET
615 2843 811 2888 PRAECIPUA
834 2844 943 2891 SEDES
965 2844 1117 2889 EPISCOPI
1138 2845 1232 2889 ERAT

339 3120 428 3184 1716.
471 3120 509 3184 P.
532 3120 736 3185 Ludovicus
758 3118 800 3181 de
823 3118 945 3183 Grana
966 3118 1126 3199 Collegio
1147 3130 1272 3183 nostro
1292 3132 1456 3199 praeerat
1478 3128 1501 3185 ².

275 3226 393 3293 Etiam
408 3228 467 3291 llle
481 3228 636 3293 fructum
651 3246 695 3291 ex
710 3228 770 3290 illa
786 3227 892 3291 vinea
907 3244 978 3290 non
993 3244 1163 3306 magnum
1173 3228 1293 3307 colligi
1307 3246 1413 3307 posse
1423 3246 1503 3293 cen-

277 3336 390 3414 sebat,
415 3337 625 3418 praesertim
644 3334 738 3415 quod
760 3334 806 3397 ad
825 3332 1058 3397 Brasilienses
1077 3331 1237 3397 liberos⁸
1256 3337 1392 3413 attinet,
1414 3353 1505 3416 quos

275 3442 491 3506 insatiabilis
505 3443 685 3505 vindictae
700 3440 850 3505 affectus
865 3449 1135 3520 excaecaverat,
1152 3442 1189 3504 in
1204 3442 1262 3503 illo
1278 3457 1380 3505 suurn
1394 3443 1503 3505 hono·

176 3590 180 3601 -
269 3565 356 3613 rem
371 3547 630 3612 constituendo.
646 3548 810 3611 Ebrietas
825 3548 931 3611 etiam
945 3547 1041 3609 hunc
1056 3532 1213 3611 furorem
1228 3549 1416 3627 nutriebat,
1432 3558 1504 3613 ute-

269 3654 410 3718 bantur
424 3654 517 3717 enim
532 3655 616 3719 vino
639 3673 684 3718 ex
703 3652 914 3736 quibusdam
937 3651 1116 3717 radicibus
1138 3662 1172 3717 et
1193 3652 1367 3718 fructibus
1389 3656 1504 3718 conie-

279 3770 350 3841 cto,
379 3763 424 3826 ad
445 3761 538 3843 quod
555 3778 666 3841 opera
691 3762 900 3842 puellarum,
928 3760 1094 3842 quamdiu
1116 3761 1275 3840 virgines
1296 3772 1409 3841 erant,
1431 3771 1503 3825 ute·

279 3869 419 3933 bantur:
436 3869 533 3933 vitae
548 3868 717 3932 honestas
732 3877 767 3931 et
782 3868 998 3931 continentia
1013 3876 1152 3930 tantum
1166 3868 1201 3930 in
1217 3866 1416 3947 conjugatis
1432 3886 1505 3931 mu·

280 3976 423 4039 lieribus
439 3976 734 4055 cognoscebatur,
751 3984 785 4038 et
797 3990 840 4038 ne
853 3974 887 4037 id
900 3973 1041 4053 quidem
1054 3974 1176 4052 magni
1187 3974 1376 4038 admodum
1387 3974 1503 4045 fiebat:

280 4091 314 4144 et
329 4082 408 4145 ideo
423 4099 564 4163 puer0S,
581 4083 640 4162 qui
657 4082 744 4145 satis
759 4082 851 4144 bono
868 4081 1012 4160 ingenio
1024 4080 1176 4160 praediti
1189 4090 1301 4158 erant,
1316 4091 1506 4162 antequam

280 4187 381 4251 bellis
402 4198 437 4251 et
453 4188 695 4269 potationibus
715 4196 974 4263 assuescerent,
998 4188 1231 4250 assumendos
1252 4206 1330 4251 esse
1351 4198 1386 4251 et
1407 4206 1429 4251 a
1448 4207 1507 4268 pa-

278 4296 439 4359 rentibus
454 4278 672 4375 separandos
687 4294 724 4358 P.
742 4294 947 4359 Ludovicus
961 4294 1214 4359 arbitrabatur.

343 4400 432 4464 1717.
474 4400 519 4465 Et
534 4402 578 4465 de
593 4401 649 4465 his
665 4403 797 4483 aliquid
813 4402 895 4464 boni
910 4403 1048 4481 sperari
1067 4418 1171 4481 posse
1190 4404 1369 4482 censebat,
1391 4412 1425 4467 et
1445 4404 1505 4479 ita,

322 4606 328 4636 ¹
358 4604 425 4649 Vide
433 4616 521 4659 supra,
531 4612 549 4649 t.
560 4616 597 4657 iv,
607 4616 666 4660 pag.
676 4604 724 4659 613,
736 4618 759 4649 n.
772 4605 832 4655 iiiiii,
843 4612 869 4648 et
878 4614 964 4648 annot.
976 4604 998 4647 3.

320 4679 333 4711 ⁸
359 4678 426 4721 Vide
438 4688 526 4732 supra.
538 4684 556 4721 t.
568 4688 603 4729 tv,
613 4688 673 4731 pag.
683 4677 731 4729 632,
743 4690 766 4721 n.
780 4676 843 4721 1354.

320 4750 331 4779 ⁵
359 4749 465 4795 Scilicet
476 4760 529 4803 eos,
540 4750 582 4802 qui
591 4749 759 4794 lusitanorum
771 4748 879 4793 servitio
891 4750 1033 4804 mancipati
1044 4760 1093 4793 non
1103 4757 1186 4794 erant.
