3717 5400
360 443 421 504 088
822 445 952 504 canoa.
972 445 1049 504 Soc.
1068 445 1140 518 ius.

365 590 510 668 tigrium
534 599 568 652 et
588 589 738 653 aliarum
758 590 951 655 bestiarum
973 591 1138 655 noctibus
1156 591 1191 655 in
1211 608 1337 672 campo
1357 590 1594 663 dormiebant;

362 707 398 760 et
414 707 452 760 ut
467 698 511 761 ab
527 698 594 760 illis
614 698 811 762 securiores
827 709 957 777 essent,
975 699 1103 779 locum,
1120 700 1240 778 inquo
1256 699 1494 776 dormiebant,
1506 697 1594 777 igni·

364 804 430 872 bus
454 805 737 881 circumdabant,
754 816 789 867 et
814 805 921 886 aliqui
946 815 1070 870 eorum·
1083 806 1157 869 suis
1176 805 1394 886 temporibus
1416 823 1478 884 per
1493 805 1596 868 vices

365 911 573 990 vigilabant,
591 921 624 974 et
640 911 830 992 aliquando
842 913 878 976 iu
892 912 962 975 hac
975 912 1261 993 peregrinatione
1272 912 1462 976 frementes
1476 909 1593 990 hujus-

365 1018 462 1082 modi
476 1019 609 1082 bestiae
624 1019 660 1081 in
674 1019 752 1082 loco
767 1035 836 1099 quo
852 1019 1075 1083 dormiebant
1089 1020 1288 1083 audierunt.

425 1124 516 1190 4907.
560 1125 677 1190 Pridie
696 1143 802 1205 quam
822 1123 999 1190 Baream¹
1020 1126 1213 1206 venissent,
1235 1127 1437 1206 quindecim
1458 1137 1519 1189 aut
1542 1125 1594 1190 vi·

365 1233 456 1311 ginti
471 1233 624 1310 lusitani,
642 1234 700 1312 qui
722 1232 860 1296 Baroae
879 1233 1081 1297 residebant
1103 1245 1138 1296 et
1160 1232 1351 1296 adventum
1374 1234 1499 1296 classis
1512 1233 1594 1296 lusi·

367 1343 473 1402 tanae
493 1341 741 1419 expectabant,
763 1349 801 1402 ut
820 1341 982 1403 securius
1002 1341 1039 1403 in
1058 1340 1195 1404 Indiam
1214 1341 1443 1420 navigarent,
1464 1341 1597 1403 nostris

365 1457 611 1520 occurrerunt,
627 1458 662 1510 et
677 1449 790 1510 mulas
806 1447 939 1528 aliquot
950 1447 1049 1528 prius
1060 1448 1204 1512 obviam
1215 1448 1386 1512 miserunt
1397 1465 1479 1510 cum
1492 1447 1593 1522 cibis,
1660 1435 1666 1444 ’

365 1555 613 1618 intellexerant
633 1555 726 1626 enini
741 1571 848 1634 quam
868 1553 922 1617 liis
945 1555 1103 1619 destituti
1122 1556 1235 1619 nostri
1253 1565 1287 1618 et
1307 1570 1430 1618 eorum
1449 1555 1597 1618 comites

363 1671 500 1738 essent,
523 1662 582 1741 qui
604 1661 667 1723 vix
685 1659 758 1740 jam
779 1659 944 1724 incedere
961 1675 1049 1742 prae
1069 1661 1249 1725 debilitate
1268 1670 1443 1742 poterant.
1463 1660 1595 1740 Magno

364 1776 486 1831 autem
501 1785 581 1831 cum
594 1768 727 1847 gaudio
743 1768 879 1846 gratias
898 1769 1055 1848 agebant
1073 1770 1218 1832 lusitani
1231 1769 1321 1848 De0,
1340 1768 1435 1849 quod
1453 1777 1595 1831 nostros
1681 1749 1689 1762 ⁶

367 1875 413 1938 ad
428 1877 586 1956 ipsorum
601 1877 739 1939 animas
751 1875 935 1944 'curandas
948 1894 991 1939 eo
1005 1876 1221 1940 deduxisset.

430 1981 517 2054 1908„
562 1981 645 2045 Post
671 1993 822 2063 quatuor
843 1981 918 2046 dies
944 1992 1182 2063 pervenerunt
1206 1983 1360 2047 Baroam
1385 1983 1489 2045 simul
1513 1999 1594 2045 cum

368 2089 540 2152 lusitanis.
557 2088 620 2151 Est
636 2098 753 2152 autem
764 2106 811 2166 ,ea
826 2088 956 2152 civitas
969 2090 1139 2169 primaria
1157 2090 1194 2153 in
1212 2089 1399 2171 provincia
1419 2088 1557 2168 Tygrai
1569 2085 1593 2168 ⁸,

368 2197 486 2277 inqua
501 2194 574 2259 fere
589 2175 727 2275 sen'iper
744 2196 873 2258 residet
886 2194 962 2274 ejus
974 2195 1155 2275 PrincepS,
1171 2196 1230 2276 qui
1246 2196 1372 2260 dicitur
1384 2193 1593 2274 BernagaiS,

370 2303 463 2384 quod
481 2319 610 2366 nomen
630 2301 806 2381 significat
826 2301 953 2366 ducem
972 2313 1035 2367 aut
1052 2318 1174 2381 regem
1194 2303 1315 2380 maris,
1338 2302 1430 2382 quod
1449 2301 1532 2364 inde
1544 2301 1595 2363 vi·

369 2411 458 2491 ginti
473 2411 583 2473 leucis
598 2409 784 2472 distatlbi
800 2410 927 2489 viginti
950 2409 1025 2473 dies
1040 2409 1249 2473 commorati
1263 2420 1357 2486 sunt,
1373 2409 1432 2470 ubi
1446 2407 1485 2470 P.
1502 2407 1595 2472 Gon·

369 2521 493 2580 zalvus
514 2517 667 2597 quinque
688 2517 924 2580 lusitanorum
945 2517 1185 2580 consessiones
1205 2515 1354 2594 audivit,
1375 2516 1434 2595 qui
1453 2514 1596 2594 quinde-

367 2625 439 2688 cim
451 2625 553 2688 annis
569 2623 827 2693 confessarium
842 2624 972 2688 habere
987 2641 1059 2687 non
1073 2633 1273 2705 potuerant.

322 2722 332 2741 ⁰
433 2730 520 2795 1909.
564 2732 643 2795 Non
663 2732 861 2811 probabant
881 2741 1000 2795 autem
1023 2732 1205 2812 aethiopes
1225 2732 1364 2794 incolae
1386 2729 1480 2811 quod
1498 2746 1598 2793 occa·

371 2840 425 2901 sio
440 2839 613 2920 peccandi
631 2839 674 2901 ab
687 2840 739 2902 eis
755 2848 998 2902 removeretur
1012 2847 1047 2902 et
1065 2838 1225 2905 solebant
1243 2838 1346 2918 quasi
1364 2838 1401 2900 in
1420 2835 1597 2916 proverbii

373 2946 517 3009 modum
532 2946 668 3009 dicere:
688 2945 736 3007 “O
753 2963 859 3025 quam
874 2946 989 3008 malus
1008 2944 1203 3008 monachus
1223 2955 1277 3007 est
1296 2944 1373 3023 iste,
1396 2944 1457 3024 qui
1475 2959 1598 3007 omnes

370 3054 448 3115 vult
473 3052 590 3116 lacere
611 3052 836 3130 monachos,
864 3051 953 3115 Cum
978 3052 1120 3115 lusitani
1146 3052 1401 3114 intellexissent
1420 3049 1513 3130 quod
1537 3066 1595 3113 no·

368 3160 436 3223 stri
450 3161 585 3223 nullum
600 3160 769 3221 viaticum
786 3160 917 3223 ferrent
933 3158 1044 3237 (missi
1059 3160 1153 3223 enim
1167 3159 1308 3222 fuerant
1318 3176 1364 3221 ex
1374 3158 1472 3221 India
1484 3175 1505 3221 a
1515 3156 1598 3221 Pro-

371 3283 456 3346 rege
472 3268 547 3330 sine
562 3268 634 3329 ullo
650 3276 862 3345 commeatu,
879 3276 1021 3346 praeter
1036 3282 1144 3347 quam
1157 3264 1354 3333 communis
1368 3265 1472 3345 panis
1486 3264 1599 3359 bisco·

370 3376 398 3438 ti
411 3374 446 3453 ⁸),
464 3375 555 3437 inter
569 3391 608 3437 se
625 3377 871 3452 eleemosynas
887 3373 1123 3451 contulerunt,
1140 3388 1183 3437 ac
1198 3375 1312 3435 mulas
1322 3382 1494 3451 emerunt,
1507 3390 1599 3453 quae

412 3600 422 3633 ¹
450 3598 479 3642 iu
495 3599 627 3643 veteribus
644 3598 744 3641 chartis
759 3596 866 3651 Burva,
880 3598 948 3653 apud
963 3596 1204 3641 Tutin-Ammoi
1220 3596 1352 3645 Debaroa
1373 3596 1398 3641 iu
1412 3596 1600 3641 recentioribus

374 3670 509 3724 Dobaraa,
523 3672 598 3714 “urbs
615 3670 728 3715 Africae.
748 3670 773 3713 in
790 3669 931 3723 Aethiopia
947 3652 1074 3724 superiori
1089 3680 1135 3712 seu
1150 3669 1292 3724 Abyssinia
1303 3676 1329 3711 et
1343 3679 1424 3720 regno
1439 3668 1599 3722 Burnagassl

369 3742 531 3788 internubes
547 3741 707 3785 Chaxumum
722 3750 748 3784 ct
764 3740 899 3787 Ercocum.
913 3741 986 3784 iuxta
1000 3740 1134 3783 ilarabum
1149 3741 1263 3794 llus-ium,
1276 3740 1369 3794 vixque
1379 3740 1407 3782 70
1421 3740 1573 3785 milliaribus
1582 3752 1601 3783 a

371 3814 436 3875 Muri
447 3814 559 3866 Rubro„
569 3813 711 3857 Bauonaun
723 3814 747 3856 in
758 3813 932 3857 additionibus
941 3813 975 3856 ud
985 3810 1101 3875 Lexiccu
1112 3810 1238 3855 Feuaaar.

412 3887 423 3919 ¹
450 3886 550 3941 “Tigre
566 3884 653 3937 Tigra,
663 3896 770 3938 regnum
781 3884 887 3928 Africae
898 3892 924 3927 el
934 3895 996 3939 par<
1010 3885 1084 3937 regni
1093 3884 1291 3941 Abyssinorum,
1306 3884 1378 3927 cuins
1389 3884 1495 3936 Prorex,
1511 3884 1599 3937 Tigre·

372 3954 470 4000 malton
485 3942 581 4008 dictus,
596 3966 685 3999 ansam
700 3955 820 4009 praebuit
835 3955 918 3998 errori
934 3956 1121 4004 nonnullorum,
1137 3955 1180 4009 qul
1200 3954 1377 4007 Tigremairon
1392 3957 1567 3999 distinxerunt
1582 3967 1599 3999 ι

370 4040 451 4083 regno
466 4028 488 4072 Τ
486 4028 551 4081 igni.
564 4026 613 4071 Sed
625 4038 706 4081 neque
716 4036 823 4081 regnum
834 4025 993 4081 Bamagaesl
1003 4028 1036 4070 ab
1046 4026 1096 4070 lioc
1109 4026 1231 4081 distingui
1246 4027 1331 4080 debet,
1345 4029 1391 4071 iiia
1406 4028 1500 4082 quippe
1515 4027 1600 4082 portio

371 4101 444 4155 regni
455 4100 558 4165 Tbrrue,
571 4110 636 4153 quae
647 4098 712 4143 sinui
724 4098 839 4142 Arabico
852 4104 891 4141 est
909 4099 1001 4146 uicina.
1012 4099 1049 4141 sic
1064 4100 1219 4152 appellatur,
1235 4105 1301 4141 teste
1312 4098 1468 4149 Hieronymo
1478 4098 1551 4152 Lupo
1563 4101 1599 4141 lu-

367 4172 456 4217 sitano
470 4172 496 4215 lu
508 4182 556 4215 uuo
570 4181 647 4223 opere
657 4170 688 4213 de
704 4170 802 4223 origine
813 4168 865 4214 Nili
880 4170 952 4214 fluvii
967 4176 993 4212 et
1007 4170 1039 4213 de
1049 4170 1189 4225 Aethiopia
1204 4172 1342 4223 superiori,
1353 4172 1395 4215 ubl
1406 4183 1452 4226 per
1467 4170 1601 4216 duodecim

368 4254 451 4289 anuos
461 4250 635 4287 commoratus
645 4250 693 4296 est,
704 4242 770 4297 quod
780 4252 848 4286 auno
861 4242 912 4285 1660
922 4241 1067 4286 Bulubaear'
1073 4242 1161 4287 Tellus
1169 4244 1266 4297 publici
1276 4244 1339 4287 iuria
1347 4243 1409 4287 iecit
1422 4244 1602 4287 Conimbrlcae

368 4322 398 4359 et
409 4321 499 4369 poetes
513 4313 644 4358 latinitate
655 4314 763 4358 donavit
774 4313 907 4363 Vossius..
917 4313 1068 4364 Baunuaun,
1079 4315 1096 4356 l.
1107 4326 1128 4357 c.

412 4386 423 4419 ³
450 4384 591 4441 Hispanico
602 4386 730 4435 bi'acocho,
740 4386 879 4430 lusitanice
889 4386 1015 4429 lisconio.
1026 4384 1092 4428 “Pau
1103 4386 1135 4429 do
1143 4396 1208 4440 mur,
1219 4386 1372 4430 chumaolbe
1382 4387 1503 4431 ussindo
1513 4386 1602 4431 Lutim

371 4458 431 4511 Bis,
441 4458 511 4501 duas
521 4466 608 4509 venes,
619 4468 632 4500 c
643 4457 674 4500 de
686 4456 787 4510 Coetus,
797 4458 895 4510 rosido,
904 4468 978 4501 como
989 4467 1064 4511 quern
1078 4457 1179 4502 dleaera
1190 4457 1245 4501 Puo
1254 4459 1413 4503 duasveus
1423 4434 1520 4505 coxida.
1531 4458 1602 4503 Peru

304 4517 312 4535 ⁸
369 4540 402 4573 ae
417 4539 548 4583 pequenes
564 4528 672 4583 viagens
687 4540 714 4572 se
730 4541 789 4573 coze
803 4530 868 4574 duas
879 4540 956 4572 vezes
966 4540 981 4571 o
995 4527 1127 4579 Biecouto,
1138 4540 1152 4571 e
1163 4538 1256 4583 quatro
1268 4541 1342 4573 vezes
1357 4540 1423 4585 para
1433 4540 1463 4573 es
1478 4530 1600 4583 mundes.

372 4600 458 4645 Panis
468 4600 599 4645 biscocius
608 4610 635 4643 se
646 4600 714 4644 acha
724 4606 796 4644 ueste
807 4599 908 4643 sentldo
919 4611 960 4644 enu
969 4601 1063 4654 altune
1073 4600 1214 4653 Authoreu,
1222 4604 1335 4644 maenio
1344 4600 1474 4645 Classicus
1481 4599 1597 4645 Latinos.

370 4671 412 4714 Na
423 4670 492 4715 Vide
506 4670 537 4714 de
548 4670 600 4715 San
616 4670 748 4716 Bernardo
759 4672 799 4717 diz
811 4670 966 4727 Guiluelme,
976 4670 1052 4717 Sicut
1065 4672 1162 4723 soient,
1174 4672 1222 4726 qut
1231 4675 1320 4715 maria
1335 4674 1480 4715 transeunt
1495 4678 1596 4727 panem
