3717 5400
802 511 866 573 Au.
889 513 960 570 1555
1461 508 1495 571 19

257 657 384 737 puncti
403 666 495 733 sunt,
515 666 554 719 ut
573 657 694 736 iniquo
715 657 773 718 illo
794 657 913 719 animo
936 656 1108 736 deposito,
1137 656 1182 718 ad
1206 656 1359 719 studium
1387 657 1494 736 longe

260 766 388 827 melius
404 781 481 826 sese
497 764 749 839 converterint,
767 772 801 824 et
817 763 861 825 ad
875 761 1132 825 consessionem
1144 772 1272 826 octavo
1284 779 1424 843 quoque
1438 761 1495 826 die

258 879 299 934 et
312 865 581 933 Sanctissimam
596 869 858 932 Eucharistiam
869 869 1076 931 sumendam
1088 885 1167 930 sese
1179 869 1447 932 convertebant:
1460 881 1496 932 et

262 978 324 1057 qui
335 975 433 1056 prius
445 976 653 1038 mordebant
664 974 888 1038 Societatem.
901 972 977 1052 ejus
988 991 1184 1054 praecones
1195 987 1276 1037 sunt
1289 973 1417 1053 effecti3
1430 993 1496 1039 nec

259 1083 438 1155 sodalium
453 1081 602 1145 dicteria
619 1081 901 1158 reformidantes
919 1081 1009 1143 alios
1024 1080 1070 1142 ad
1085 1081 1253 1143 virtutem
1278 1091 1312 1143 et
1327 1081 1497 1160 pietatem

260 1189 503 1252 stimulabant.
521 1188 601 1252 Fuit
616 1197 651 1250 et
663 1188 818 1267 quidam,
832 1197 1057 1266 qu1nostt08,
1071 1187 1100 1249 si
1112 1187 1255 1266 quando
1268 1184 1370 1265 juxta
1382 1186 1497 1266 ipsius

260 1297 408 1359 domum
422 1295 627 1371 transirent,
644 1293 896 1357 scommatibus
912 1305 946 1356 et
961 1294 1138 1356 interdum
1154 1295 1326 1357 conviciis
1343 1295 1495 1358 incesse·

263 1401 337 1466 bat:
355 1402 385 1464 is
399 1419 510 1482 usque
527 1402 615 1464 adeo
628 1411 783 1463 mutatus
796 1410 881 1462 esta
894 1399 1058 1476 Domino,
1075 1411 1112 1462 ut
1127 1397 1297 1463 Societati
1308 1418 1387 1462 sese
1400 1400 1497 1466 addi·

262 1508 356 1572 xerit
372 1519 406 1572 et
422 1509 458 1571 in
473 1525 552 1571 eam
568 1509 613 1570 sit
633 1507 819 1570 admissus,

325 1615 375 1677 26.
418 1615 552 1678 Eodem
567 1624 726 1694 tempore
745 1613 815 1676 viri
829 1614 973 1692 quidam
988 1614 1147 1694 primarii
1171 1634 1192 1677 a
1212 1613 1250 1678 P.
1274 1614 1412 1694 ignatio
1434 1616 1497 1678 im·

265 1733 452 1803 petrarunt
467 1731 505 1785 ut
520 1723 556 1784 in
571 1723 701 1801 templo
717 1719 777 1784 S.²¹
789 1719 893 1797 Celsi,
911 1733 1150 1784 mercatorum
1165 1723 1296 1784 civium
1319 1731 1353 1783 et
1368 1723 1497 1784 aulico·

262 1846 346 1893 rum
365 1827 563 1908 frequentia
589 1829 730 1908 celebri,
754 1846 954 1892 sermonem
979 1826 1124 1891 Domini
1147 1829 1182 1890 in
1204 1840 1322 1891 monte
1342 1829 1499 1890 declara·

264 1946 323 1999 ret
339 1937 359 2012 ¹;
376 1935 470 2015 quod
485 1953 528 1997 ne
543 1935 704 1998 homines
718 1936 936 2015 ignorarent,
960 1934 1280 2017 Justinopolitanus
1302 1935 1499 2015 Episcopus

265 2040 412 2106 Ordinis
428 2040 486 2104 Sil
505 2040 695 2119 Dominici,
712 2042 863 2105 eximius
878 2042 1111 2104 concionator
1122 2039 1146 2117 ¹,
1162 2042 1199 2103 in
1213 2041 1500 2121 frequentissimo

263 2167 413 2214 suorum
429 2149 631 2212 auditorum
652 2158 830 2211 conventu
851 2148 887 2211 id
907 2148 1159 2228 promulgavit:
1184 2157 1219 2210 et
1240 2165 1321 2211 cum
1344 2148 1389 2211 ad
1413 2165 1500 2212 oves

264 2273 352 2319 suas
363 2257 562 2336 pascendas
576 2256 689 2320 iturus
701 2269 806 2335 esset,
820 2256 866 2319 ad
880 2256 975 2319 hunc
986 2256 1272 2318 concionatorem
1286 2255 1499 2320 audiendum

264 2379 354 2426 suos
368 2373 421 2425 est
436 2362 646 2426 adhortatus
661 2364 704 2427 de
723 2362 900 2427 Societate
916 2373 1039 2425 nostra
1054 2363 1165 2425 multa
1181 2362 1299 2424 verbis
1320 2363 1501 2426 sanctissi-

267 2471 339 2532 mis
354 2469 486 2533 dicens.
504 2469 570 2532 Hic
585 2471 643 2532 ille
658 2480 722 2549 est,
739 2487 843 2550 quem
864 2471 974 2548 vulgo
999 2469 1027 2530 Τ
1026 2467 1255 2530 odesclrr'num
1275 2469 1456 2532 vocabant
1477 2467 1500 2550 ³3

264 2585 304 2638 et
320 2575 482 2656 quamvis
497 2587 617 2639 aestus
632 2578 887 2640 canicularium
902 2591 1062 2656 tempore
1076 2576 1243 2654 saeviret;
1260 2577 1434 2656 frequenti
1450 2585 1501 2640 ta·

267 2700 351 2746 men
362 2693 396 2746 et
407 2683 517 2747 nobili
528 2683 704 2747 auditorio
717 2683 810 2765 apud
822 2681 885 2747 Sa
896 2682 1038 2747 Celsum
1049 2701 1113 2746 suo
1121 2700 1266 2746 munere
1281 2682 1422 2747 functus
1434 2693 1499 2749 est.

267 2788 413 2854 Tertius
428 2792 536 2854 etiam
550 2792 781 2855 concionator
796 2792 889 2871 apud
902 2790 1070 2870 Virgines
1084 2792 1264 2870 orphanas
1279 2789 1363 2853 ΞΜ
1374 2790 1503 2855 Catha-

270 2898 372 2961 rinae
385 2895 399 2927 ⁴
412 2898 647 2961 Ecclesiastes
662 2914 808 2961 munere
822 2897 921 2976 iungi
937 2897 1064 2977 coepit,
1080 2914 1146 2959 nec
1162 2897 1276 2959 solum
1287 2908 1415 2975 gratus
1426 2898 1502 2978 fuit,

268 3004 336 3067 sed
360 3014 398 3066 ut
420 3006 666 3083 eleemosynas
686 3005 807 3082 largas
827 3004 859 3066 ei
879 3003 1048 3066 coenobio
1068 3004 1248 3066 auditores
1267 3004 1504 3083 elargirentur

270 3128 382 3175 causa
399 3111 477 3174 suit.

333 3216 385 3281 27.
428 3216 500 3280 Alii
515 3235 560 3281 ex
575 3218 707 3280 nostris
723 3219 936 3298 complureS,
953 3217 1099 3279 aestivis
1114 3217 1169 3279 his
1184 3217 1382 3294 mensibus,
1398 3216 1504 3279 divisi

270 3341 337 3405 per
355 3322 463 3387 Urbis
484 3340 660 3399 carceres
684 3324 825 3386 vinctos
845 3333 879 3385 et
899 3324 1123 3386 diversorum
1143 3324 1331 3385 criminum
1351 3339 1432 3386 reos
1457 3322 1504 3385 ad

271 3432 481 3511 patientiam
496 3443 530 3494 et
545 3430 801 3511 poenitentiam
816 3430 1058 3508 hortabantur,
1076 3440 1110 3492 et
1129 3447 1263 3508 eorum,
1285 3429 1413 3510 quibus
1428 3446 1505 3509 per·

270 3554 419 3600 suasum
435 3538 470 3601 id
484 3548 573 3615 erat,
591 3537 833 3601 consessiones
849 3536 1050 3611 audiebant,
1068 3536 1193 3616 quibus
1216 3548 1251 3599 et
1269 3536 1399 3599 Missas
1418 3538 1506 3600 cele·

271 3644 380 3707 brare
395 3654 428 3707 et
444 3662 585 3707 sacram
601 3642 761 3724 Synaxin
775 3642 977 3706 ministrare
993 3642 1231 3706 instituerunt:
1247 3655 1282 3705 et
1304 3643 1506 3722 praefectus

273 3750 383 3816 Urbis
391 3750 507 3831 (quem
518 3751 798 3829 gubernatorem
811 3750 953 3827 vocant)
966 3748 1122 3812 ³aditum
1131 3749 1176 3812 ad
1186 3748 1385 3828 hujusmodi
1397 3750 1507 3813 homi·

272 3876 338 3921 nes
353 3874 492 3935 semper
507 3867 628 3936 patere
639 3854 755 3935 jussit,
773 3866 807 3919 et
822 3874 912 3935 quae
928 3856 973 3919 ad
989 3873 1113 3919 eorum
1126 3856 1343 3935 pertinerent
1356 3860 1507 3921 salutem

316 4098 323 4128 ¹
354 4096 400 4141 llis
411 4096 515 4140 Polancl
528 4098 615 4140 verbis
625 4098 681 4141 erui
693 4096 797 4141 videtur
807 4098 890 4152 lpsum
900 4096 1030 4151 Ignatium
1040 4097 1065 4140 in
1076 4098 1173 4151 templo
1184 4096 1273 4140 sancti
1284 4097 1353 4141 Celsi
1371 4110 1437 4142 nunc
1447 4111 1509 4144 con·

269 4168 434 4215 cionatorem
446 4169 536 4222 egisse,
546 4169 591 4212 sed
602 4169 623 4211 sl
633 4168 671 4211 ita
684 4176 732 4223 est,
744 4168 843 4213 nonnisi
854 4170 961 4223 speciali
975 4168 1024 4212 Dei
1035 4168 1101 4211 dono
1118 4168 1282 4213 tribuendum
1298 4178 1345 4220 est;
1361 4171 1426 4214 adeo
1441 4172 1509 4217 enlm

270 4240 361 4283 fracta
372 4244 430 4282 erat
441 4251 471 4283 eo
482 4246 596 4293 tempore
614 4238 710 4293 Ignatii
727 4240 858 4291 valetudo,
872 4246 901 4283 ut
916 4246 990 4283 tanto
1001 4239 1107 4283 ferendo
1123 4240 1205 4283 leborl
1217 4242 1299 4295 impar
1311 4244 1413 4286 omnino
1429 4244 1509 4288 iulsse

271 4310 405 4355 videatur.
416 4310 469 4353 Nec
479 4310 572 4354 referri
581 4321 655 4365 posse
665 4322 751 4354 sermo
763 4311 867 4354 videtur
876 4310 909 4354 ad
919 4310 1086 4355 Benedictum
1096 4310 1231 4363 Palmum,
1241 4324 1302 4355 nam
1312 4323 1450 4367 postquam
1464 4315 1513 4359 Be·

271 4382 370 4426 nedicti
381 4394 469 4437 snpra,
481 4391 506 4427 et
517 4382 559 4426 hic
569 4382 645 4437 hujus
653 4384 687 4426 sd
700 4382 726 4427 S.
743 4382 845 4426 Celsum
860 4384 1049 4427 concionatoris
1063 4383 1219 4426 mentionem
1236 4384 1299 4427 iecit
1318 4385 1455 4440 Poloncus,
1472 4387 1511 4431 eit

267 4454 353 4499 inira:
370 4452 476 4497 Tertius
487 4455 570 4497 eiiam
581 4456 775 4498 concionator...

318 4526 329 4555 ²
358 4522 628 4569 Fr.ThomasStella.

320 4594 331 4625 ³
359 4594 425 4639 Vide
435 4606 524 4651 supra,
536 4602 554 4639 t.
565 4606 605 4650 tu,
616 4608 676 4651 pag.
689 4597 736 4651 142,
747 4608 772 4640 n.
783 4598 832 4640 286.

320 4666 331 4697 ⁴
360 4664 473 4719 Scilicet,
482 4669 508 4711 ln
518 4670 675 4713 monasterio
687 4668 798 4716 Sanctae
810 4668 967 4714 catherinae
979 4670 1021 4713 de'
1032 4671 1144 4715 Funari.

321 4736 334 4768 ὅ
364 4735 388 4781 ls
398 4743 453 4781 toto
463 4739 512 4783 hoc
523 4750 590 4783 enno
600 4752 616 4784 a
626 4741 793 4785 coronatione
802 4740 875 4785 Pauli
884 4740 919 4784 IV
929 4742 977 4785 init
989 4740 1073 4797 Scipio
1085 4741 1350 4795 Rebiba,hiotnlensis
1359 4744 1513 4798 Episcopus.
