3717 5400
364 458 422 517 432
822 456 951 517 ennox.
972 457 1050 517 Soc.
1072 460 1141 529 jus.

366 620 440 681 gna
453 603 697 665 consolatione
713 602 915 680 audiebant;
933 601 1177 667 confessiones
1192 605 1298 668 etiam
1317 603 1520 685 frequenter
1540 622 1597 666 au·

365 710 565 787 diebantur,
582 720 617 773 et
631 712 662 773 si
676 710 765 773 satis
780 712 879 773 multi
894 710 1104 774 confessarii
1122 712 1235 775 nostri
1251 713 1409 789 luissent,
1425 722 1521 775 totus
1537 729 1597 791 po-

367 819 471 896 pulus
484 818 618 880 nostris
632 828 783 895 peccata
798 818 1027 881 consessurus
1042 819 1241 882 videbatur.

431 924 519 987 1156.
563 923 740 1003 Quamdiu
754 938 876 986 autem
896 923 934 986 P.
953 924 1184 989 Bustamante
1203 926 1332 989 ibidem
1347 934 1512 989 versatus
1530 936 1594 1003 est,

366 1032 452 1094 vivo
464 1033 627 1112 exemplo
637 1032 847 1095 humilitatis
858 1050 902 1094 ac
913 1032 1129 1111 reliquarum
1141 1033 1313 1096 virtutum
1325 1033 1595 1111 magnaeomni·

366 1140 433 1202 bus
444 1141 576 1202 nostris
587 1138 824 1203 aedificationi
835 1150 924 1216 erat;
934 1149 969 1201 et
980 1142 1145 1219 quamvis
1156 1140 1314 1203 externis
1325 1141 1596 1203 concionibuset

366 1247 572 1311 domesticis
583 1248 672 1309 satis
681 1257 775 1309 esset
786 1256 994 1326 occupatus,
1011 1247 1239 1311 nihilominus
1251 1248 1296 1311 ad
1309 1266 1363 1326 ea,
1378 1265 1470 1328 quae
1481 1247 1596 1310 subdi·

365 1355 412 1417 tis
427 1356 642 1435 imponebat,
667 1354 824 1417 omnium
844 1355 981 1434 primus
997 1372 1123 1418 manus
1138 1354 1369 1431 admovebat;
1392 1365 1426 1417 et
1447 1356 1496 1419 ita
1511 1354 1596 1417 nulli

365 1479 480 1541 grave
493 1479 583 1525 onus
597 1461 797 1539 videbatur,
813 1462 873 1523 cui
883 1463 1021 1541 primus
1032 1461 1199 1524 humeros
1215 1461 1424 1541 subjiciebat
1439 1463 1596 1541 ipsorum

366 1566 578 1648 praefectus
595 1581 630 1631 et
649 1570 685 1631 in
700 1567 766 1646 his,
783 1585 876 1649 quae
888 1568 934 1631 ad
955 1568 1229 1646 abnegationem
1249 1569 1415 1649 propriae
1437 1570 1595 1631 volunta·

366 1677 413 1738 tis
426 1676 661 1756 pertinebant,
679 1675 850 1756 peculiari
865 1692 953 1737 cura
970 1692 1093 1739 omnes
1105 1676 1375 1753 exercebantur3
1392 1676 1477 1739 etin
1493 1693 1596 1739 voca·

365 1784 461 1845 tione
482 1782 627 1845 stabiles
651 1796 764 1857 erant,
790 1783 911 1859 immo,
928 1784 960 1845 si
982 1784 1062 1863 quis
1081 1784 1218 1863 aliquas
1238 1784 1452 1846 tentationes
1471 1799 1597 1862 passus

364 1900 471 1968 esset,
485 1891 530 1952 ab
545 1890 596 1951 eis
611 1889 753 1952 liberari
766 1891 801 1952 in
813 1890 881 1951 hac
894 1890 1000 1953 domo
1013 1890 1233 1969 probationis
1245 1891 1394 1953 solebat·
1410 1889 1478 1967 Qui
1489 1890 1595 1953 etiam

366 2014 493 2076 pamm
507 1996 608 2058 firma
622 1995 763 2060 fuerant
787 1995 1000 2073 valetudine,
1017 2014 1097 2059 eam
1116 1997 1386 2074 confirmabant;
1409 1996 1482 2073 sed,
1503 1996 1595 2075 quod

365 2103 511 2183 majoris
528 2105 699 2167 momenti
721 2112 786 2179 est,
809 2104 869 2183 qui
889 2104 982 2166 inter
1005 2105 1209 2167 saeculares
1230 2104 1384 2183 majores
1403 2104 1544 2167 fuerant
1562 2112 1597 2166 et

367 2210 492 2291 majori
507 2212 543 2273 in
554 2212 668 2291 pretio
683 2210 805 2287 habiti,
823 2214 858 2273 in
873 2211 1072 2274 humilitate
1087 2212 1204 2289 magis
1216 2210 1458 2291 proficiebant;
1476 2220 1510 2273 et
1523 2220 1596 2272 tan·

367 2334 442 2381 tum
460 2318 713 2381 consolationis
733 2336 755 2379 a
773 2318 927 2381 Domino
949 2319 1000 2380 eis
1021 2318 1252 2393 tribuebatur,
1275 2328 1313 2381 ut
1333 2319 1395 2381 vix
1419 2318 1504 2380 illud
1518 2334 1597 2397 pos·

366 2437 445 2488 sent
458 2425 650 2503 explicare.
666 2425 721 2487 De
737 2425 983 2487 humilioribus
997 2436 1033 2487 et
1049 2424 1164 2503 magis
1179 2426 1307 2487 laceris
1322 2425 1480 2487 vestibus
1496 2436 1530 2487 et
1545 2422 1593 2486 ol-

366 2534 457 2595 liciis
472 2530 721 2610 abjectioribus
736 2532 952 2594 certabatur.

429 2638 515 2701 1157.
560 2636 653 2701 Inter
668 2638 771 2715 alioS,
789 2638 858 2701 alio
877 2639 976 2702 venit
996 2637 1057 2701 DJ
1072 2638 1257 2702 Saavedra
1279 2637 1300 2718 ¹,
1322 2640 1382 2719 qui
1400 2641 1500 2720 prius
1521 2639 1593 2720 qui·

365 2746 446 2809 dem
461 2755 546 2808 vota
561 2744 752 2808 Societatis
770 2746 938 2809 emiserat
958 2744 981 2824 ¹,
1000 2746 1062 2808 sed
1078 2747 1115 2808 in
1129 2745 1344 2810 Societatem
1361 2747 1517 2810 nondum
1538 2745 1596 2808 ad·

368 2853 496 2917 missus
510 2861 599 2932 erat,
616 2863 651 2915 et
665 2862 704 2915 ut
718 2853 755 2916 id
769 2853 978 2934 impetraret
990 2871 1010 2916 a
1023 2853 1061 2914 P.
1075 2852 1270 2916 Francisco
1283 2853 1470 2934 Compluto
1484 2871 1596 2917 reces-

366 2970 474 3036 serat,
496 2970 531 3023 et
550 2959 675 3023 decem
693 2959 818 3023 diebus
838 2970 899 3022 aut
919 2948 1121 3036 duodecim,
1143 2961 1270 3040 quibus
1290 2961 1419 3024 ibidem
1444 2961 1524 3036 fuit,
1552 2961 1597 3024 ad

366 3078 547 3148 stuporem
560 3085 669 3148 usque
691 3067 973 3130 aedificationem
990 3067 1070 3130 inde
1091 3071 1208 3130 retulit
1228 3080 1263 3131 et
1284 3069 1531 3132 Vallisoletum
1551 3069 1597 3132 ad

366 3175 509 3239 Patrem
520 3176 753 3239 Franciscum
768 3176 938 3254 perrexit,
957 3193 978 3237 a
993 3192 1064 3254 quo
1080 3175 1319 3238 admittendus
1334 3186 1422 3238 erat.

429 3281 516 3344 1158.
560 3282 639 3345 Huc
656 3282 785 3345 missus
799 3281 864 3343 luit
876 3280 1093 3345 Salmantica
1107 3281 1150 3344 D.
1167 3282 1414 3345 Ferdinandus
1426 3282 1544 3344 Tellus
1557 3290 1595 3344 ut

366 3407 389 3451 a
409 3389 607 3453 studiorum
626 3389 746 3451 labore
766 3389 1025 3468 conquiescens
1046 3388 1174 3450 ibidem
1196 3389 1401 3468 aliquandiu
1420 3390 1455 3452 in
1474 3388 1597 3468 proba·

366 3496 519 3559 tionibus
531 3513 570 3558 se
581 3504 765 3558 exerceret
775 3493 797 3559 ³.
810 3494 879 3558 Sed
891 3504 925 3558 et
938 3494 976 3557 P.
993 3494 1169 3558 Antonius
1180 3496 1224 3558 de
1239 3495 1403 3559 Cordoba
1420 3497 1546 3559 mirum
1562 3497 1598 3558 in

364 3603 510 3665 modum
529 3603 623 3665 hanc
643 3603 788 3665 domum
806 3602 980 3683 probabat
1002 3612 1037 3665 et
1056 3603 1092 3664 in
1112 3621 1155 3664 ea
1174 3604 1284 3666 multo
1304 3605 1467 3666 libentius
1491 3578 1608 3683 quam*

364 3708 618 3787 Salmanticae,
635 3723 674 3771 ut
688 3710 863 3790 spirituali
877 3709 1052 3788 profectui
1063 3719 1222 3787 vacaret,
1236 3727 1380 3773 manere
1395 3711 1561 3790 elegisset
1572 3707 1594 3772 ⁴.

429 3816 517 3878 1159.
561 3817 749 3880 Admissus
764 3815 894 3879 ibidem
909 3825 963 3879 est
977 3817 1034 3879 vir
1050 3816 1193 3896 quidam
1208 3816 1345 3894 nobilis,
1362 3817 1407 3879 D.
1419 3816 1595 3898 Josephus

367 3922 411 3985 de
425 3923 606 4002 Guevara,
623 3923 683 4003 qui
698 3922 885 4000 theologus
905 3933 982 3986 erat
998 3931 1033 3985 et
1051 3922 1291 3988 Salmanticae
1311 3941 1457 4003 operam
1472 3923 1598 3986 litteris

367 4028 526 4093 dederat.
553 4029 661 4093 Pater
682 4039 802 4093 autem
823 4028 1038 4093 Franciscus
1058 4040 1244 4109 tantopere
1265 4029 1358 4093 hanc
1379 4029 1598 4110 probationis

366 4137 511 4200 domum
523 4137 691 4216 diligebat
706 4147 744 4199 ut
758 4153 862 4200 suum
875 4136 1042 4200 allectum
1056 4137 1239 4217 explicans
1253 4138 1388 4201 diceret
1409 4137 1503 4201 banc
1520 4154 1598 4200 esse

367 4261 545 4324 gemmam
570 4242 770 4323 Societatis
793 4244 957 4325 quodque
978 4245 1009 4307 si
1025 4245 1136 4324 ipsius
1156 4261 1218 4306 cor
1239 4245 1448 4324 aperiretur,
1470 4245 1599 4307 ibidem

409 4482 418 4514 ¹
447 4482 546 4526 Doctor
555 4483 753 4537 complutensis,
764 4483 859 4526 Petrus
869 4483 900 4526 de
911 4482 1056 4527 Sunvedrn.

410 4553 422 4585 t
448 4553 494 4598 Mu.
506 4555 584 4598 habet
595 4555 755 4599 admiserat.

409 4625 421 4654 ³
448 4625 516 4669 vide
526 4637 612 4681 supra,
624 4637 684 4680 pag.
694 4627 742 4678 4211,
754 4638 779 4671 n.
791 4628 851 4670 1121.

408 4699 421 4730 ⁴
447 4697 514 4740 Vide
525 4699 620 4744 Carras
630 4699 662 4742 de
676 4697 729 4741 San
743 4699 858 4752 lgnacr'o.
869 4707 889 4742 t.
901 4711 935 4752 vr,
948 4711 1008 4753 pag.
1022 4701 1056 4742 ol.
