3717 5400
837 485 901 544 An.
924 486 996 544 1555
1475 489 1527 550 291

358 630 430 694 793.
472 631 607 695 Rarum
621 641 740 695 autem
756 632 886 695 donum
902 631 1147 712 concionandi,
1164 634 1375 715 praesertim
1385 650 1524 714 germa-

300 739 379 802 nice
394 734 416 817 ¹,
430 737 469 802 P.
485 737 667 802 Adrianus
688 737 869 804 Candidus
888 738 1111 819 ostendebat,
1135 749 1170 803 et
1190 740 1391 805 doctrinam
1410 743 1524 823 ipsius

297 863 370 909 non
395 845 512 908 minus
535 843 666 926 [quarn]
687 845 867 910 servorem
891 855 925 909 et
949 846 1105 926 gratiam
1128 846 1289 911 homines
1313 849 1523 928 probabant.

298 951 472 1016 Utebatur
486 952 580 1015 enim
594 952 780 1017 doctorum
795 953 987 1016 solidorum
999 954 1210 1018 testimoniis
1221 954 1267 1019 ad
1277 956 1438 1034 singulas
1447 974 1524 1020 sen·

299 1060 431 1123 tentius
444 1061 656 1140 praecipuas
670 1057 948 1137 confirmandas
964 1077 1055 1138 quae
1069 1076 1128 1123 res
1142 1078 1185 1123 eo
1199 1069 1358 1141 tempore
1372 1062 1526 1128 Lovanii

297 1166 402 1230 valde
417 1175 522 1248 grata
541 1176 629 1230 erat.
645 1165 881 1246 Antuerpiam
896 1174 1016 1230 autem
1029 1167 1060 1229 is
1075 1184 1113 1230 se
1135 1168 1298 1246 contulit,
1319 1169 1380 1232 ubi
1399 1187 1523 1250 pacem

297 1274 390 1337 inter
404 1273 576 1354 quosdam
591 1274 757 1337 intestino
772 1273 852 1337 odio
872 1274 1085 1338 dissidentes
1105 1275 1322 1339 conciliavit.
1343 1276 1522 1345 Valetudo

297 1389 416 1444 tamen
431 1380 506 1461 ejus
521 1399 592 1444 non
607 1380 750 1444 omnino
765 1398 938 1461 prospera
952 1391 1041 1444 erat.

356 1487 426 1551 794.
471 1488 655 1569 Quaedam
682 1489 854 1567 magistra
883 1487 1115 1552 ducentarum
1143 1491 1340 1571 puellarum
1368 1489 1455 1555 adiit
1481 1491 1520 1556 P.

295 1593 505 1674 Adrianum,
523 1595 721 1674 Rectorem,
739 1607 773 1659 et
789 1595 936 1659 contulit
947 1613 1029 1660 cum
1043 1613 1086 1658 eo
1100 1613 1143 1658 ea
1154 1613 1245 1676 quae
1256 1595 1418 1676 docebat,
1431 1615 1522 1679 quae

296 1719 378 1765 cum
396 1711 515 1766 essent
533 1703 675 1766 curiosa
697 1702 873 1783 quaedam
892 1710 926 1764 et
945 1703 1081 1765 inutilia
1102 1719 1222 1783 opera,
1244 1704 1522 1768 communicavit

296 1807 910 1891 11111110111111111111111,11111118.ῑιιι
940 1809 1191 1872 Bonaventura
1218 1810 1255 1873 in
1280 1813 1450 1890 opusculo
1477 1811 1522 1875 de

301 1917 439 1981 Christi
459 1918 537 1981 vita
560 1917 572 1949 ¹
592 1919 735 1996 attingit
749 1917 795 1981 ad
809 1918 845 1980 id
858 1917 1082 1998 pertinentia.
1098 1915 1161 1981 llla
1180 1917 1300 1982 statim
1314 1919 1441 1982 marito
1456 1933 1522 1982 suo

295 2024 385 2089 haec
397 2024 520 2105 resert3
533 2025 702 2106 postridie
712 2042 800 2087 vero
812 2042 893 2088 curn
907 2023 983 2104 eius
997 2040 1186 2097 consensu,
1203 2025 1363 2088 scholam
1376 2042 1521 2090 suarum

293 2133 491 2212 puellarum
505 2133 654 2211 intranS,
669 2131 807 2211 accepit
818 2131 937 2195 omnia
947 2132 1007 2194 illa
1019 2132 1162 2196 curiosa
1173 2149 1293 2212 opera,
1310 2142 1345 2195 et
1359 2133 1395 2195 in
1406 2131 1521 2198 frusta

293 2239 510 2317 comminuit,
532 2249 566 2301 et
580 2239 731 2319 genibus
749 2239 850 2302 flexis
869 2240 1013 2317 rogavit
1031 2239 1224 2319 discipulas
1241 2257 1286 2303 ne
1305 2256 1462 2320 unquam
1475 2243 1519 2304 si-

294 2347 390 2410 milia
405 2364 517 2428 opera·
528 2346 753 2424 conficerent,
774 2345 842 2409 illis
862 2346 1052 2408 ostendens
1072 2363 1164 2426 quae
1185 2364 1231 2409 ex
1245 2346 1520 2411 Bonaventurae

306 2454 470 2518 doctrina
485 2461 685 2532 acceperat.

352 2560 422 2624 795.
466 2558 669 2624 Secundum
680 2557 908 2638 jubilaeuma
927 2558 1038 2623 Paulo
1057 2559 1109 2623 IV
1128 2577 1338 2625 concessum
1359 2580 1440 2626 cum
1460 2580 1520 2626 ac·

291 2669 443 2750 cepisset
467 2667 597 2733 Rector
621 2667 818 2746 AdrianuS,
845 2667 966 2731 statim
989 2666 1261 2747 imprimendum
1275 2667 1371 2733 dedit
1385 2667 1407 2733 ⁸.
1421 2667 1514 2735 Cum

292 2776 416 2839 eodem
431 2776 554 2839 nuntio
570 2776 706 2839 litteras
721 2794 742 2838 a
756 2774 794 2839 P.
811 2774 950 2854 ignatio
965 2775 1103 2853 accepit
1114 2773 1157 2837 de
1169 2775 1387 2855 profectione
1399 2776 1520 2842 Patris

292 2883 465 2947 Bernardi
480 2882 627 2946 Oliverii
641 2882 677 2945 in
692 2881 861 2961 Angliam
876 2881 922 2944 ad
937 2880 1071 2961 Regem
1086 2881 1296 2962 Philippum,
1314 2885 1441 2964 quibus
1460 2902 1519 2948 so·

292 2989 385 3055 cium
401 2990 595 3071 adjungere
609 2988 758 3053 debebat
772 2987 810 3052 P.
827 2988 1024 3051 Adrianum
1047 2987 1243 3053 Candidum
1262 2988 1285 3066 ⁴,
1308 2991 1369 3071 qui
1390 3009 1519 3057 mense

289 3097 456 3177 Augusto
470 3096 583 3161 variis
596 3097 633 3159 in
647 3096 734 3159 locis
747 3095 899 3158 Lovanii
914 3113 995 3158 cum
1009 3093 1128 3158 fructu
1141 3113 1212 3158 non
1226 3098 1358 3175 exiguo
1373 3099 1518 3163 concio·

290 3206 452 3268 nubatur.
464 3203 534 3268 Sed
545 3220 658 3267 cuma
670 3201 856 3267 D.Alexio
867 3198 1320 3268 Fontana'intellexissent
1330 3204 1465 3285 Regem
1476 3208 1512 3271 in

289 3312 451 3392 Belgium
470 3312 593 3375 venire
611 3311 703 3373 intra
723 3326 857 3389 paucos
875 3308 967 3385 dieS,
989 3327 1010 3370 a
1030 3319 1131 3388 patre
1149 3309 1365 3389 imperatore
1386 3330 1516 3378 evoca·

289 3428 374 3495 tum,
392 3436 412 3481 a
428 3420 610 3500 proposito
625 3417 750 3480 itinere
764 3416 985 3480 destiterunt.

348 3525 418 3588 796.
462 3524 557 3588 Ante
581 3525 648 3588 hoc
672 3531 813 3601 tempus
840 3523 876 3585 in
904 3522 1003 3586 festis
1025 3523 1254 3587 Pentecosres
1276 3535 1424 3604 rogatus
1449 3528 1514 3592 suit

286 3631 325 3695 Ρ.
338 3631 522 3697 Adrianus
531 3640 570 3694 ut
581 3630 750 3694 inviseret
761 3630 952 3710 quamdam
963 3630 1143 3693 abbatiam
1153 3631 1369 3711 monialium,
1383 3634 1514 3699 dictam

285 3872 395 3918 Arnoidi
406 3872 494 3922 Hezei.
511 3883 575 3927 quas
591 3873 672 3917 habes
682 3873 708 3915 in
718 3869 840 3915 Litterae
850 3870 1081 3923 Quadrimestres,
1095 3877 1114 3915 1.
1124 3883 1163 3921 111.
1176 3884 1238 3926 pag.
1251 3872 1385 3924 50961111
1403 3875 1510 3921 Adrlaul

286 3944 472 3993 Adriatnsena.
484 3946 594 3995 ibidem,
603 3954 663 3999 pag.
673 3944 772 3987 bii-635.

326 4015 336 4050 Ι
365 4016 462 4061 Α111111
479 4016 607 4061 Polaucus
621 4017 786 4071 praesertim
801 4016 965 4069 germanice,
976 4014 1037 4070 quia
1054 4028 1103 4060 non
1113 4018 1263 4070 germanice
1272 4020 1355 4062 solum
1370 4020 1416 4063 sed
1433 4020 1512 4064 etlam

284 4088 379 4133 saltem
389 4090 477 4134 italice
487 4089 689 4133 concionabatur
699 4089 728 4131 P.
739 4086 877 4135 Candidus.
885 4095 913 4131 ut
924 4088 1020 4131 dictam
1030 4094 1070 4131 eet
1077 4100 1166 4143 supra,
1176 4100 1236 4144 pag.
1246 4090 1293 4142 289,
1305 4102 1330 4134 n.
1339 4091 1510 4136 mia-“Acce-

284 4158 368 4215 pimus
377 4159 481 4204 litteras
491 4160 541 4203 21·
551 4159 696 4211 Februarii,
708 4159 755 4203 li·
766 4160 848 4203 1121·
858 4159 945 4203 Martii
955 4158 1069 4213 scriptas
1078 4166 1105 4203 et
1113 4163 1328 4215 congratulamur
1335 4162 1408 4207 Patri
1415 4163 1509 4207 Adria·

284 4240 317 4275 uo
327 4228 443 4275 Candido
453 4232 484 4275 de
495 4232 645 4274 concionum
654 4230 804 4275 italicarum
812 4236 838 4274 11
848 4230 1058 4284 germanicarum
1067 4242 1195 4275 successa.
1207 4232 1313 4286 Augeat
1321 4233 1445 4279 Dominus
1451 4245 1512 4289 gra·

284 4302 404 4356 tiam.....„
416 4302 552 4355 Polaticus,
563 4314 596 4345 ex
605 4314 681 4355 com„
690 4301 764 4347 Patri
775 4302 892 4346 Adriano
903 4300 1102 4347 Adriacassens.
1113 4303 1161 4345 16.⁸
1173 4304 1272 4358 Aprilis
1282 4305 1341 4349 1555.

323 4373 335 4405 ¹
362 4372 452 4417 Sermo
463 4384 520 4417 esse
531 4374 637 4418 videtur
648 4374 678 4417 de
690 4375 821 4427 opusculo,
831 4372 898 4427 quod
908 4372 1068 4418 inscribitur:
1079 4372 1121 4417 De
1131 4375 1306 4421 meditatione
1313 4378 1386 4421 vitae
1400 4376 1513 4422 Domini

283 4443 376 4488 Nostri
384 4444 453 4500 Jesn
463 4443 564 4489 Cirrisii
571 4445 606 4488 ari
616 4445 852 4489 sanctimonialem
863 4445 1010 4498 qnamdam
1022 4443 1140 4489 libellus.

323 4516 334 4548 ⁸
364 4516 418 4561 Hoc
428 4524 476 4561 est:
486 4516 597 4571 imprimi
607 4517 712 4561 curavit
726 4516 882 4571 apostolicas
892 4517 922 4560 de
931 4517 1047 4572 jubilaeo
1063 4518 1179 4563 litteras.

323 4588 335 4622 ⁸
362 4587 430 4633 Vide
439 4599 528 4643 supra.
538 4598 597 4643 pag.
607 4586 642 4642 26,
653 4600 677 4632 n.
688 4589 723 4632 tt.

323 4656 335 4691 ⁸
363 4658 526 4715 Videtupra,
544 4668 563 4705 t.
579 4670 617 4714 111,
635 4670 695 4714 pag.
710 4658 759 4715 223,
769 4666 857 4704 annot.
873 4660 894 4710 2.
911 4666 936 4703 11
954 4671 1013 4715 pag.
1028 4660 1077 4709 282.
1091 4669 1179 4707 annot.
1193 4663 1257 4707 item
1273 4664 1294 4715 2.
1304 4673 1329 4709 et
1345 4666 1371 4709 ln
1387 4666 1437 4711 hoc
1451 4673 1470 4711 t.
1483 4680 1501 4709 v

284 4730 470 4787 paginati.
