3717 5400
798 498 861 556 Au.
887 497 958 558 1555
1437 507 1508 566 Sil·

260 638 353 703 idem
368 640 599 704 concionator
613 645 742 707 acerbe
752 646 971 726 increpabat,
984 647 1100 712 deleta
1111 649 1232 712 fuisse.
1245 651 1368 732 Aliqui
1378 653 1492 716 etiam·

259 757 447 828 parentum
461 758 496 812 et
511 759 746 830 cognatorum
762 761 911 816 mortem
926 755 1000 817 suis
1021 755 1239 820 adversariis
1260 759 1489 824 remiserunt.

319 856 390 922 998.
434 857 483 921 At
506 857 668 922 doctrina
688 859 883 924 christiana
909 861 978 924 boc
1000 861 1306 943 Quadragesimae
1329 876 1491 946 tempore

261 965 392 1030 omissa
407 965 472 1029 fuit
487 975 633 1045 propter
645 967 907 1031 confessionum
920 970 1189 1050 occupationcs;
1202 971 1265 1035 scd
1276 974 1396 1036 statim
1409 985 1489 1053 post

260 1073 369 1138 ferias
388 1072 580 1137 Paschales
600 1085 793 1155 resumpta,
819 1065 1005 1157 plusquam
1027 1079 1177 1141 trecenti
1201 1080 1303 1159 pueri
1326 1090 1362 1144 et
1379 1081 1489 1146 inter-

259 1183 343 1248 dum
357 1183 608 1262 quadringenti
627 1183 788 1247 Gandiae
810 1184 855 1247 ad
874 1201 954 1248 eam
973 1184 1186 1250 audiendam
1209 1188 1479 1252 conveniebant.

260 1293 392 1358 Diebus
407 1303 525 1358 autem
540 1292 639 1356 festis
653 1303 739 1354 natu
752 1291 965 1372 grandiores
980 1293 1024 1355 ab
1039 1293 1108 1356 alio
1129 1293 1283 1374 quodam
1301 1297 1491 1360 sacerdote

257 1402 531 1482 explicationem
550 1399 655 1481 hujus
669 1400 851 1463 doctrinae
872 1400 1078 1479 audiebaut;
1103 1418 1187 1465 nam
1208 1403 1310 1482 pueri
1331 1404 1490 1482 quotidie

258 1509 586 1588 congregabantur;
609 1509 672 1571 sed
694 1517 773 1588 post
788 1507 920 1588 aliquot
942 1507 1018 1570 dies
1041 1518 1077 1571 et
1095 1509 1162 1588 ipsi
1184 1509 1283 1572 festis
1297 1519 1436 1574 tantum
1450 1522 1488 1574 et

257 1617 442 1680 dominicis
453 1617 577 1680 diebus
588 1616 820 1690 vocabantur,
835 1615 893 1678 ubi
901 1613 975 1694 iam
987 1617 1103 1679 minus
1111 1617 1218 1679 rudes
1225 1616 1487 1681 incatecbismo

256 1743 335 1789 csse
349 1733 552 1805 coeperunt.
570 1723 683 1803 Quam
698 1723 881 1803 multiplex
896 1723 1033 1786 fructus
1047 1742 1093 1786 ex
1111 1724 1180 1786 hac
1198 1724 1420 1788 institutione
1438 1725 1483 1788 sit

256 1842 511 1911 consequutus,
534 1831 693 1894 scribunt
714 1831 775 1893 vix
795 1829 962 1893 credibile
983 1846 1061 1894 esse
1084 1831 1140 1908 iis,
1164 1833 1224 1910 qui
1243 1831 1486 1897 confitentium

256 1955 397 2002 errores
412 1948 446 2002 et
462 1939 700 2018 ignorantiam
715 1938 750 2000 in
771 1938 877 2000 rebus
891 1936 973 2000 fidei
988 1955 1059 2000 non
1074 1946 1312 2016 cognoscunt,
1328 1948 1363 2001 et
1381 1951 1485 2001 erant

256 2047 315 2126 qui
332 2045 516 2110 crederent
530 2047 646 2108 nullas
657 2046 847 2108 conciones
858 2053 932 2108 tam
943 2044 1144 2109 fructuosas
1157 2045 1194 2108 in
1205 2061 1248 2108 eo
1259 2046 1389 2125 populo
1401 2045 1483 2109 fuis-

254 2171 292 2214 se
304 2170 410 2232 quam
423 2153 487 2216 bas
498 2152 712 2216 christianae
727 2151 910 2214 doctrinae
925 2151 1211 2229 exercitationes;
1223 2152 1364 2232 plurimi
1376 2153 1483 2230 enirn,

253 2278 344 2340 quae
362 2259 442 2323 fidei
465 2269 558 2338 sunt,
581 2269 615 2322 et
636 2260 777 2340 quidem
799 2259 995 2336 tritissima,
1016 2275 1088 2322 non
1114 2259 1367 2338 intelligebant.
1394 2259 1484 2324 Erat

252 2369 357 2431 etiam
374 2368 503 2448 populo
517 2367 761 2446 gratissimum
776 2365 870 2446 quod
891 2367 1099 2429 inhonestae
1120 2366 1329 2444 cantilenae,
1353 2368 1482 2446 quibus

252 2475 392 2538 Gandia
404 2477 482 2555 plus
497 2475 585 2538 satis
599 2473 813 2550 abundabat,
826 2473 900 2553 jam
910 2474 985 2536 fere
999 2473 1035 2535 in
1056 2475 1272 2537 christianae
1293 2473 1478 2538 doctrinae

251 2591 377 2645 <antus
385 2581 661 2662 jucundissimos
671 2592 774 2644 erant
783 2590 1032 2644 commutatae.
1043 2579 1273 2644 Habebantur
1286 2591 1404 2645 autem
1418 2583 1480 2644 bu·

248 2687 401 2769 jusmodi
416 2689 460 2753 de
475 2689 670 2754 christiana
686 2689 846 2753 doctriua
864 2688 1067 2767 conciones,
1088 2699 1161 2752 tres
1182 2689 1256 2753 fere
1271 2689 1379 2753 boras
1398 2703 1479 2770 post

251 2799 443 2876 meridiem,
460 2796 505 2860 ad
519 2814 608 2878 quas
621 2814 751 2876 magno
763 2796 879 2860 studio
890 2798 998 2861 etiarn
1009 2797 1077 2859 viri
1088 2796 1324 2875 confluebant,
1336 2815 1403 2861 nec
1415 2798 1479 2861 mi·

250 2924 316 2969 nus
328 2904 372 2969 ad
388 2906 477 2968 alias
490 2904 689 2981 concinnae,
702 2921 794 2983 quae
806 2920 909 2967 mane
921 2905 956 2967 in
968 2906 1098 2983 templo
1109 2914 1231 2967 nostro
1244 2906 1478 2969 habebantur.

308 3014 379 3075 999.
423 3012 544 3077 Crevit
559 3023 593 3075 et
608 3014 674 3075 hoc
691 3028 783 3075 anno
800 3010 1041 3075 confitentium
1054 3028 1223 3075 numerus
1238 3022 1273 3075 et
1283 3011 1477 3093 deprehen·

249 3138 327 3185 sum
342 3130 395 3183 est
415 3136 456 3183 eo
476 3120 511 3183 in
527 3120 655 3200 oppido
670 3136 777 3199 supra
795 3119 1075 3199 quadringentos
1089 3118 1209 3197 fuisse,
1226 3121 1284 3199 qui
1302 3120 1369 3182 boc
1381 3138 1478 3183 anno

248 3228 400 3291 confessi
428 3235 525 3304 sunt,
551 3240 585 3289 et
610 3227 646 3290 in
671 3226 871 3305 praeteritis
897 3224 1052 3289 confessi
1080 3242 1151 3288 non
1178 3226 1330 3302 fuerant;
1355 3235 1390 3289 et
1417 3226 1476 3290 die

246 3334 399 3413 quadam
415 3334 591 3396 dominica
620 3333 665 3396 ad
690 3330 826 3395 88.ιιηιηι
840 3332 1101 3395 Eucharistiam
1122 3334 1216 3395 mille
1236 3343 1271 3395 et
1290 3334 1477 3413 quingenti

246 3451 484 3516 accesserunt,
501 3457 582 3503 cum
596 3440 728 3520 alioqui
746 3438 914 3519 oppidum
934 3440 980 3501 sit
1002 3440 1181 3519 exiguum
1197 3452 1233 3501 et
1250 3440 1280 3501 si
1296 3440 1474 3513 omnibus,

245 3548 304 3627 qui
316 3547 362 3611 ad
390 3558 531 3611 nostros
543 3545 741 3610 confessuri
755 3545 984 3623 accedebant,
1010 3548 1124 3609 nostri
1143 3546 1352 3609 sacerdotes
1371 3548 1477 3610 satis-

244 3654 363 3718 facere
375 3655 581 3734 potuissent,
598 3654 702 3733 pauci
718 3662 778 3715 aut
794 3654 879 3715 nulli
897 3653 1109 3717 videbantur
1128 3654 1198 3715 alio
1218 3654 1264 3716 ad
1282 3653 1472 3718 confessio·

245 3780 325 3825 nem
341 3762 532 3839 accessuri,
549 3777 631 3823 nam
646 3769 680 3823 et
695 3760 755 3834 illi,
772 3760 832 3839 qui
847 3770 954 3823 antea
972 3777 1098 3841 parum
1119 3761 1269 3823 studiosi
1283 3758 1474 3825 societatis

244 3869 396 3943 fuerant,
413 3868 661 3931 studiosissimi
676 3876 877 3930 nostrorum
894 3866 1008 3930 effecti
1020 3865 1093 3946 jam
1114 3877 1227 3932 erant.

306 3974 394 4039 1000.
438 3974 508 4038 Diu
533 3974 749 4054 multumque
770 3986 985 4037 curaverant
1014 3976 1125 4037 nostri
1150 3976 1276 4039 abusui
1294 3974 1473 4055 juramen-

243 4091 360 4147 torum
372 4082 556 4160 obsistere,
573 4098 654 4144 nam
670 4081 706 4143 in
727 4097 839 4159 regno
859 4081 1047 4146 Valentiae
1071 4082 1196 4145 vitium
1221 4083 1299 4161 boc,
1326 4084 1356 4147 si
1375 4084 1471 4164 quod

242 4190 351 4267 aliud,
368 4190 520 4253 maxime
537 4190 643 4268 viget.
658 4188 816 4251 Tandem
831 4206 918 4268 ergo
935 4190 968 4251 id
989 4189 1153 4253 eflectum
1177 4201 1230 4253 est
1250 4202 1288 4253 ut
1307 4190 1470 4255 Gandiae

241 4298 338 4377 leges
358 4298 597 4375 sancirentur,
619 4298 714 4359 omni
737 4298 865 4376 populo
885 4298 1138 4376 consentiente,
1162 4310 1199 4361 ut
1220 4300 1280 4379 qui
1297 4297 1464 4378 jurasset.

240 4404 361 4469 statim
386 4422 566 4468 nummum
592 4404 805 4485 pauperibus
829 4404 1050 4483 erogandum
1075 4406 1304 4484 persolveret.
1333 4406 1377 4470 Et
1405 4408 1468 4487 qui

240 4512 333 4574 banc
348 4511 672 4575 confraternitatem
690 4512 828 4590 ingredi
853 4512 994 4589 vellent,
1012 4530 1093 4576 cum
1119 4513 1271 4592 primum
1296 4514 1402 4577 alium
1416 4514 1470 4593 ju·

240 4635 340 4681 rasse
355 4620 612 4697 conspicerent,
630 4635 710 4681 eum
726 4618 916 4681 admonere
938 4618 1111 4681 debebant
1136 4637 1180 4682 ne
1192 4619 1337 4700 juraret.
1366 4620 1468 4701 Quod

241 4725 271 4789 si
286 4738 430 4807 propter
455 4735 699 4806 paupertatem
725 4744 904 4789 nummum
933 4728 1134 4806 persolvere
1159 4746 1231 4791 non
1255 4741 1385 4809 posset,
1408 4740 1472 4793 aut
