3717 5400
348 471 418 530 286⁴
711 431 715 440 Ι
811 467 940 529 Canon.
961 467 1037 527 Soc.
1058 469 1128 541 Jss.

352 618 450 680 victu
461 632 640 696 separare,
654 623 689 678 et
701 614 842 679 demum
853 622 956 677 extra
968 613 1110 676 domum
1126 629 1207 676 eum
1219 612 1435 675 constituere
1447 609 1484 675 P.
1497 606 1572 674 Leo

350 724 488 787 nardus
503 730 707 803 cogeretur;
724 731 758 784 et
772 719 925 799 demum,
942 736 985 783 eo
1000 719 1213 798 inconsulto,
1235 721 1394 782 recessit.
1416 717 1505 798 Spes
1526 735 1587 780 au·

351 840 437 908 tem,
454 845 560 910 quam
574 828 697 892 habuit
709 829 744 891 in
758 827 912 908 quodam
923 827 1101 890 avunculo
1113 843 1191 904 suo,
1205 843 1226 888 a
1238 841 1309 905 quo
1320 824 1592 889 ecclesiasticos

351 937 491 1001 reditus
506 935 683 1014 sperabat,
700 935 768 1015 ipsi
785 934 887 998 valde
902 934 1025 996 nocuit
1041 936 1064 994 ¹.

414 1041 485 1106 782.
529 1041 614 1122 Ejus
629 1043 841 1105 autemloco
863 1040 1021 1121 quinque
1041 1040 1178 1120 egregii
1197 1039 1442 1104 adolescentes
1464 1057 1504 1103 se
1524 1056 1584 1102 no·

350 1154 447 1215 stris·
462 1148 631 1214 Coloniae
655 1146 910 1228 adjunxerunt,
939 1146 1014 1210 fere
1035 1163 1175 1225 omnes;
1204 1147 1403 1210 leodienses
1431 1155 1466 1209 et
1494 1146 1586 1209 miro

352 1257 483 1322 aflectu
494 1255 569 1335 ejus
580 1255 790 1319 Provinciae
802 1255 965 1318 homines
979 1252 1149 1318 Societati
1163 1263 1308 1317 nostrae
1322 1253 1456 1317 addicti
1470 1264 1584 1330 erant,

350 1365 461 1428 sicuti
475 1374 508 1427 et
523 1363 761 1440 colonienses;
777 1379 861 1425 nam
880 1361 1020 1443 utrique
1035 1361 1081 1424 ad
1094 1359 1285 1425 Societatis
1299 1360 1501 1423 institutum
1514 1375 1586 1421 ma·

353 1486 514 1552 gnopere
533 1470 785 1533 incitabantur.
811 1466 1003 1547 Cuiusdam
1025 1483 1159 1546 eorum,
1183 1468 1243 1547 qui
1263 1467 1410 1530 admissi
1429 1465 1583 1538 fuerant,

352 1587 523 1659 parentes
539 1594 647 1657 aegre
659 1575 820 1639 ferebant
833 1574 895 1639 filii
908 1573 1210 1652 deliberationem,
1228 1571 1290 1636 sed
1304 1590 1387 1636 cum
1402 1572 1454 1636 eis
1469 1571 1586 1635 mode-

355 1695 411 1749 ste
425 1684 615 1748 admodum
629 1682 722 1746 lilius
736 1682 949 1763 scripsisset,
966 1682 1017 1745 illi
1031 1681 1152 1745 statim
1166 1681 1425 1761 acquieverunt
1441 1678 1466 1744 ’.

415 1790 486 1855 783.
530 1789 657 1853 Tenult
672 1798 790 1852 autem
804 1786 817 1819 ⁸
832 1789 1062 1852 vacationum
1077 1798 1236 1868 tempore
1251 1787 1321 1865 (hic
1335 1804 1414 1850 mos
1429 1793 1484 1849 est
1506 1786 1588 1848 bac·

357 1897 556 1962 chalaureis
571 1897 773 1975 theologiae
789 1895 971 1971 Coloniae)
995 1895 1167 1974 quasdam
1187 1895 1382 1974 positiones
1405 1893 1441 1958 in
1460 1891 1587 1956 schola

355 2007 601 2085 theologorum
617 2004 660 2067 de
681 2001 914 2067 Sanctissimo
939 2001 1171 2066 Sacramento
1196 2001 1458 2078 Eucharistiae,
1485 2010 1520 2062 et
1541 2018 1584 2062 ea

349 2111 645 2176 cumeruditione
661 2120 694 2174 et
705 2111 823 2190 gratia
838 2109 1100 2190 disputantibus
1113 2108 1297 2187 satisfecit,
1312 2116 1351 2171 ut
1362 2109 1479 2170 nullus
1491 2117 1588 2170 esset

355 2219 447 2282 inter
462 2219 653 2295 auditores,
671 2218 730 2298 qui
750 2227 868 2280 tamen
888 2216 1164 2296 frequentissimi
1185 2224 1298 2292 erant,
1321 2215 1468 2293 quinon
1483 2214 1588 2277 simul

356 2325 570 2388 modestiam
585 2335 619 2388 et
633 2324 868 2388 eruditionem
882 2323 1161 2387 commendaret.

414 2430 485 2494 784.
531 2429 567 2493 Ρ.
584 2430 766 2494 Gerardus
781 2430 1044 2494 Dordracensis
1059 2427 1071 2459 ⁸
1086 2438 1230 2509 propter
1247 2429 1439 2492 adversam
1453 2429 1587 2490 valetu-

350 2539 473 2602 dinem
489 2538 652 2601 Romaiu
672 2538 837 2618 patriam,
859 2536 894 2599 id
915 2545 981 2615 est,
1003 2535 1202 2614 Olandiam,
1226 2553 1318 2615 quae
1339 2535 1469 2598 civitas
1488 2544 1542 2598 est
1564 2531 1586 2612 ⁵,

355 2645 576 2723 mittebatur,
603 2655 637 2709 et
662 2643 848 2709 Coloniam
871 2642 917 2706 ad
942 2639 1085 2708 Patrem
1107 2643 1350 2720 Leonardum,
1378 2657 1459 2707 cum
1487 2640 1586 2706 socio

355 2753 487 2816 Romae
514 2752 698 2831 assignato
713 2748 736 2831 ⁸,
753 2750 933 2831 pervenit,
960 2760 994 2813 et
1016 2750 1093 2830 ipso
1114 2750 1170 2813 die
1190 2751 1347 2812 omnium
1373 2747 1588 2812 Sanctorum

358 2946 569 2954 ———-

396 3062 404 3095 ¹
434 3060 527 3105 Petrus
538 3062 676 3115 Adrianus,
688 3060 796 3105 Colonia
807 3062 939 3115 recedens,
950 3061 1060 3105 Romam
1070 3060 1150 3114 venit,
1161 3061 1204 3104 ubi
1215 3059 1295 3105 fuisse
1303 3061 1407 3104 videtur
1415 3061 1471 3116 ejus
1479 3070 1590 3105 avuncu-

353 3134 403 3175 lus.
413 3131 520 3176 “Petrus
530 3133 662 3177 Adrianus
672 3133 726 3177 sine
738 3132 797 3175 Vae
810 3132 867 3175 aaa
879 3132 977 3176 litteris
987 3133 1022 3175 sd
1032 3144 1077 3175 nos
1087 3133 1160 3176 venit
1170 3134 1241 3176 hisce
1251 3133 1348 3185 diebus;
1360 3134 1405 3176 sed
1422 3143 1438 3174 a
1449 3132 1529 3175 Putre
1539 3130 1589 3175 No-

353 3210 410 3248 stro
420 3214 470 3247 non
480 3214 519 3248 est
529 3204 631 3249 domum
641 3204 776 3255 admissus,
786 3205 831 3249 sed
842 3205 876 3248 ad
887 3205 1044 3248 avunculum
1056 3206 1157 3257 missus,
1172 3205 1253 3247 donec
1264 3205 1345 3258 [quid]
1361 3204 1393 3247 V.
1405 3204 1435 3247 R.
1450 3204 1547 3247 sentiat
1558 3204 1590 3247 de

317 3328 318 3331 Ἴ
355 3275 486 3329 cojuvene
499 3275 681 3329 intelligamus,
693 3282 718 3317 et
732 3276 852 3329 quamvis
863 3276 905 3319 ille
916 3287 945 3318 se
956 3275 989 3318 ad
1000 3276 1276 3329 poenitentiametiam
1293 3286 1403 3328 gravem
1412 3281 1534 3330 paratum
1549 3284 1593 3318 ex·

354 3345 443 3389 hibeat
453 3352 479 3389 et
489 3347 580 3390 crebro
597 3348 691 3400 pulset,
702 3357 752 3389 non
762 3347 917 3391 admittetur
927 3346 1008 3390 donec
1025 3347 1189 3400 intelligatur
1205 3357 1251 3400 per
1268 3346 1374 3389 litteras
1390 3354 1495 3390 vestras
1510 3357 1591 3390 causa

355 3416 431 3471 huius
440 3417 604 3461 dlmlsslonls.
615 3417 686 3471 Ergo
695 3418 778 3472 primo
794 3430 893 3473 quoque
905 3425 1023 3472 tempore
1034 3419 1067 3461 ad
1082 3429 1130 3461 nos
1138 3418 1249 3471 scribas,
1260 3423 1337 3473 pater
1351 3418 1514 3470 charissime,
1531 3418 1591 3472 quid

351 3488 454 3533 ,sentias
464 3496 490 3531 et
501 3489 626 3543 quomodo
636 3500 678 3532 res
689 3500 746 3533 cum
757 3500 786 3532 eo
794 3490 892 3544 jurene
902 3498 1040 3534 transacta
1050 3490 1154 3543 fuerit„
1164 3490 1303 3539 Polancus,
1315 3500 1348 3532 ex
1357 3500 1433 3541 com„
1443 3488 1516 3534 Patri
1525 3487 1591 3533 Leo·

356 3560 439 3603 nardo
450 3556 549 3613 Kassel,
559 3560 585 3602 at
596 3560 696 3615 Aprilis
708 3560 767 3603 1555.

397 3628 408 3661 ¹
436 3628 502 3674 Vide
513 3630 634 3675 Litterae
644 3630 874 3684 Quadrantestres,
885 3641 902 3676 t.
919 3643 956 3685 nt,
966 3644 1027 3688 pag.
1040 3632 1089 3676 586.

396 3701 409 3735 ⁸
436 3700 575 3747 Conlrater
586 3709 674 3746 noster
687 3702 718 3747 ll.
726 3702 839 3756 loannes
849 3704 880 3747 de
892 3703 1020 3750 Cathena.
1032 3704 1073 3749 Ita
1086 3704 1178 3749 Kessel
1187 3705 1214 3749 ln
1230 3705 1352 3748 Lauerna
1361 3704 1592 3756 Quaartmestraes,

357 3782 376 3819 t.
387 3784 424 3825 111,
440 3774 637 3829 pag.587;quou
649 3775 759 3818 etiamsi
776 3776 830 3829 ipse
846 3786 896 3819 non
914 3776 1095 3829 expressisset,
1111 3778 1220 3830 patebat
1236 3778 1311 3828 satis,
1327 3787 1377 3820 non
1393 3778 1461 3819 enim
1477 3775 1532 3830 ipse
1546 3777 1592 3821 sed

356 3846 469 3898 Joannes
480 3845 599 3890 Cathena
610 3848 796 3891 baccalaureus
807 3848 831 3891 ln
843 3848 976 3901 theologia
991 3850 1068 3902 paulu
1086 3855 1148 3892 ante
1163 3848 1249 3891 lactus
1264 3854 1333 3892 erat.
1349 3847 1415 3891 Vide
1427 3858 1516 3902 supra,
1527 3858 1590 3903 pag.

355 3912 407 3967 2¹75,
419 3924 444 3957 n.
454 3914 502 3957 7⁶0.

398 3987 410 4018 ⁴
438 3985 571 4029 Gerardus
582 3984 659 4031 Cools
667 3987 816 4042 tBrasslcat,
828 3989 917 4043 dequo
930 3989 1035 4042 saepius
1043 3990 1069 4032 ln
1080 3990 1128 4033 hoc
1140 3989 1275 4033 caroasco.

399 4056 410 4089 ⁵
437 4056 478 4101 Ita
489 4057 514 4100 ln
524 4056 580 4113 blan
590 4059 688 4103 rectius
699 4066 786 4102 tamen
794 4059 923 4103 diceretur
931 4060 976 4103 sle:
986 4062 1015 4103 r'n
1021 4062 1153 4115 patrium,
1163 4060 1321 4115 Dordreclu,
1329 4072 1398 4116 quae
1407 4063 1506 4105 civitas
1514 4064 1555 4105 est
1562 4062 1592 4105 ἐκ

357 4127 504 4172 =Olandia...
907 4158 908 4163 ,

398 4198 411 4231 ⁸
437 4200 528 4244 “Hisce
543 4201 632 4246 diebus
642 4203 759 4247 misimus
768 4202 927 4246 valetudinis
945 4204 1035 4255 gratia
1045 4202 1077 4247 Μ.
1096 4202 1241 4248 Gerardum
1258 4204 1415 4258 Brassicam,
1430 4204 1595 4249 Dordraceu·

355 4282 421 4324 sem,
439 4271 552 4324 priusad
563 4274 737 4318 sacerdotium
751 4279 904 4329 promotum,
924 4275 1038 4328 patriam
1055 4284 1161 4329 versus;
1178 4276 1294 4319 misimus
1310 4281 1335 4320 et
1351 4276 1470 4320 lodocum
1486 4276 1595 4331 Papium

360 4342 557 4397 llrusellensem,
569 4346 660 4399 quibus
675 4345 737 4389 duos
754 4345 862 4388 comites
879 4344 1045 4399 adjunximus
1060 4352 1167 4399 praeter
1184 4346 1299 4398 tertium,
1318 4346 1478 4401 Stephanum
1494 4345 1586 4400 spiren

356 4424 421 4466 sem,
432 4415 474 4468 qul
485 4415 517 4457 ob
527 4416 646 4460 allectam
656 4418 831 4461 valetudinem
849 4415 940 4470 Spirae
952 4416 1135 4469 relinquendus
1150 4425 1217 4462 erat.
1231 4418 1269 4460 De
1287 4420 1400 4474 ipsorum
1411 4420 1527 4463 adventu
1541 4428 1596 4462 cer-

361 4484 441 4527 tiores
451 4484 504 4529 herl
515 4488 653 4541 cupimus„
663 4487 792 4532 Polaticus
808 4498 841 4531 ex
851 4499 927 4537 com„
942 4486 1099 4531 Rectorlbus
1113 4487 1270 4534 Germaniae
1287 4497 1312 4534 et
1330 4489 1504 4543 atrienses
1519 4490 1596 4534 Octo·

360 4556 414 4599 brls
425 4556 485 4599 tata
496 4557 562 4601 Vide
574 4558 669 4603 cartas
679 4562 711 4603 rte
721 4560 776 4603 San
788 4560 905 4613 lgnacto,
916 4565 936 4601 t.
946 4569 983 4611 vr,
993 4570 1053 4613 pag.
1061 4559 1076 4601 d
1084 4565 1112 4603 et
1120 4560 1289 4606 till-Socios
1307 4562 1426 4607 Gerardo
1444 4569 1502 4607 erat
1510 4562 1596 4607 frater

356 4627 464 4680 quidum
475 4630 575 4672 nomine
586 4631 725 4675 Anselmus
734 4632 878 4685 <Focaneus
893 4630 980 4683 lnlra);
991 4630 1075 4673 eritne
1085 4630 1127 4675 hlc
1137 4633 1190 4686 ille,
1206 4634 1279 4689 cujus
1289 4646 1431 4690 cognomen
1446 4635 1594 4689 susplcatur

361 4698 475 4753 litasset,
488 4700 504 4741 l.
516 4711 529 4742 c
542 4734 546 4753 ,
558 4713 618 4757 pag.
628 4702 676 4757 307,
689 4704 767 4747 luisse
780 4703 921 4748 Cuslcrus?
