3717 5400
376 478 432 537 574
838 478 966 539 Canon.
986 478 1064 539 Soc.
1083 480 1155 551 Jes.

373 623 540 687 derentur
559 624 812 705 suggerebant
833 632 869 687 et
894 642 960 687 suo
978 624 1117 703 Legato
1139 622 1147 655 ¹
1173 623 1269 704 apud
1286 620 1471 686 Summum
1485 621 1605 687 Ponti-

372 728 476 795 ficem
490 732 668 795 commisit
690 741 728 793 ut
743 729 948 794 Pontificem
964 729 1158 809 Summum,
1178 730 1327 794 Paulum
1345 729 1408 808 tv,
1431 728 1476 793 de
1497 731 1606 795 rebus

373 836 562 902 Soc-letatis
576 838 613 902 in
627 837 857 919 Portugallia,
875 837 973 902 India
988 848 1022 901 et
1038 838 1190 901 Brasilia
1204 846 1241 901 et
1254 838 1334 901 aliis
1348 836 1494 901 Africae
1513 839 1606 902 locis

372 944 593 1008 informaret.

435 1050 524 1115 1582.
566 1050 662 1116 Idem
674 1051 939 1133 Praepositus¹,
953 1070 1017 1133 pro
1029 1054 1084 1116 sui
1095 1052 1200 1116 officii
1211 1052 1358 1130 ratione,
1368 1051 1505 1132 quidde
1516 1051 1602 1115 Pro·

371 1159 518 1223 vinciali
542 1156 553 1189 ⁵
579 1159 726 1223 sentiret
742 1160 913 1235 scribenS,
930 1169 1030 1224 notat
1043 1158 1137 1240 quod
1156 1177 1285 1240 parum
1305 1159 1374 1223 sibi
1392 1159 1602 1223 conciliaret

373 1267 512 1330 animos
536 1266 687 1330 aliorum
712 1276 814 1330 extra
833 1265 979 1331 domum
1003 1268 1159 1347 regiam,
1180 1283 1261 1329 cum
1283 1284 1415 1329 exosus
1439 1267 1486 1330 sit
1509 1266 1604 1346 apud

372 1384 559 1454 magnates
572 1372 778 1437 Lusitaniae
793 1390 870 1437 mos
890 1374 959 1451 ille,
977 1391 1047 1455 quo
1066 1375 1156 1437 solet
1169 1374 1278 1437 solius
1292 1372 1469 1454 Principis
1483 1373 1603 1453 gratia

372 1481 506 1563 quaeri,
524 1482 602 1543 aliis
618 1480 771 1545 omissis.
786 1480 885 1544 Idem
899 1482 1008 1544 etiam
1022 1480 1189 1544 admonet
1206 1480 1241 1543 Ρ.
1254 1480 1431 1561 Ignatium
1446 1481 1603 1561 aliquem

371 1599 474 1652 extra
490 1586 744 1666 Portugalliam
758 1587 936 1651 utiliorem
948 1586 983 1651 in
996 1605 1040 1651 ea
1051 1606 1197 1667 operam
1208 1606 1344 1651 navare
1358 1585 1382 1667 ⁸,
1398 1603 1434 1650 et
1448 1604 1602 1651 summo·

371 1712 455 1777 pere
467 1693 584 1759 Patris
595 1692 734 1759 Natalis
745 1703 807 1758 aut
819 1694 970 1776 alicujus
981 1695 1014 1759 ei
1025 1695 1150 1758 similis
1160 1695 1423 1775 praefecturam
1433 1694 1604 1759 ineadem

371 1802 563 1866 Provincia
583 1802 739 1881 optabat.
764 1800 869 1865 Pater
891 1812 1012 1865 autem
1030 1800 1273 1865 Gundisalvus
1294 1801 1374 1865 Vaz
1390 1801 1522 1882 aliquid
1540 1818 1601 1865 na·

370 1910 496 1974 turalis
516 1910 726 1988 prudentiae
745 1908 942 1972 desiderari
960 1908 1107 1971 adnotat
1126 1910 1163 1973 in
1184 1908 1438 1986 'Provinciali
1455 1918 1491 1971 et
1508 1884 1600 1971 seti-

370 2016 502 2081 muisse
514 2016 704 2096 aliquando
719 2033 763 2079 ne
778 2015 813 2079 id
829 2016 1127 2079 existimationem
1142 2014 1330 2079 societatis
1341 2016 1563 2079 imminueret
1573 2012 1600 2078 ⁸.

702 2442 767 2507 DE
788 2440 1025 2507 COLLEGIO
1047 2440 1276 2507 EBORENSI

433 2765 521 2830 1583.
565 2765 762 2846 Collegium
787 2765 857 2829 hoc
878 2784 950 2829 non
974 2765 1144 2845 exiguum
1165 2783 1395 2846 progressum
1414 2766 1484 2830 hoc
1505 2781 1603 2828 anno

367 2873 463 2952 fecit,
490 2875 565 2936 sive
583 2883 788 2936 nostrorum
813 2889 997 2948 numeruS‚
1024 2873 1101 2936 sive
1126 2891 1246 2937 rerum
1269 2874 1516 2954 temporalium
1537 2889 1598 2935 au-

368 2991 563 3059 gmentum,
576 2981 653 3042 sive
668 2981 775 3043 etiam
791 2979 985 3060 spiritualis
999 2981 1137 3043 fructus
1151 2989 1380 3044 externorum
1399 2979 1598 3043 considere·

367 3095 437 3152 tur.
453 3086 552 3150 Multi
568 3089 661 3150 enim
677 3105 723 3149 ex
742 3087 809 3164 his,
836 3087 895 3167 qui
911 3095 1053 3149 nostros
1073 3086 1357 3166 frequentabant,
1372 3089 1478 3167 longe
1493 3087 1600 3150 aliam

366 3194 463 3258 vitae
477 3195 652 3257 rationem
668 3193 894 3257 instituerunt
909 3192 954 3255 ab
969 3211 1023 3271 ea,
1040 3210 1147 3274 quam
1161 3194 1260 3274 prius
1278 3193 1533 3258 solutissimum
1548 3205 1598 3256 te·

367 3311 529 3365 nuerant.

430 3407 517 3471 1584.
561 3407 723 3473 Studium
742 3419 860 3473 autem
886 3410 1102 3474 christianae
1121 3409 1304 3472 doctrinae
1324 3408 1539 3485 edocendae,
1561 3407 1600 3470 in

367 3533 437 3596 qua
456 3516 570 3596 primo
590 3517 732 3595 quidem
751 3515 791 3580 P.
810 3517 1019 3581 Emmanuel
1039 3515 1298 3595 Ferdinandus,
1319 3515 1445 3578 deinde
1461 3513 1499 3577 P.
1515 3513 1600 3577 Mel-

407 3716 417 3750 ¹
445 3719 578 3773 alphonso
588 3705 795 3764 de'Alencastre.
805 3718 873 3764 Vide
882 3731 973 3775 supra.
983 3725 1002 3763 t.
1013 3731 1050 3773 rr,
1061 3731 1120 3774 pag.
1129 3718 1150 3772 Β,
1162 3731 1186 3764 n.
1197 3718 1217 3762 6.

407 3789 419 3821 ¹
447 3790 476 3835 P.
486 3789 663 3835 Gundisaluua
674 3789 705 3834 de
717 3790 847 3848 Sylvelre.

404 3863 418 3897 ⁸
446 3863 474 3907 Ρ.
485 3861 582 3915 Jacobo
593 3861 686 3906 Miron.

353 3953 359 3968 ·
405 3936 418 3970 ⁴
445 3935 561 3979 Obscura
572 3933 639 3978 setis
648 3933 779 3978 uenientia
789 3939 836 3987 est,
848 3945 913 3988 quae
924 3932 966 3976 lile
980 3933 1068 3977 verbis
1079 3932 1198 3987 aliquem
1209 3934 1287 3976 extra
1300 3931 1498 3986 Portugalit'am
1508 3930 1597 3974 utilio-

366 4018 424 4051 rem
435 4008 464 4051 in
475 4019 506 4051 aa
520 4013 630 4061 operam
647 4017 751 4051 navare
765 4005 1002 4061 commedendum
1013 4016 1059 4049 nec
1074 4016 1129 4059 noe,
1140 4005 1182 4060 qul
1198 4003 1353 4048 Gundlsalvi
1369 4005 1474 4048 litterae
1486 4003 1597 4047 nondum

364 4079 486 4132 vidimus,
495 4079 594 4123 meliori
606 4089 637 4122 ea
647 4079 704 4122 luce
714 4078 810 4122 donare
821 4076 1033 4130 numantiam,
1044 4077 1067 4120 si
1076 4087 1134 4120 cum
1149 4077 1189 4131 lia,
1200 4087 1266 4131 quae
1282 4076 1431 4120 immediate
1444 4079 1597 4130 sequnntur,

365 4150 542 4200 conserantur.
557 4149 703 4204 exprimere
718 4149 840 4194 videntur
855 4149 975 4202 aliquem
993 4151 1071 4192 extra
1087 4147 1284 4200 Porlugalliam
1300 4137 1463 4192 accersitum
1477 4147 1537 4198 (eeu
1550 4147 1600 4200 qui

365 4221 504 4265 lusitanus
515 4233 567 4264 non
580 4221 661 4275 esset)
670 4220 807 4264 utiliorem
822 4231 902 4275 quam
915 4221 998 4263 Pater
1008 4219 1097 4263 Μίνωι
1110 4226 1221 4274 operam
1232 4222 1261 4262 in
1272 4231 1305 4263 aa
1315 4222 1596 4272 numerumnunerum

363 4292 420 4348 lpse
431 4291 451 4336 Ρ
470 4291 551 4336 illron
563 4291 691 4336 lusitanus
702 4303 751 4336 non
762 4298 820 4336 erat
831 4299 857 4336 et
868 4303 901 4335 ex
911 4291 1038 4346 Hispania
1049 4291 1076 4336 ln
1087 4290 1277 4346 Portugnlllem
1288 4291 1380 4336 matun
1394 4290 1490 4335 lueret.

405 4363 417 4397 ⁸
445 4363 490 4408 Me.
501 4364 580 4408 habet
591 4375 661 4408 cum.

404 4433 418 4470 θ
444 4435 511 4479 Vide
526 4436 594 4490 apud
610 4435 705 4489 Tellez,
721 4435 738 4479 l.
753 4445 783 4487 c.,
798 4434 842 4478 lio.
853 4445 891 4486 nr,
907 4445 964 4488 cap.
980 4433 1016 4488 at,
1026 4446 1043 4479 a
1056 4446 1080 4476 η.
1090 4435 1102 4476 Δ
1113 4434 1147 4478 ad
1157 4433 1178 4486 9,
1189 4431 1596 4491 Patrialdironishypotypoeim.

364 4516 430 4562 quae
440 4507 481 4550 his
491 4507 580 4560 incipit
593 4507 687 4551 verbis:
699 4505 767 4550 “Era
777 4512 833 4549 este
844 4505 928 4550 Padre
939 4506 1042 4550 homene
1052 4505 1083 4549 de
1092 4506 1194 4560 grande
1204 4506 1319 4560 virtude,
1328 4517 1385 4551 mna
1400 4503 1597 4559 acompantnu·

363 4577 394 4621 de
411 4579 481 4633 lgual
495 4579 670 4631 austeridade3
681 4589 728 4622 era
738 4577 799 4621 hum
808 4577 858 4632 rljo
869 4577 971 4632 Catam3
983 4588 1029 4622 era
1038 4577 1116 4632 lusto.
1124 4588 1172 4621 era
1181 4583 1257 4621 tenea
1267 4584 1425 4623 econetante
1435 4589 1476 4621 em
1485 4587 1531 4620 eeu
1537 4576 1596 4619 bom

362 4651 504 4706 proposito.
519 4650 663 4705 asperrimo
676 4661 741 4705 pera
755 4649 869 4703 consito,
880 4661 893 4693 e
904 4650 973 4694 uada
988 4649 1087 4694 brunda
1097 4661 1161 4705 pera
1175 4659 1232 4694 com
1242 4659 1272 4694 οι
1281 4649 1505 4704 notros...„-Vlde
1514 4647 1595 4692 etiam

363 4721 501 4768 canende
512 4721 567 4764 San
579 4721 696 4775 Ignacio,
707 4727 725 4764 t.
736 4733 762 4776 v,
773 4733 833 4776 pag.
843 4721 865 4765 2.
