3717 5400
363 515 419 578 080
820 517 949 578 Cuaou.
969 518 1047 577 Soc.
1066 521 1137 592 las.

364 663 481 726 insula
505 661 733 743 naufragium
758 662 904 742 fecerat,
936 663 1206 744 construxisset,
1237 673 1273 728 et
1296 681 1359 728 eos
1378 667 1529 746 populos
1547 667 1595 730 ad

363 768 496 835 Christi
515 769 722 850 religionem
741 770 995 850 convertisset;
1014 771 1076 852 qui
1095 772 1259 852 quamvis
1286 790 1307 836 a
1326 772 1510 836 saracenis
1535 781 1591 853 ty·

362 877 511 941 rannide
527 877 686 959 oppressi
698 877 758 942 diu
769 877 910 955 fuerint,
923 878 1101 942 neminem
1111 878 1270 958 ipsorum
1280 878 1326 942 ad
1341 895 1443 943 suam
1455 887 1593 945 sectam

363 1001 519 1065 unquam
534 983 735 1048 traduxisse
754 983 945 1050 ferebatur.

425 1089 513 1155 1898.
556 1091 645 1155 Tres
660 1109 772 1156 naves
792 1092 945 1156 habebat
960 1094 1123 1174 ecclesia,
1140 1093 1286 1174 antiquo
1299 1109 1409 1171 more,
1426 1109 1528 1176 muro
1539 1092 1591 1156 in·

362 1207 416 1262 ter
436 1215 475 1262 se
495 1198 650 1262 invicem
671 1197 867 1278 distinctas,
891 1208 926 1263 et
950 1207 1074 1280 portas
1094 1199 1241 1264 totidem
1265 1200 1447 1264 habentes.
1475 1198 1594 1280 Prope

362 1301 530 1387 templurri
545 1313 623 1370 erat
638 1306 889 1370 coemeterium
905 1306 1009 1370 valde
1024 1323 1203 1387 magnum,
1213 1306 1248 1370 in
1261 1305 1361 1387 cuius
1375 1307 1529 1370 circuitu
1540 1306 1592 1370 in·

296 1453 305 1474 .
362 1412 535 1476 cedebant
549 1429 615 1493 pro
629 1411 803 1478 defunctis
822 1411 970 1493 orando,
992 1422 1027 1477 et
1047 1413 1166 1493 ligneo
1186 1413 1340 1494 quodam
1354 1413 1595 1477 instrumento

362 1519 440 1584 loco
463 1534 659 1598 campanae
679 1520 863 1600 pulsando:
886 1520 1063 1584 habebant
1082 1519 1189 1584 etiam
1213 1519 1476 1602 baptisterium3
1499 1521 1595 1586 ethi

362 1626 567 1690 sacerdotes
593 1626 739 1707 capillos
763 1626 936 1706 oblongos
953 1635 988 1690 et
1010 1627 1055 1690 ad
1079 1629 1315 1707 posteriorem
1340 1637 1478 1708 partem
1503 1625 1591 1706 reie-

363 1741 440 1796 ctos
465 1749 563 1796 more
583 1749 818 1796 nazareorum
840 1732 1034 1810 habebant,
1059 1744 1094 1798 et
1119 1750 1184 1815 pro
1206 1733 1323 1809 lectis,
1350 1733 1499 1814 pellibus
1516 1735 1591 1814 qui·

360 1839 525 1918 busdam,
548 1839 646 1903 victu
666 1839 772 1903 etiam
794 1848 828 1903 et
848 1839 980 1904 vestitu
997 1857 1153 1922 paupere
1172 1838 1365 1903 admodum
1385 1841 1590 1904 utebantur.

361 1945 434 2010 Nec
450 1945 583 2010 reditus
598 1955 658 2010 aut
673 1947 743 2009 ulla
759 1946 898 2010 stabilia
913 1947 1006 2010 bona
1021 1946 1260 2028 possidebant,
1273 1947 1336 2010 sed
1351 1947 1590 2027 eleemosynis

362 2051 584 2131 victitabant,
605 2069 694 2134 quas
713 2053 756 2117 de
772 2054 887 2132 rebus,
905 2070 996 2133 quae
1015 2053 1063 2116 ibi
1081 2053 1118 2116 in
1132 2071 1198 2117 usu
1213 2063 1306 2134 sunt,
1322 2054 1458 2118 scilicet
1471 2053 1589 2132 lactis,

365 2160 495 2239 carnis,
512 2169 546 2222 et
566 2159 792 2224 charicarum
808 2158 829 2236 ¹,
850 2160 1139 2236 emendicabant3
1161 2169 1197 2223 et
1216 2168 1335 2225 tamen
1357 2177 1420 2224 eos
1439 2161 1595 2241 populus

363 2282 580 2347 magnopere
595 2267 842 2331 venerabatur.

424 2371 512 2437 1899.
557 2371 655 2438 Gens
669 2374 728 2437 illa
744 2373 823 2438 aliis
836 2372 980 2454 quidem
993 2371 1080 2436 cibis
1094 2381 1206 2451 caret,
1219 2372 1282 2436 sed
1296 2373 1421 2438 vaccis
1431 2391 1474 2437 ac
1486 2390 1591 2455 peco-

360 2480 458 2544 ribus
480 2490 515 2544 et
537 2480 670 2561 optima
692 2498 784 2562 aqua
802 2479 972 2558 abundat,
993 2488 1028 2543 et
1047 2485 1130 2543 aere
1150 2479 1283 2543 salubri
1302 2479 1446 2544 fruitur:
1472 2480 1595 2561 pisces

361 2587 560 2652 maritimos
575 2587 749 2668 quosdam
763 2588 871 2651 etiam
885 2587 1079 2667 piscantur.

423 2693 511 2759 1900.
555 2693 697 2759 Nullum
711 2695 942 2775 interpretem
956 2693 994 2758 Ρ.
1011 2692 1217 2759 Gonzalvus
1237 2692 1400 2757 invenire
1419 2691 1532 2773 potuit
1547 2703 1592 2757 ut

359 2803 520 2868 cumillis
534 2814 669 2883 ageret,
685 2811 720 2866 et
734 2812 855 2895 tamen
868 2802 1082 2866 videbantur
1096 2802 1128 2865 ei
1144 2800 1189 2864 ad
1204 2800 1323 2865 omnia
1341 2801 1435 2865 bona
1454 2802 1591 2882 parati,

359 2910 391 2974 si
410 2910 489 2991 quis
510 2928 572 2975 eos
593 2908 782 2987 docuisset;
803 2908 866 2973 sed
887 2909 970 2990 quia
992 2925 1080 2973 auro
1101 2916 1136 2971 et
1156 2918 1306 2987 argento
1326 2916 1494 2971 externos
1515 2924 1590 2973 non

358 3016 522 3097 invitant,
540 3017 585 3080 ab
601 3016 763 3080 omnibus
778 3017 957 3080 contemni
971 3015 1149 3079 videntur.

422 3122 511 3187 1901.
554 3123 678 3188 Gavisi
690 3132 772 3187 sunt
784 3134 902 3186 autem
913 3139 1130 3203 magnopere
1142 3140 1224 3186 cum
1238 3122 1429 3202 imaginem
1443 3121 1482 3185 B.
1496 3120 1592 3185 Tho-

359 3248 450 3310 mae,
475 3247 581 3311 quam
602 3231 714 3294 nostri
736 3230 907 3309 ferebant,
929 3230 1035 3293 simul
1058 3246 1141 3293 cum
1162 3228 1241 3294 aliis
1262 3228 1314 3293 eis
1336 3227 1590 3309 ostenderunt;

359 3338 447 3402 nihil
461 3338 555 3401 enim
569 3338 640 3401 tale
654 3354 809 3418 unquam
825 3337 1001 3401 viderant.
1018 3336 1057 3401 In
1072 3354 1114 3400 ea
1133 3336 1286 3399 ecclesia
1308 3336 1420 3399 altare
1438 3334 1476 3400 Ρ.
1490 3335 1591 3400 Gon·

360 3446 483 3509 zalvus
505 3444 662 3509 extruxit
687 3453 721 3507 et
741 3442 955 3509 Sanctorum
976 3443 1189 3522 imaginibus
1214 3443 1373 3521 ornavit,
1399 3452 1435 3506 et
1455 3441 1592 3507 Missae

360 3550 574 3616 sacrificium
600 3551 737 3628 obtulit;
761 3560 795 3613 et
815 3550 854 3613 B.
868 3551 1064 3630 Apostolus
1090 3551 1220 3613 multos
1238 3549 1475 3613 commovisse
1491 3548 1591 3613 vide·

359 3658 464 3722 batur
476 3675 521 3722 ex
536 3657 602 3737 his,
620 3658 680 3738 qui
695 3656 731 3721 in
746 3658 852 3721 classi
870 3656 1073 3721 veniebant.

422 3763 510 3829 1902.
554 3764 644 3830 Cum
664 3775 744 3829 octo
763 3764 839 3828 dies
859 3764 894 3827 in
914 3762 1113 3827 Sochotora
1134 3763 1359 3841 mansissent,
1381 3780 1445 3843 per
1463 3762 1591 3826 fauces

360 3872 469 3936 maris
485 3871 596 3935 Rubri
614 3872 706 3936 ultra
726 3871 843 3935 Adem
858 3870 1051 3952 progressi,
1072 3869 1162 3933 duas
1181 3886 1294 3932 naves
1313 3884 1476 3948 magnas,
1496 3885 1592 3949 quas

359 3978 533 4059 galeones
560 3987 703 4057 vocant,
734 3978 860 4041 obvias
888 3977 1105 4055 habuerunt,
1135 3992 1285 4056 quarum
1314 3977 1427 4039 altera
1455 3990 1592 4054 magna

358 4085 474 4163 valde,
492 4094 526 4149 et
541 4086 651 4149 armis
665 4096 849 4149 turcarum
864 4084 1049 4162 instructa,
1060 4094 1096 4146 et
1111 4082 1246 4146 divitiis
1260 4083 1375 4163 plena,
1392 4100 1438 4146 ex
1452 4080 1590 4146 Tanas·

358 4192 522 4256 charim¹
538 4192 739 4257 veniebant.
757 4190 857 4271 Cepit
873 4201 992 4254 autem
1007 4188 1183 4270 cupiditas
1203 4188 1331 4253 milites
1350 4206 1481 4252 navem
1494 4188 1593 4252 hanc

359 4299 604 4380 aggrediendi,
617 4308 652 4363 et
664 4298 709 4362 ad
721 4296 796 4379 ejus
808 4297 954 4379 puppim
964 4296 1017 4360 sic
1028 4306 1268 4375 accesserunt,
1282 4304 1321 4360 ut
1335 4312 1460 4376 parum
1472 4294 1594 4359 abfue-

399 4540 409 4575 ¹
438 4538 481 4584 Sic
491 4540 517 4583 ln
532 4550 588 4593 mor
606 4550 705 4593 verum,
721 4548 779 4582 cum
793 4536 898 4583 litterae
911 4536 1074 4590 Gundlaalrl,
1084 4546 1099 4579 e
1109 4536 1201 4591 qulbus
1215 4536 1281 4580 baec
1295 4536 1448 4591 deprompta
1462 4542 1531 4591 cunt,
1546 4536 1595 4582 ha-

358 4612 438 4657 beant
448 4611 549 4659 dcttflr'.
559 4611 662 4656 videtur
672 4610 714 4654 hlc
724 4610 887 4654 scribendum
897 4610 1079 4663 caryotarum.

399 4683 411 4715 ί
440 4681 491 4737 sicr
502 4683 547 4727 sed
557 4693 638 4736 neque
649 4682 674 4727 ln
684 4682 784 4726 chartis
795 4690 952 4735 expromam,
963 4690 1010 4724 nec
1020 4680 1090 4734 apud
1099 4679 1238 4725 blotorlcos
1247 4684 1417 4724 memoratum
1426 4677 1501 4733 holus
1512 4680 1598 4725 nomi·

357 4754 398 4798 nlc
408 4754 492 4799 locum
503 4754 656 4808 reperlmns.
