3717 5400
384 490 444 552 ’638
847 489 973 550 Canon.
995 490 1071 550 Soc.
1092 491 1163 563 Jss.

380 645 593 701 nostrorum
608 637 823 700 subveniret.
834 634 914 700 Nec
928 637 1044 700 solum
1058 635 1234 699 industria
1255 637 1409 714 ualebat,
1431 636 1494 699 sed
1512 645 1550 700 et
1568 639 1622 700 vi·

382 745 487 809 ribus
499 743 673 825 corporis,
690 755 728 806 ut
742 744 822 824 plus
837 743 957 824 operis
971 741 1058 821 lpse,
1075 760 1183 823 quam
1196 741 1267 806 dno
1277 744 1343 806 alii
1350 742 1523 822 muffices,
1537 761 1619 824 pos·

380 851 608 915 set-efficere.
1585 901 1588 907 .

450 958 542 1022 1743.
585 957 705 1021 Multis
724 958 830 1021 cuam
847 957 993 1038 pietatis
1014 955 1179 1037 operibus
1196 973 1263 1037 pro
1280 973 1353 1019 sna
1368 957 1560 1037 prudentia
1577 968 1620 1023 et

388 1067 589 1130 hnmilitate
609 1083 697 1129 cum
727 1067 861 1146 optimo
889 1081 1058 1129 successu
1086 1065 1252 1143 vacabat,
1280 1073 1318 1126 et
1345 1065 1438 1128 inter
1461 1076 1617 1147 caetera,

390 1174 481 1238 inter
496 1173 712 1253 Episcopum
728 1184 762 1235 et
778 1173 1062 1236 Gubernatorem
1072 1190 1121 1236 ‘ac
1134 1171 1246 1250 ipsius
1256 1171 1462 1236 filiumeum
1473 1189 1624 1252 magno*

380 1297 475 1360 pere
487 1281 581 1343 inter
597 1296 635 1342 se
650 1279 861 1343 dissiderent
876 1287 910 1342 et
924 1280 1023 1343 velut'
1037 1279 1230 1343 lactionum
1245 1279 1365 1358 capita
1378 1291 1492 1358 erant,
1506 1289 1542 1343 et
1551 1281 1621 1343 ini·

389 1387 607 1452 micitiarurn
622 1405 667 1450 ac
681 1388 850 1450 tumultus
864 1405 905 1449 eo
926 1387 963 1449 in
981 1388 1111 1467 populo
1132 1403 1241 1449 causa
1262 1403 1341 1450 esse
1356 1395 1542 1466 poterant,
1563 1388 1623 1450 sic

382 1511 517 1575 pacem
534 1493 744 1574 composuit,
760 1501 798 1557 ut
812 1502 934 1556 mutuo
953 1510 992 1556 se
1005 1492 1057 1556 illi
1077 1493 1115 1554 in
1133 1493 1278 1572 signum
1290 1493 1473 1558 amicitiae
1492 1494 1625 1558 invise—

386 1611 481 1680 rent,
503 1611 539 1663 et
559 1599 651 1664 filius
670 1599 928 1664 Gubernatoris
946 1601 992 1663 ad
1011 1601 1154 1663 veniam
1173 1601 1219 1663 ub
1238 1599 1415 1680 Episcopo
1425 1601 1622 1681 petendam

392 1708 590 1772 accederet.
617 1706 797 1772 Visitnbat
817 1724 981 1770 carceres
1002 1716 1037 1770 et
1056 1706 1104 1770 ibi
1128 1707 1350 1771 detentorum
1372 1709 1517 1788 negotia
1538 1727 1624 1773 eum

388 1815 641 1880 Gubernatore
663 1823 697 1877 et
714 1813 831 1893 judice
855 1813 1092 1894 transigebat;
1114 1815 1332 1894 pauperibus
1353 1815 1529 1878 et-nitluis
1548 1817 1622 1880 ele·

389 1939 585 2004 ¹emosynas
601 1923 761 2001 curabat;
778 1921 954 2001 hospitale
967 1921 1136 1984 visitabat
1157 1929 1191 1984 et
1207 1921 1494 1985 confessionibus
1506 1924 1623 1987 etiarn

388 2027 579 2094 audiendis
595 2028 764 2107 'vacabam
786 2045 852 2090 nec
872 2027 1012 2090 interim
1034 2037 1173 2108 tempus
1196 2028 1330 2106 deerat,
1345 2029 1621 2108 quodzorationi·

387 2138 459 2200 bus
474 2145 508 2200 et
523 2133 876 2216 contemplationibus
893 2134 1123 2215 impenderet.

456 2241 543 2307 1744.
586 2242 764 2306 Antonius
783 2242 968 2322 Blasquez,
988 2241 1027 2305 P.
1049 2240 1246 2306 Antonium
1257 2243 1466 2320 comitatus,
1490 2259 1626 2323 pueros

386 2352 512 2432 »legere
532 2359 567 2414 et
587 2349 743 2412 scribere
764 2348 925 2411 docebat:
948 2349 1222 2427 grammaticam
1244 2350 1362 2430 etiam,
1385 2360 1424 2413 ut
1446 2351 1482 2412 hi
1503 2359 1626 2413 essent

388 2456 556 2538 discipuli
568 2455 723 2530 Domini,
737 2455 906 2519 docturus
919 2453 940 2514 ¹.
953 2454 1153 2518 Utebnntur
1165 2467 1284 2520 autem
1296 2473 1620 2537 operapuerorum,

392 2583 483 2646 quos
497 2565 591 2628 domi
607 2563 758 2638 alebant,
776 2572 809 2624 et
823 2561 897 2624 fere
913 2561 1125 2624 mameluchi
1140 2573 1242 2625 erant
1258 2563 1322 2638 (sic
1339 2573 1473 2626 nocant
1493 2581 1540 2627 ex
1559 2581 1624 2645 pa-

386 2681 445 2736 -tre
462 2671 655 2735 christiano
670 2678 705 2733 et
719 2679 833 2733 matre
848 2668 1047 2732 brasiliensi
1061 2669 1177 2747 natos)
1197 2680 1367 2751 tanquam
1386 2669 1622 2751 interpretum

383 2776 631 2857 nongentum
647 2794 727 2840 cum
743 2776 846 2853 indie,
863 2776 1027 2857 quamvls
1042 2786 1076 2839 et
1092 2777 1150 2839 ille
1165 2777 1292 2840 Petrus
1305 2777 1351 2840 de
1361 2776 1473 2857 Goez,
1490 2778 1620 2859 dequo

390 2886 555 2964 superius
570 2884 713 2947 memini
727 2880 749 2959 ¹,
766 2900 848 2945 cum
862 2899 947 2962 puer
966 2883 1004 2945 in
1023 2882 1211 2966 Brasiliam
1228 2884 1395 2962 venisset,
1418 2884 1485 2947 boc
1498 2884 1625 2948 officio

391 2991 596 3071 interpretis
611 2990 716 3069 fungi
726 2998 874 3069 poterat.
891 2988 1003 3052 Erant
1022 2999 1140 3053 autem
1158 2990 1249 3053 inter
1269 2990 1336 3053 hos
1356 3003 1437 3054 octo
1448 2992 1623 3056 indorum

386 3098 519 3163 filiieor
543 3108 693 3177 utroque
719 3105 878 3176 parente,
905 3106 940 3158 et
965 3096 1106 3175 quidem
1129 3097 1244 3160 bonae
1263 3098 1402 3175 indolis,
1416 3108 1461 3161 ·et
1485 3109 1623 3179 septem

383 3204 602 3284 aeorumJam
617 3202 812 3267 christiani.
829 3201 991 3283 Quatuor
1011 3214 1128 3267 autem
1149 3204 1325 3268 habebant
1348 3222 1475 3268 servos
1493 3207 1539 3270 ad
1555 3208 1625 3270 mi-

385 3313 538 3377 nisteria
555 3310 761 3375 domestica:
779 3327 868 3373 unus
883 3318 1001 3373 autem
1018 3311 1120 3373 valde
1134 3312 1249 3374 bonus
1264 3312 1366 3388 obiit,
1383 3313 1483 3391 ptius
1503 3324 1624 3378 tamen

387 3436 474 3485 cum
489 3436 620 3498 magna
635 3418 746 3498 ipsius
760 3426 795 3479 et
810 3426 1013 3481 nostrorum
1032 3419 1274 3482 consolatione
1290 3420 1501 3499 baptizatus

455 3528 542 3590 1745.
586 3525 851 3605 Expectabatur
866 3525 903 3587 in
918 3524 994 3587 dies
1007 3524 1246 3589 provincialis
1264 3527 1456 3605 adventus,
1480 3537 1520 3591 ut
1533 3526 1624 3592 *Col-

386 3636 547 3715 legium‚
571 3631 672 3711 juxta
697 3632 808 3710 Regis
832 3630 1073 3710 portugalliae
1093 3633 1327 3711 voluntatem,
1354 3651 1397 3696 ea
1419 3635 1625 3699 incivitate

392 3743 636 3805 institueretur
651 3742 673 3802 ⁸.

457 3848 545 3912 1746.
588 3847 768 3911 Consonat
786 3845 825 3911 Ρ.
849 3846 1028 3910 Ambrosii
1047 3849 1289 3912 testimonium
1309 3866 1389 3912 curn
1417 3848 1624 3929 praedictis,

385 3958 454 4037 ,qui
479 3956 695 4037 spiritualem
724 3954 876 4019 lructum
896 3955 1078 4017 laboribus
1097 3956 1323 4034 magnisnun
1347 3954 1564 4036 respondere
1585 3956 1625 4019 in

394 4080 437 4127 ea
463 4064 607 4143 regione
632 4061 875 4140 existimabat3
895 4062 1067 4142 quamvis
1091 4062 1246 4142 operarii
1272 4078 1405 4142 magna
1432 4080 1513 4126 cum
1539 4062 1626 4126 cha·

386 4172 500 4235 ¹ritate
526 4180 560 4233 et
585 4168 761 4232 indefesso
786 4169 906 4232 labore
932 4169 1088 4233 sterilem
1116 4170 1213 4233 illam
1238 4171 1381 4233 vineam
1405 4171 1626 4245 excolerent;

387 4296 462 4341 nec
481 4280 594 4341 solum
613 4274 687 4339 indi
712 4276 990 4355 depravatorum
1008 4293 1154 4339 suorum
1173 4294 1314 4340 morum
1336 4286 1481 4340 tenaces
1495 4286 1625 4355 erant,

437 4449 445 4481 ¹
475 4450 524 4497 εἰει
543 4447 587 4491 sed
608 4457 711 4489 sensnm
724 4452 796 4489 certo
811 4458 860 4489 non
876 4447 1040 4499 attlnglmns;
1057 4451 1092 4497 et,
1108 4448 1229 4500 qnoniam
1244 4447 1398 4502 respondent
1410 4448 1476 4491 haec
1489 4446 1541 4491 lllls
1560 4448 1624 4491 Am·

394 4522 474 4568 brosll
495 4521 575 4564 Peter
594 4520 682 4561 verbis
696 4520 723 4561 et
746 4520 824 4570 porra
838 4528 905 4562 anco
924 4518 1055 4569 insegnar
1069 4518 1096 4561 la
1107 4521 1303 4571 grammatica,
1318 4520 1627 4573 carlummannum

395 4595 524 4639 Polancus
533 4590 695 4635 scribendum
704 4600 719 4631 a
730 4590 839 4633 librarlo
849 4590 1122 4645 verolamiensem
1131 4594 1221 4635 esseut
1231 4592 1363 4646 discipule·
1372 4592 1623 4641 idonendocturus.

436 4665 449 4697 ⁸
475 4661 704 4717 Paestanum·

434 4738 446 4769 ³
473 4736 540 4779 Vide
552 4734 614 4778 told.
