3717 5400
366 502 422 563 300
828 499 956 560 Cuaon.
977 501 1053 559 Soc.
1074 501 1142 574 Jas.

375 665 509 730 magno
523 649 646 712 scribit
658 647 828 728 reputari,
846 647 964 724 immo,
981 647 1010 709 si
1025 647 1100 710 vini
1114 664 1181 708 vas
1195 646 1380 721 donarent,
1392 664 1463 710 non
1475 665 1605 728 parum

372 755 407 818 id
424 772 503 818 esse
518 755 701 836 putabant.
718 755 762 818 Et
776 753 844 816 hoc
860 755 895 816 in
910 771 1042 833 genere
1056 755 1105 816 ita
1121 771 1159 816 se
1178 754 1309 817 hahere
1330 755 1469 830 scribit,
1491 764 1531 818 ut
1550 756 1600 819 in-

370 863 476 940 genia
486 862 669 925 hominum
681 861 758 942 ejus
768 860 923 924 nationis
936 871 1210 940 cognoscantur.
1223 860 1344 941 Aliqui
1355 872 1475 926 tamen
1486 874 1598 940 erant,

371 969 431 1049 qui
446 985 485 1032 se
500 979 534 1032 et
550 986 614 1032 sua
631 969 862 1032 libentissime
878 969 1011 1030 nostris
1033 967 1119 1030 dare
1140 967 1351 1048 voluissent;
1375 969 1437 1032 sed
1458 969 1497 1032 hi
1517 987 1605 1050 pau·-

377 1076 536 1156 periores
550 1087 664 1153 erant,
682 1086 716 1139 et
731 1077 857 1156 quibus
873 1074 1005 1154 aliquid
1021 1074 1106 1137 dare
1120 1073 1250 1154 potiuS,
1266 1091 1373 1154 quarn
1387 1076 1432 1138 ab
1446 1077 1499 1140 eis
1511 1078 1600 1140 acci-

377 1201 462 1264 pere
476 1181 515 1245 P.
532 1181 714 1246 Adrianus
728 1184 858 1246 mallet.
876 1181 973 1245 Idem
987 1181 1062 1261 ipse
1084 1191 1204 1244 monet
1221 1182 1327 1260 quod,
1350 1199 1393 1245 eo
1415 1200 1509 1245 anno
1531 1201 1601 1262 quo

370 1287 587 1353 Societatem
616 1290 799 1368 ingressus
828 1299 882 1352 est
910 1287 1073 1366 Lovanii‚
1100 1289 1273 1351 intellexit
1300 1289 1344 1352 ab
1371 1289 1516 1364 eisdem,
1542 1293 1606 1370 qui·

365 1393 844 1460 ‘PP.Fabru1netStradam
868 1397 875 1426 '
899 1395 934 1458 in
956 1395 1211 1474 temporalibus
1231 1397 1487 1473 sustentabant,
1510 1397 1605 1477 quod

373 1504 582 1566 maluissent
594 1519 718 1566 eorum
730 1519 838 1582 opera
851 1519 974 1565 carere
986 1501 1162 1581 (quamvis
1177 1501 1308 1582 alioqui
1321 1511 1356 1564 et
1366 1513 1472 1581 grata
1482 1515 1517 1566 et
1529 1521 1604 1584 per·

371 1609 466 1672 utilis
493 1609 610 1688 esset),
637 1625 744 1690 quam
759 1609 873 1672 denuo
889 1618 1050 1688 sumptus
1064 1607 1143 1670 illos
1157 1607 1287 1687 iacere,
1301 1625 1391 1689 quos
1402 1610 1438 1672 in
1449 1609 1501 1673 eis
1512 1613 1609 1674 alen·-

371 1717 426 1780 dis
439 1715 513 1796 Jam
529 1718 687 1780 fecerant
702 1714 726 1795 ¹;
742 1733 832 1796 quae
848 1716 943 1778 dicta
958 1716 1028 1778 siut
1043 1724 1082 1778 ut
1096 1731 1213 1778 mores
1226 1715 1344 1794 gentis
1358 1716 1467 1794 illius,
1488 1719 1605 1796 quoad

373 1823 624 1887 liberalitatem
641 1823 776 1900 attinet,
800 1831 1079 1902 cognoscantur;
1106 1833 1141 1883 et
1165 1823 1215 1884 ita
1238 1821 1278 1885 Ρ.
1303 1823 1485 1886 Adrianus
1508 1825 1610 1888 insti·-

377 1931 545 1994 tuendam
571 1947 673 1993 suam
701 1929 873 1994 lamiliam
899 1930 1060 2009 putabat,
1089 1939 1128 1992 ut
1152 1929 1238 1992 nulli
1262 1939 1381 1993 esseut
1405 1931 1516 2007 oneri,
1539 1949 1611 1994 uec-

376 2040 482 2117 dona,
499 2048 561 2101 aut
575 2045 745 2115 mutuum,
762 2037 943 2116 suscipere
958 2048 1182 2115 cogerentur.

437 2144 509 2208 816.
553 2143 705 2224 Quidam
720 2144 763 2208 D.
781 2143 975 2225 Philippus
992 2143 1275 2224 Antuerpiensis,
1296 2163 1341 2208 ex
1361 2156 1461 2226 parte
1480 2147 1613 2208 haeres

381 2263 459 2317 erat
479 2251 616 2332 domuS,
639 2270 744 2332 quam
763 2253 876 2315 nostri
896 2252 1141 2315 inhabitabant
1161 2249 1184 2328 ⁸;
1205 2252 1236 2314 is
1257 2262 1376 2314 autem
1397 2253 1432 2314 in
1455 2253 1610 2332 patriam

384 2361 436 2424 ire
452 2360 595 2423 volebat
610 2369 648 2422 ut
663 2375 742 2422 cum
758 2359 902 2438 reliquis
918 2359 1130 2421 haeredibus
1151 2369 1275 2437 ageret
1296 2358 1339 2421 de
1361 2359 1465 2422 domo
1484 2358 1611 2422 eadem

383 2467 552 2531 Societati
567 2468 676 2530 libere
690 2466 932 2546 relinquenda,
949 2476 987 2528 ut
1002 2465 1157 2528 familiae
1176 2467 1287 2545 ipsius
1306 2467 1513 2528 memoriam
1532 2483 1612 2546 pera

379 2583 523 2653 petuam
538 2571 698 2638 Societas
712 2575 871 2637 haberet.

439 2679 511 2744 817.
556 2680 627 2745 Alii
643 2690 772 2760 autem,
790 2700 852 2762 spe
867 2681 975 2746 futuri
991 2681 1144 2760 collegii,
1166 2689 1384 2761 paraverant
1405 2689 1440 2743 et
1455 2677 1529 2759 jam
1551 2680 1609 2743 do·

384 2798 560 2851 naverant
574 2790 705 2852 nostris
717 2790 871 2869 pretiosa
885 2789 1059 2869 quaedam
1072 2798 1280 2851 ornamenta
1292 2789 1337 2851 ad
1349 2789 1481 2851 calices
1491 2798 1609 2867 tegen-

386 2895 451 2959 dos
466 2903 500 2958 et
516 2897 715 2975 corporalia
731 2896 958 2975 includenda;
975 2896 1037 2959 sed
1058 2906 1093 2959 et
1112 2897 1243 2959 calices
1261 2897 1349 2959 duos
1369 2895 1414 2958 ad
1434 2910 1537 2957 usum
1556 2912 1609 2958 sa·

385 3002 464 3065 celli
485 3002 604 3067 futuri.
626 3002 692 3066 Vir
711 3012 830 3066 autem
852 3004 920 3080 ille,
943 3004 1003 3083 qui
1024 3004 1107 3065 olim
1122 3012 1294 3065 statuerat
1315 3003 1459 3065 domum
1479 3002 1613 3065 nostris

382 3126 510 3187 emere,
527 3118 694 3173 constans
709 3111 745 3172 in
760 3110 851 3173 bono
866 3128 931 3173 suo
942 3110 1125 3189 proposito
1141 3109 1381 3187 permanebas
1398 3108 1461 3172 sed
1476 3108 1519 3171 de
1534 3110 1611 3188 ipsa

424 3372 431 3403 ¹
462 3370 489 3412 P.
501 3370 594 3413 Petrus
609 3370 695 3413 Faber
706 3376 731 3412 et
745 3370 770 3412 P.
788 3368 944 3413 Franclscus
959 3368 1062 3419 Suada.
1081 3369 1123 3422 qul
1140 3367 1371 3412 Lovanil.fuerant
1388 3380 1455 3411 anno
1469 3368 1530 3412 1543.
1546 3366 1613 3412 Vide

385 3452 473 3495 supra,
485 3449 503 3485 t.
515 3453 531 3495 1,
542 3453 601 3496 pag.
615 3441 660 3493 115,
672 3442 741 3495 11.55;
753 3442 906 3491 Oaraunrrtr,
923 3442 966 3484 lib.
977 3452 1012 3492 ιν,
1024 3451 1049 3483 n.
1057 3439 1093 3491 37.
1104 3448 1130 3485 et
1139 3440 1174 3493 45,
1185 3447 1211 3483 et
1222 3439 1318 3483 Carras
1324 3452 1344 3495 y
1360 3443 1431 3482 otras
1444 3441 1557 3483 escritos
1570 3440 1619 3483 det

384 3512 416 3557 li.
427 3512 456 3555 P.
470 3512 555 3555 Pedro
566 3513 661 3562 Fabro,
672 3521 690 3555 t.
701 3524 718 3565 1,
727 3524 786 3566 pag.
800 3512 838 3555 195
848 3520 872 3556 et
883 3524 947 3567 seq..
957 3519 1008 3555 etc.

424 3583 436 3615 ¹
467 3584 567 3637 “Jusqu'
578 3587 593 3627 a
605 3586 619 3627 l’
631 3587 727 3639 epoque
743 3589 776 3629 ott
791 3585 935 3628 Wrahaven
952 3594 1028 3629 entra
1039 3585 1103 3628 dana
1113 3586 1129 3627 l’
1139 3583 1229 3635 Ordre.
1240 3583 1388 3628 Domenech
1402 3589 1428 3626 et
1443 3580 1538 3626 Strada
1548 3594 1614 3627 avec

388 3658 457 3699 leurs
469 3666 642 3710 compagnons
653 3656 759 3699 avaient
770 3660 865 3709 occupa
876 3668 924 3699 une
941 3657 1022 3711 petite
1032 3657 1140 3710 maison,
1150 3656 1233 3699 situee
1248 3666 1294 3699 tue
1310 3655 1355 3697 des
1365 3653 1504 3702 Recollets.
1513 3656 1573 3707 pres
1582 3654 1615 3697 de

384 3732 400 3775 ι’
414 3729 537 3775 ancienne
548 3736 621 3781 porte
633 3730 663 3771 de
676 3730 700 3773 la
714 3730 783 3772 ville.
794 3728 865 3771 Hr'st.
879 3740 944 3771 tusc.
956 3728 1018 3772 Coit.
1027 3728 1092 3778 Lov,
1101 3728 1127 3771 S.
1137 3728 1164 3782 J.
1176 3726 1213 3771 De
1227 3726 1303 3770 lbtssa
1314 3726 1373 3775 1549,
1388 3726 1420 3768 ils
1430 3726 1579 3770 habiterent
1588 3727 1615 3769 la

386 3802 486 3846 maison
497 3800 527 3843 de
536 3799 857 3853 Wl‘haven.„Dscecaca,
868 3799 899 3843 L'
910 3800 1113 3844 dtablissrment
1121 3799 1154 3842 de
1162 3799 1189 3841 la
1199 3798 1359 3852 campagnia
1366 3796 1399 3839 de
1408 3795 1491 3850 Jesus
1499 3797 1615 3841 danetes

390 3870 537 3928 pays-Bas,
554 3882 613 3925 pag.
624 3872 645 3921 8.
658 3880 745 3915 annot.
755 3872 847 3915 3.-Ex
857 3872 898 3917 his
912 3880 1000 3916 autem
1015 3883 1080 3925 quae
1090 3871 1140 3923 hic,
1152 3883 1184 3913 ex
1199 3870 1294 3913 litteris
1306 3869 1415 3912 Adriani
1426 3869 1619 3913 Adriatnssena

389 3944 545 3995 exscribens.
555 3944 592 3987 alt
604 3942 740 3995 Polancus,
757 3951 830 3987 certo
846 3944 946 3987 eruitur
956 3951 1059 3987 nostros
1069 3942 1189 3994 Lovanii‚
1205 3952 1255 3983 non
1264 3942 1346 3983 solum
1363 3946 1423 3982 ante
1438 3951 1515 3994 quam
1525 3938 1618 3985 Corne-

389 4016 438 4059 llua
449 4014 594 4058 Wlsbaven
612 4014 736 4058 Societati
748 4026 775 4057 se
793 4016 862 4059 dedit
873 4016 917 4059 sed
929 4015 1007 4058 etlam
1019 4021 1187 4069 posteaquam
1202 4014 1236 4055 ab
1250 4024 1280 4055 eo
1295 4012 1320 4055 in
1336 4012 1391 4067 eJus
1405 4012 1506 4056 domum
1517 4012 1622 4067 excepti

393 4093 462 4138 sunt,
473 4086 642 4140 eleemosynis
652 4087 747 4140 passim
759 4089 905 4141 corrogatis
914 4094 1073 4131 sustentatos
1084 4097 1146 4129 esse.
1159 4084 1292 4128 Cornelius
1302 4084 1404 4137 quidem
1414 4086 1522 4127 multum
1532 4083 1563 4128 de
1573 4095 1624 4127 auo

391 4158 549 4208 conserebat:
561 4163 708 4201 nontamen
724 4158 754 4200 de
765 4170 804 4209 eo.
816 4158 857 4211 qui
868 4158 916 4201 hoc
927 4169 995 4201 anno
1011 4158 1063 4201 1555
1076 4156 1173 4201 Romae
1186 4156 1350 4206 versabatur.
1366 4156 1438 4208 baec.
1450 4166 1516 4209 quae
1527 4161 1620 4199 narrat

390 4230 526 4281 Polancuta
537 4229 705 4281 intelligenda
715 4236 783 4272 aunt.

434 4301 445 4335 δ
473 4298 526 4343 “En
538 4300 597 4352 1549,
609 4312 641 4343 un
657 4300 734 4355 pleux
745 4298 912 4353 Lonvanlste¹
923 4300 1050 4353 Francoia
1063 4299 1222 4351 Knobbaert‚
1238 4300 1294 4342 leur
1308 4299 1420 4342 accorda
1434 4298 1619 4353 gratuitement

392 4374 408 4415 l'
420 4382 502 4425 usage
513 4372 536 4415 d'
545 4384 594 4415 une
605 4374 703 4415 maison
714 4384 764 4415 sisa
775 4383 821 4415 rue
832 4372 928 4425 Nauae,
939 4376 1000 4426 pres
1014 4373 1045 4415 de
1055 4372 1081 4414 la
1093 4369 1173 4413 Place
1188 4372 1224 4412 du
1234 4370 1336 4425 Peuple
1351 4372 1471 4421 aduella,
1481 4380 1513 4412 en
1522 4368 1579 4412 sace
1589 4370 1620 4412 de

391 4444 408 4486 l'
430 4444 555 4487 ancienne
567 4450 677 4487 convent
689 4444 734 4486 des
745 4442 880 4497 Clarisses;
892 4443 907 4486 l'
918 4446 999 4487 annee
1015 4444 1128 4493 suivant,
1143 4441 1224 4486 Henrl
1239 4442 1338 4492 Bactra,
1353 4445 1414 4485 cure
1430 4441 1461 4485 de
1471 4440 1509 4483 St.
1519 4438 1623 4488 Michel.

392 4515 449 4557 leur
461 4515 555 4557 achela
569 4526 617 4557 une
632 4515 731 4557 maison
747 4516 854 4557 roislne.
866 4514 892 4556 Ο
902 4522 941 4557 eat
952 4516 979 4557 la
989 4517 1030 4568 qu'
1042 4514 1073 4557 ils
1083 4515 1263 4557 demeurerent
1274 4513 1359 4567 jusqu'
1368 4524 1399 4555 en
1411 4512 1470 4562 1557,
1481 4515 1579 4565 epoque
1589 4514 1621 4555 ou

392 4588 424 4630 ila
436 4586 626 4629 transiererent
643 4588 698 4629 leur
716 4586 832 4629 domlclle
845 4586 909 4629 dans
922 4586 949 4628 la
966 4596 1012 4628 rue
1027 4585 1190 4640 Bakaleyna
1204 4586 1311 4639 appelee
1325 4584 1441 4639 aujourd'
1455 4584 1558 4627 hulme
1573 4583 1622 4625 des

394 4656 561 4711 Orpheum..
577 4656 725 4710 Datamen,
737 4658 753 4701 l.
765 4655 854 4701 c.-De
868 4657 918 4701 hac
935 4658 1014 4709 igitur
1027 4658 1100 4700 domo
1114 4668 1199 4700 sermo
1208 4662 1249 4699 est
1262 4656 1288 4698 ln
1297 4656 1345 4699 hoc
1362 4667 1395 4708 u.;
1408 4666 1499 4698 verum
1509 4665 1565 4699 cum
1576 4652 1626 4697 Po«

395 4730 463 4773 lanei
475 4730 562 4772 verbis
573 4730 712 4772 cohaerere
725 4740 774 4772 uon
785 4730 888 4772 videtur
900 4730 962 4772 illud
972 4729 1032 4771 leur
1041 4729 1144 4778 atheta,
1154 4740 1203 4783 quo
1211 4728 1293 4771 utitur
1303 4727 1449 4771 Dicarchea.
