3717 5400
784 459 846 516 Ax.
869 459 940 516 1535»
1440 460 1474 518 17

247 615 282 670 et
295 605 470 669 sacrificia
487 603 618 676 offerri,
629 617 663 667 et
675 605 776 667 varia
790 604 1026 684 poenitentiae
1042 621 1152 683 opera
1162 606 1296 686 suscipi
1308 623 1329 668 a
1341 607 1474 670 nostris

246 713 369 791 voluit;
386 723 517 775 etcum
531 712 631 774 multi
646 729 692 775 ex
706 711 773 789 his,
794 711 853 791 qui
870 710 1006 774 Romae
1029 723 1141 790 erant,
1161 713 1206 774 ad
1221 713 1474 791 peregrinatio-

246 837 328 882 nem
348 837 386 882 se
413 827 596 899 promptos
625 817 829 893 offerebant,
857 827 894 880 ut
924 819 1060 882 scilicet
1089 818 1134 880 ad
1163 835 1303 882 sacram
1332 820 1475 883 domum

247 925 288 990 B.
303 925 464 1004 Virginis
489 926 714 988 Lauretanae
740 925 985 988 mendicantes·
1005 925 1226 998 accederent,
1249 935 1401 1006 quatuor
1421 943 1476 990 sa·

248 1033 448 1096 cerdotibus
463 1050 505 1094 ea
521 1032 761 1112 peregrinatio
776 1048 948 1094 concessa
959 1046 1012 1094 est
1027 1031 1047 1105 ¹;
1062 1032 1140 1095 aliis
1154 1034 1225 1096 alia
1237 1034 1475 1112 poenitentiae

250 1157 293 1204 ae
308 1140 505 1204 devotionis
519 1156 656 1219 genera
669 1148 750 1202 sunt
764 1140 949 1220 permissa.

288 1247 339 1310 21.
379 1248 460 1331 Jam
473 1247 541 1310 hoc
557 1256 715 1326 tempore
730 1248 821 1309 ultra
839 1255 980 1310 centum
995 1247 1029 1309 iu
1046 1246 1204 1326 Collegio
1217 1247 1379 1310 Romano
1398 1266 1476 1312 ver-

247 1355 429 1432 sabantur,
447 1365 481 1417 et
502 1354 654 1417 dubitari
680 1371 748 1417 non
774 1363 912 1434 poterat
938 1354 1021 1434 quin
1046 1352 1212 1417 Summus
1228 1354 1390 1417 Pontifex
1406 1373 1477 1418 non

246 1464 361 1526 solum
375 1462 418 1524 ob
434 1461 598 1524 affectum
613 1463 722 1538 illum,
739 1478 843 1542 quem
858 1478 949 1539 erga
961 1473 1071 1524 totam
1087 1459 1301 1525 Societatem
1312 1463 1474 1542 gerebat,

246 1570 309 1632 sed
321 1569 402 1650 quia
418 1568 565 1646 collegii
581 1568 730 1632 Romani
751 1578 967 1631 momentum
983 1568 1028 1631 ad
1043 1585 1229 1631 commune
1251 1570 1382 1632 bonum
1397 1587 1476 1650 pro·

245 1676 463 1740 movendum
473 1685 697 1755 perspectum
711 1675 874 1751 habebat,
893 1683 927 1737 et
947 1675 1022 1754 ipse
1036 1675 1127 1738 inter
1153 1676 1231 1737 illos
1256 1687 1334 1739 erat
1348 1677 1477 1756 quibus

245 1782 325 1847 Rex
339 1782 522 1864 Philippus
537 1783 580 1845 de
595 1781 756 1862 Collegio
772 1782 927 1845 dotando
941 1782 1134 1862 scripserat
1145 1782 1168 1860 ¹¹,
1182 1793 1218 1845 et
1237 1783 1331 1863 apud
1345 1782 1478 1865 Julium

245 1891 391 1954 tertium
406 1891 441 1953 id
456 1901 658 1968 curaverat,
675 1889 839 1972 dubitari,
859 1889 1014 1970 inquam,
1039 1907 1110 1952 non
1132 1899 1283 1970 poterat,
1305 1891 1390 1970 quin
1405 1892 1476 1953 cito

244 2007 280 2060 et
296 1999 440 2077 egregie
455 1997 540 2059 illud
555 2006 648 2059 esset
662 1996 848 2059 dotaturus
863 1994 887 2072 ³,
903 2006 937 2058 et
953 1996 1023 2058 alia
1047 1999 1156 2058 multa
1178 1995 1318 2075 majora·
1338 1999 1387 2058 ab¹
1398 1995 1474 2075 ejus

246 2105 380 2185 pietate
396 2114 430 2166 et
445 2103 692 2167 benevolentia
708 2103 891 2183 expectari
905 2113 1082 2183 poterant.

290 2211 341 2274 22.
385 2209 499 2272 Aliter
519 2220 637 2272 tamen
653 2210 766 2272 visura
789 2220 840 2271 est
861 2210 1005 2272 divinae
1020 2209 1180 2288 bonitati,
1207 2219 1242 2273 et
1255 2211 1322 2274 22.ο
1346 2211 1405 2274 die
1421 2211 1478 2274 stri

247 2316 475 2398 pontificatus
486 2314 507 2394 ⁸,
522 2315 854 2397 quinquagesimum
866 2317 1027 2394 quintum
1039 2317 1168 2379 aetatis
1179 2333 1315 2380 annum
1326 2334 1438 2396 agens
1452 2316 1474 2396 ⁵,

246 2442 293 2488 ex
309 2425 374 2487 hac
389 2424 464 2487 vita
490 2423 670 2502 migravit,
698 2439 830 2502 magno
848 2423 903 2486 sui
925 2422 1101 2486 desiderio
1117 2425 1211 2503 apud
1227 2441 1350 2488 omnes
1364 2426 1484 2488 bonos·

245 2531 383 2608 relicto,
401 2548 489 2610 quos
504 2531 540 2593 in
555 2546 654 2610 spem
668 2529 819 2608 insignis
834 2529 1095 2593 reformationis
1109 2540 1284 2594 erexerat.
1384 2579 1389 2587 .

287 2637 338 2701 23.
381 2636 462 2702 Fuit
474 2647 593 2701 antem
604 2655 699 2701 nova
710 2636 835 2701 electio
847 2635 1026 2701 Pontificis
1041 2638 1219 2701 celebrata
1231 2654 1353 2703 mense
1366 2640 1474 2720 Maio,

245 2756 282 2809 et
298 2746 343 2809 ad
358 2744 540 2809 Summum
555 2743 802 2807 Pontificatum
815 2742 984 2826 [evectus]
999 2743 1071 2807 23*
1081 2744 1225 2823 diseias
1239 2748 1381 2825 mensio,
1398 2748 1478 2828 ipso

244 2853 304 2917 die
319 2852 549 2915 Ascensionis
570 2850 723 2929 Domini,
741 2850 941 2915 cardinalis
955 2851 1162 2929 'ineatinus
1179 2853 1335 2935 Joannes
1352 2854 1477 2919 Petrus

246 2958 403 3038 Caraffa,
420 2960 480 3040 qui
494 2960 591 3023 69.uun
603 2959 729 3022 aetatis
744 2975 875 3022 annum
891 2968 975 3022 tunc
987 2960 1127 3039 agebat,
1144 2971 1181 3022 et
1199 2959 1331 3025 Paulus
1350 2962 1406 3026 IV
1415 2978 1474 3025 vo·

245 3076 350 3130 catus
364 3077 427 3129 est.
446 3066 593 3129 Duobus
604 3066 721 3145 itaque
736 3066 915 3129 mensibus
931 3076 1007 3128 tres
1020 3065 1206 3130 Pontifices
1225 3065 1337 3131 Roma
1354 3069 1476 3131 videre

244 3175 370 3255 potuit.
389 3172 432 3237 Et
447 3174 610 3253 quamvis
626 3176 735 3237 muita
751 3172 885 3235 Paulus·
898 3182 1047 3253 quartus
1061 3174 1107 3237 sit
1121 3185 1320 3254 exequutus
1339 3192 1473 3252 eorum,

244 3298 339 3363 quae
353 3281 399 3343 ad
413 3281 699 3344 reformationem
711 3279 892 3343 Ecclesiae
904 3280 1094 3344 Marcellus
1105 3282 1281 3345 secundus
1293 3283 1477 3362 praecogi-

246 3398 401 3461 taverat;
419 3388 455 3451 in
470 3387 586 3451 studio
602 3398 720 3451 tamen
735 3396 878 3450 nostrae
893 3366 1092 3465 societatis
1106 3387 1209 3467 J'uxta
1224 3407 1325 3453 suum
1342 3391 1477 3453 institu-

245 3505 324 3559 tum
338 3493 611 3572 promovendae,
628 3494 743 3557 neutri
758 3512 803 3557 ex
814 3494 1056 3573 superioribus
1069 3496 1193 3558 similis
1204 3496 1343 3559 futurus
1358 3514 1477 3578 spera·

245 3602 365 3680 batur;
382 3618 464 3669 nam
479 3610 728 3682 praeterquam
744 3600 837 3680 quod
854 3602 936 3687 olim
959 3619 981 3663 a
995 3600 1033 3664 P.
1057 3601 1195 3681 ignatio
1211 3603 1420 3683 quibusdam
1441 3606 1478 3669 in

246 3710 355 3772 rebus
374 3708 592 3771 dissenserat
611 3704 634 3785 ⁰;
651 3717 795 3787 propter
818 3724 965 3770 causam
980 3708 1072 3771 illius
1093 3708 1234 3773 Octavii
1249 3710 1475 3791 neapolitani,

248 3815 294 3879 de
309 3833 377 3895 quo
393 3816 555 3895 superius
570 3815 702 3877 mentio
718 3815 813 3878 facta
828 3824 894 3891 est,
910 3814 1064 3878 offensus
1079 3816 1204 3895 fuerat,
1222 3834 1370 3893 cumea,
1387 3834 1478 3899 quae

247 3922 327 4002 ipse
339 3923 591 4001 impetraverat
600 3922 643 3985 de
652 3920 782 4001 juvene
795 3922 1000 4001 parentibus
1012 3924 1240 4003 restituendo,
1255 3923 1292 3985 P.
1305 3924 1476 4005 IgnatiuS,

293 4199 301 4230 1
332 4195 364 4239 Hi
376 4195 446 4239 suere
457 4195 511 4249 ipos
521 4195 548 4238 Ρ.
560 4194 672 4247 loannes
682 4195 713 4237 de
724 4195 845 4240 Polanco.
856 4194 882 4237 Ρ.
895 4194 1043 4239 Ludoricus
1058 4196 1194 4247 Gonzalez,
1205 4198 1232 4242 P.
1243 4199 1357 4245 Dirlacus
1372 4202 1403 4244 de
1413 4201 1479 4245 Guz-

244 4278 309 4314 mn
320 4274 346 4312 et
358 4267 385 4311 P.
397 4267 500 4321 caspar
516 4266 621 4312 Loarte.
637 4266 704 4311 Vide
721 4265 840 4310 Otrveerr
855 4265 986 4319 tiaram,
1005 4267 1044 4310 De
1060 4269 1140 4311 rebus
1155 4270 1298 4314 Societatis
1314 4272 1480 4317 Commenta·

246 4342 319 4391 rius,
328 4350 383 4393 cap.
394 4350 428 4392 tx,
440 4338 452 4387 i
462 4338 497 4393 25,
506 4346 532 4382 et
543 4339 639 4382 Carras
648 4339 681 4382 de
693 4338 748 4381 San
760 4337 878 4390 lgnacio,
888 4344 906 4380 t.
918 4351 944 4392 v,
955 4351 1029 4392 page.
1046 4339 1135 4383 tto-177
1143 4348 1170 4384 et
1181 4343 1360 4395 pazsii'iddffl.

289 4411 302 4443 ⁸
330 4410 395 4453 Vide
405 4420 493 4465 supra.
505 4420 565 4465 pag.
578 4410 609 4457 tu
620 4422 647 4453 n.
661 4412 695 4455 111.

291 4482 302 4511 i
330 4481 397 4525 Vide
406 4492 493 4537 supra.
503 4492 563 4536 pag.
577 4482 609 4531 t‘r,
620 4492 642 4525 n.
654 4482 685 4525 11.

291 4554 304 4586 ⁴
332 4552 446 4607 Scilicet,
457 4554 556 4608 Aprilis
567 4556 665 4597 ultimo.

294 4624 306 4658 ³
333 4624 417 4669 Natus
425 4632 483 4669 erat
495 4624 630 4669 Marcellus
640 4626 672 4668 6.·
683 4624 742 4680 Majl
756 4624 817 4668 1501.

290 4695 303 4729 θ
331 4696 397 4739 Vide
407 4706 495 4751 supra,
507 4704 525 4740 t.
536 4708 553 4749 r,
564 4708 624 4751 pag.
633 4697 668 4747 56,
681 4704 707 4741 et
719 4706 778 4752 pag.
789 4696 830 4739 212
839 4699 886 4740 sub
898 4698 972 4742 finem
983 4712 1007 4743 n.
1020 4700 1065 4745 173,

362 4784 400 4843 Τ.
418 4803 444 4843 ν.
