3717 5400
465 829 531 895 DE
549 828 707 895 PATRE
727 828 1030 896 PROVINCIALI
1056 828 1334 895 CASTELLAE

348 1150 436 1214 1237.
479 1152 615 1216 Bonam
629 1152 733 1234 huius
755 1153 840 1217 anni
854 1161 993 1233 partem
1008 1152 1046 1215 P.
1064 1152 1242 1215 Antonius
1263 1151 1384 1216 Araoz
1404 1150 1441 1214 iu
1459 1167 1518 1231 op·

281 1257 368 1337 pido
387 1257 587 1324 Vallisoleti
606 1260 738 1340 exegit,
758 1278 842 1324 nam
861 1278 907 1324 ex
928 1278 971 1323 eo
987 1260 1139 1323 caeteris
1160 1258 1248 1322 locis
1270 1274 1356 1321 suae
1372 1256 1519 1321 Provin-

282 1364 364 1427 ciae
384 1365 510 1429 melius
531 1383 595 1447 per
616 1367 765 1445 litteras,
790 1377 836 1446 et,
859 1383 941 1430 cum
960 1383 1049 1447 opus
1074 1375 1163 1444 erat,
1190 1382 1255 1445 per
1274 1363 1518 1429 visitationem

281 1472 471 1535 consulere
485 1482 636 1552 poterat.
652 1472 823 1554 Princeps
834 1473 941 1537 etiam
954 1473 1105 1555 Joanna,
1123 1481 1158 1535 et
1170 1472 1230 1535 alii
1241 1490 1286 1534 ex
1301 1470 1518 1553 primoribus

285 1578 420 1659 curiae,
436 1580 546 1660 etqui
560 1580 606 1644 ad
620 1598 700 1644 eam
715 1581 939 1644 confluebant
962 1580 1118 1643 illustres
1140 1579 1220 1658 viri,
1238 1578 1430 1658 plurimum
1445 1575 1522 1658 ejus

282 1702 397 1766 opera
415 1694 567 1765 utenteS,
591 1688 752 1751 eumdem
771 1687 900 1751 ibidem
920 1686 1074 1751 retinere
1096 1686 1329 1749 conabantur.
1351 1683 1421 1749 Sed
1441 1684 1521 1766 ipsa

286 1790 499 1857 Provinciae
522 1793 698 1858 Castellae
718 1796 865 1874 utilitas,
893 1793 1002 1857 immo
1028 1803 1062 1857 et
1085 1794 1237 1857 aliarum
1255 1790 1463 1873 Hispaniae,
1486 1791 1521 1855 id

287 1898 433 1979 exigere
446 1900 624 1966 interdum
644 1902 843 1981 videbatur,
864 1899 959 1982 quod
975 1901 1022 1965 ibi
1042 1910 1117 1964 tum
1138 1900 1375 1979 gubernatrix
1397 1916 1521 1963 eorum

283 2018 481 2086 'regnorum
494 2008 678 2088 resideret;
695 2008 794 2090 cujus
809 2018 844 2072 et
858 2008 1103 2073 Ministrorum
1119 2007 1299 2087 regiorum
1316 2006 1445 2070 ibidem
1463 2022 1518 2069 re·

284 2110 480 2177 sidentium
494 2113 598 2178 lavor
613 2115 659 2178 ad
672 2132 732 2179 res
746 2118 876 2179 multas
891 2124 970 2178 erat
984 2115 1221 2179 necessarius

350 2218 438 2311 1238.
482 2221 584 2285 Initio
599 2232 718 2286 tamen
740 2222 835 2301 anni,
859 2223 967 2285 etiam
989 2221 1142 2309 adversa
1163 2220 1369 2284 valetudine
1391 2218 1520 2299 capitis

283 2335 322 2388 et
336 2329 492 2407 pectoris
514 2328 644 2392 ibidem
664 2337 823 2392 retentus
845 2339 909 2408 est,
934 2345 1041 2410 quam
1061 2328 1241 2407 augebant
1266 2326 1520 2406 occupationes

284 2432 465 2514 assiduae,
481 2434 588 2499 immo
603 2435 860 2516 propemodum
875 2435 1077 2513 continuae,
1093 2451 1185 2515 quae
1208 2434 1270 2497 vix
1293 2434 1401 2497 ullam
1416 2433 1522 2497 habe·

286 2553 327 2601 re
340 2541 517 2605 rationem
532 2542 691 2623 corporis
706 2544 968 2624 permittebant,
986 2558 1065 2605 cum
1083 2558 1154 2605 non
1170 2541 1284 2605 solum
1299 2542 1442 2620 multae,
1457 2540 1520 2603 sed

285 2647 423 2713 arduae
437 2659 472 2713 et
486 2650 633 2714 maximi
653 2650 833 2730 momenti,
856 2650 1025 2716 etiamad
1049 2666 1234 2715 commune
1254 2648 1385 2713 bonum
1406 2646 1522 2727 Regni

284 2764 418 2833 essent;
435 2766 470 2819 et
483 2756 533 2819 ita
547 2767 671 2821 noctes
684 2757 873 2839 aliquando
891 2759 1071 2822 insomnes
1086 2758 1264 2837 exigebat,
1283 2768 1320 2820 et
1336 2752 1417 2819 cum
1432 2754 1523 2819 duas

287 2860 395 2925 horas
410 2863 614 2943 dormierat,
631 2865 771 2928 abunde
787 2875 937 2929 naturae
952 2864 1176 2929 satisfactum
1197 2865 1357 2946 putabat.

351 2968 438 3032 1239.
483 2969 696 3035 Admonitus
719 2973 835 3036 luerat
857 2991 878 3035 a
894 2973 1025 3036 nostris
1040 2991 1085 3035 ne
1108 2989 1145 3035 se
1161 2972 1263 3036 obrui
1279 2971 1519 3052 occupationi-

286 3071 354 3138 bus
368 3077 510 3157 sineret,
526 3087 561 3142 et
576 3077 674 3143 Patri
689 3079 797 3142 etiam
816 3078 955 3158 ignatio
971 3079 1039 3142 hoc
1054 3079 1170 3159 ipsum
1185 3078 1384 3158 videbatur,
1412 3086 1447 3140 et
1461 3095 1525 3140 eas

288 3183 511 3262 potissimum
522 3202 601 3248 esse
612 3187 872 3266 relinquendas,
882 3186 1134 3266 quaeinstituti
1146 3187 1259 3248 nostri
1269 3185 1397 3249 rationi
1407 3184 1523 3248 minus

287 3300 408 3354 essent
433 3303 711 3373 consentaneae,
739 3293 801 3356 sed
827 3292 1018 3373 aliquando
1044 3293 1195 3372 ipsemet
1219 3291 1447 3356 examinabat
1476 3308 1522 3354 an

285 3398 427 3478 aliquas
441 3416 487 3461 ex
501 3399 558 3462 his
572 3400 876 3480 occupationibus,
894 3400 1023 3480 quibus
1039 3399 1222 3463 districtus
1237 3399 1364 3476 iuerat,
1382 3398 1521 3461 evitare

288 3505 473 3584 potuisset,
489 3516 523 3569 et
535 3505 716 3587 judicabat
737 3506 800 3569 vix
814 3522 938 3569 earum
958 3507 1065 3568 ullam
1088 3507 1164 3569 sine
1187 3505 1381 3570 offensione
1405 3503 1522 3585 proxi·
1559 3585 1563 3594 Ι

289 3627 429 3676 morum
441 3613 592 3695 relinqui
611 3614 779 3694 potuisse.
800 3614 880 3694 Ipse
901 3613 1009 3676 etiam
1029 3611 1181 3677 Nuntius
1196 3613 1424 3694 Apostolicus
1448 3613 1457 3643 ¹
1474 3610 1523 3674 di·

290 3718 343 3782 xit
358 3719 391 3782 ei
405 3719 607 3799 aliquando:
632 3720 703 3784 “Tu
718 3731 793 3783 stas
815 3737 880 3800 pro
896 3719 1038 3798 Israel„
1054 3728 1089 3782 et
1112 3721 1208 3783 nullo
1225 3720 1330 3783 modo
1355 3719 1522 3783 conveni·

290 3842 341 3904 re,
359 3836 502 3907 propter
517 3825 619 3891 Sedis
636 3827 867 3909 Apostolicae
879 3827 1023 3906 negotia
1046 3826 1274 3891 existimabat
1289 3837 1328 3890 ut
1351 3826 1460 3890 etiam
1477 3826 1524 3890 ad

289 3945 426 4012 paucos
440 3933 515 3997 dies
530 3935 612 3997 inde
627 3934 821 3998 recederet.

354 4039 441 4104 1240.
484 4040 606 4122 Aliqui
619 4041 778 4123 theologi
793 4051 938 4123 propter
954 4042 1098 4121 negotia
1117 4034 1291 4122 quaedam
1315 4042 1437 4119 magni
1452 4058 1524 4104 mo·

287 4147 399 4211 menti
407 4146 654 4212 Vallisoletum
663 4162 839 4213 venerunt
849 4150 872 4228 ³,
885 4149 977 4212 iuter
988 4167 1077 4229 quos
1088 4148 1153 4211 suit
1161 4147 1220 4212 Fr.
1232 4147 1402 4212 Melchior
1411 4147 1522 4229 Cano,

332 4425 342 4458 ¹
370 4425 437 4471 Vide
447 4436 535 4482 nuptu.
545 4438 606 4482 pag.
617 4427 666 4480 ³99,
677 4439 702 4473 n.
714 4427 775 4479 1075.
785 4428 903 4473 annot&

330 4499 342 4529 ¹
369 4497 468 4543 Horum
475 4499 637 4553 negotiorum
644 4501 732 4554 magni
743 4499 875 4550 momenti,
883 4505 1062 4555 propterquae
1072 4499 1253 4545 Vallisoletum
1264 4506 1392 4546 venerant
1400 4503 1524 4557 theologi.

289 4571 458 4625 praecipuum
475 4577 535 4616 erat
549 4572 669 4616 executio
685 4572 849 4616 decretorum
868 4570 976 4616 Concilli
995 4571 1149 4628 Tridentini,
1169 4568 1239 4617 illius
1257 4574 1414 4628 praesertim
1433 4575 1527 4619 sessio-

290 4643 332 4686 uir
343 4641 424 4698 Vin,
434 4641 476 4687 De
485 4642 688 4698 reformatione,
696 4645 783 4698 capite
793 4654 830 4695 rr,
840 4643 883 4687 ubl
894 4643 924 4687 de
936 4643 1085 4688 visitatione
1097 4645 1267 4689 ecclesiarum
1277 4655 1324 4700 per
1333 4645 1477 4700 Episcopo·
1484 4646 1524 4691 io·

290 4713 384 4758 cienda
393 4717 490 4771 agitur.
500 4715 567 4760 Vide
575 4725 665 4770 supra,
675 4723 694 4760 t.
704 4727 740 4772 rr,
750 4727 811 4772 pag.
818 4715 867 4772 439,
877 4727 902 4760 n.
912 4715 964 4760 ⁹⁴5.
