3717 5400
357 453 416 513 714
822 456 947 514 Cnuou.
967 453 1044 515 Soc.
1064 454 1134 529 Jus.

364 598 566 678 devotione,
582 607 617 663 et
631 618 702 682 qua
717 601 831 681 potuit
844 600 921 665 fieri
937 601 1171 682 solemnitate,
1188 610 1334 682 peracta
1350 611 1449 680 sunt;
1466 610 1500 665 et
1514 600 1593 682 ipsa

361 716 481 783 nocte,
498 723 590 787 quae
604 708 818 788 sequebatur
833 708 926 773 diem
945 708 1047 791 Jovis
1068 707 1202 785 Sancti,
1219 708 1426 773 Mandatum
1448 706 1593 772 Domini

360 828 408 874 ac
419 809 626 877 Passionem
636 813 710 878 sere
724 832 836 895 usque
850 814 897 879 ad
912 832 1080 880 auroram
1096 812 1146 897 [P.
1160 812 1343 897 Melchior]
1357 813 1590 897 praedicavit.

427 918 515 984 1994.
561 920 629 983 13.a
643 921 699 985 die
713 921 798 1002 Maii
809 940 854 985 ex
865 939 977 1002 regno
989 921 1147 986 Patanae
1157 922 1329 1005 Japonem
1342 940 1467 986 versus
1478 922 1592 986 solve·

363 1036 460 1104 runt,
477 1028 667 1107 etquidem
681 1029 786 1092 valde
801 1029 896 1108 laeti,
912 1028 1007 1109 quod
1027 1028 1123 1093 nullo
1144 1028 1182 1093 in
1195 1029 1274 1093 lo'co
1288 1046 1400 1109 usque
1422 1028 1468 1092 ad
1487 1029 1591 1112 Japo-

361 1150 447 1197 nem
460 1133 679 1198 haerendum
692 1144 781 1211 erat,
799 1134 965 1215 etBungi
980 1134 1171 1217 sperabant
1185 1126 1266 1200 cum
1281 1136 1450 1200 fratribus
1464 1134 1592 1200 festum

365 1238 405 1302 B.
417 1240 566 1323 Joannis
580 1241 772 1322 celebrare;
785 1241 848 1306 sed
861 1244 897 1307 in
908 1244 1049 1324 pelago,
1061 1245 1155 1325 quod
1167 1253 1297 1307 vocant
1309 1241 1556 1308 Pulochondor
1569 1248 1592 1321 ¹,

363 1347 493 1427 ingens
507 1356 701 1431 tempestas
714 1349 842 1414 oborta
857 1360 922 1431 est,
939 1351 989 1413 ita
1004 1360 1041 1415 ut
1057 1351 1242 1433 navigium
1256 1351 1300 1415 ab
1321 1348 1478 1415 inferiori
1494 1358 1595 1431 parte

365 1454 404 1517 vi
426 1455 600 1519 undarum
623 1456 754 1537 aperiri
773 1457 957 1538 inciperet;
984 1467 1018 1521 et
1042 1458 1089 1521 ab
1113 1468 1264 1538 utroque
1286 1459 1395 1521 latere
1422 1456 1596 1537 superiori

363 1578 461 1643 aqua
485 1563 607 1627 navim
630 1564 736 1627 etiam
759 1564 939 1645 implebat,
959 1574 998 1628 ut
1017 1583 1114 1630 mors
1135 1566 1316 1630 videretur
1337 1564 1457 1628 vicina
1477 1563 1594 1627 admo·

363 1667 452 1731 dum
470 1668 666 1750 imminere;
684 1681 720 1734 et
739 1672 904 1752 quamvis
923 1682 996 1737 tres
1018 1682 1158 1737 tantum
1171 1672 1280 1737 horas
1301 1672 1359 1736 vel
1373 1680 1524 1753 quatuor
1539 1670 1596 1735 vis

365 1777 588 1855 tempestatis
611 1776 725 1858 major
749 1778 903 1859 duravit,
931 1780 1048 1843 coacti
1071 1780 1212 1845 fuerunt
1236 1797 1279 1843 eo
1304 1778 1396 1843 unde
1422 1784 1595 1842 venerant

367 1879 501 1962 redire;
517 1892 553 1946 et
571 1896 644 1948 tarn
663 1884 865 1964 praefectus
880 1886 984 1951 navis
1005 1902 1111 1967 quam
1126 1886 1270 1951 lusitani
1290 1883 1596 1965 conquerebantur

367 1989 465 2069 quod
486 1987 526 2052 P.
543 1989 727 2071 Melchior,
743 2000 782 2056 ut
799 1993 938 2056 animas
950 1992 1197 2074 Japonensium
1216 1993 1336 2057 salvas
1354 1992 1498 2067 faceret,
1519 2006 1596 2072 per·

313 2117 322 2135 =
370 2095 457 2158 dere
472 2096 569 2176 ipsos
583 2098 737 2177 volebat,
753 2107 788 2161 et
807 2116 954 2163 necesse
972 2098 1038 2163 luit
1058 2100 1198 2164 demum
1212 2100 1431 2164 Pelotimaon
1441 2094 1454 2129 ³
1466 2096 1594 2175 redire;

363 2200 577 2281 juraverant
591 2205 685 2268 enim
699 2205 735 2269 in
752 2205 915 2269 manibus
928 2206 1100 2287 praelecti
1115 2216 1255 2286 nautae,
1273 2205 1367 2287 quod
1377 2204 1478 2286 juxta
1493 2222 1598 2286 expe·

372 2308 549 2390 rientiam,
565 2328 672 2391 quarn
682 2312 814 2377 habere
828 2322 992 2394 poterant
1005 2314 1157 2377 marium
1168 2314 1320 2393 illorum,
1333 2314 1409 2377 sine
1423 2312 1595 2375 miraculo

353 2421 443 2480 'non
457 2427 597 2496 poterat
610 2420 806 2500 navigium,
823 2437 893 2502 quo
908 2420 1087 2501 volebant,
1103 2421 1303 2502 pervenire,
1319 2429 1354 2483 et
1373 2438 1431 2483 res
1445 2420 1522 2499 ipsa
1537 2419 1598 2482 do·

368 2540 454 2586 cere
467 2523 503 2587 id
516 2524 714 2603 videbatur;
733 2543 814 2590 cum
835 2527 930 2591 enim
945 2527 991 2591 ad
1010 2526 1219 2607 ejiciendam
1234 2542 1362 2607 aquam
1378 2544 1397 2589 e
1412 2526 1498 2589 navi
1512 2524 1523 2555 ³
1538 2525 1599 2588 diu

371 2639 550 2713 noctuque
568 2641 757 2714 vacarent,
784 2634 964 2697 assiccare
988 2651 1067 2699 eam
1086 2632 1100 2664 ⁴
1123 2651 1195 2699 non
1216 2642 1391 2714 poterant,
1415 2642 1450 2696 et
1469 2640 1600 2695 ventus

373 2746 448 2801 tam
469 2739 671 2804 contrarius
690 2750 778 2820 erat,
802 2741 896 2804 utin
917 2740 1155 2822 quadraginta
1181 2743 1334 2823 quinque
1360 2740 1471 2804 leucis
1494 2737 1599 2803 confi·

368 2844 508 2908 ciendis
518 2844 592 2909 fere
607 2846 845 2928 quadraginta
860 2847 936 2912 dies
950 2850 1245 2931 consumpserint.

435 2951 524 3017 1995.
568 2952 758 3018 Recreavit
781 2964 911 3035 tamen,
939 2973 1020 3020 curn
1045 2955 1275 3020 Politemaum
1301 2955 1312 2988 ⁵
1337 2956 1534 3030 venissent,
1557 2953 1597 3018 P.

371 3056 602 3124 Melchiorem
616 3063 795 3142 nuncium,
812 3063 907 3144 quod
926 3064 1076 3144 accepit,
1099 3063 1250 3128 duarum
1264 3063 1410 3126 navium
1428 3061 1600 3143 postridie

369 3165 418 3228 ad
437 3166 600 3231 eumdem
619 3168 736 3234 locum
753 3170 984 3250 venientium,
1009 3187 1159 3251 quarum
1180 3168 1351 3252 praefecti
1370 3179 1472 3233 erant
1488 3167 1600 3233 Fran·

371 3272 490 3336 ciscus
511 3272 720 3340 Toschanus
739 3285 774 3339 et
798 3277 975 3342 Antonius
994 3277 1136 3357 Perera,
1163 3277 1295 3340 nostris
1313 3277 1419 3340 valde
1444 3275 1599 3340 amicitia

370 3376 565 3460 conjuncti,
586 3382 647 3462 qui
662 3399 745 3447 suas
765 3401 877 3448 naves
896 3382 934 3447 P.
956 3383 1141 3448 Melchiori
1162 3383 1374 3448 obtulerunt.
1397 3381 1600 3448 Proficisce-

374 3488 504 3550 bantur
515 3488 564 3552 illi
580 3488 625 3551 ad
639 3488 754 3571 Sinas,
773 3500 808 3554 et
822 3491 903 3556 inde
917 3490 1022 3556 facile
1038 3492 1159 3556 navim
1174 3490 1437 3570 inveniendam,
1459 3507 1549 3572 quae
1563 3490 1600 3554 in

370 3594 548 3676 Japonem
563 3595 721 3676 duceret,
737 3597 913 3662 dicebant.
1329 3637 1334 3646 ·

439 3700 526 3764 1996.
570 3701 638 3766 Hic
650 3701 724 3782 jam
738 3703 921 3768 dubitabat
935 3703 1039 3770 valde
1053 3704 1092 3770 P.
1109 3704 1293 3781 Melchior,
1310 3722 1356 3769 an
1368 3723 1410 3768 ea
1425 3712 1518 3768 esset
1532 3699 1602 3767 Dei

376 3808 542 3872 voluntas
558 3810 647 3873 utin
667 3811 841 3893 Japonem
855 3820 1032 3892 pergeret,
1049 3830 1096 3876 an
1111 3812 1228 3893 potius
1248 3820 1286 3875 ut
1305 3812 1342 3876 in
1362 3811 1498 3876 Indiam
1513 3811 1602 3874 redi·

377 3926 431 3982 ret
455 3926 493 3981 ut
518 3915 633 3980 officio
657 3918 722 3981 suo
746 3917 972 3998 iungeretur3
994 3918 1057 3984 sed
1080 3936 1162 3982 cum
1186 3919 1280 3982 intra
1305 3935 1435 3982 novem
1464 3934 1602 3982 menses

376 4024 473 4088 nulla
492 4023 726 4088 commoditas
744 4023 909 4089 Malacha
928 4026 1125 4106 navigandi
1145 4026 1181 4089 in
1202 4026 1338 4090 Indiam
1362 4026 1482 4090 sutura
1497 4035 1601 4104 esset,

378 4130 545 4213 expedire
556 4130 731 4212 judicavit
746 4141 785 4194 ut
800 4130 845 4194 ad
860 4132 958 4196 sinas
971 4131 1176 4213 perveniret
1190 4142 1225 4196 et
1245 4141 1376 4196 statum
1396 4133 1489 4196 illius
1504 4131 1607 4211 regni

419 4335 428 4369 ¹
456 4336 486 4380 ln
498 4335 599 4380 sinensl
614 4336 680 4380 marl
696 4337 767 4381 ultra
781 4338 985 4390 promontorium
1001 4338 1129 4392 eatnboge
1140 4349 1186 4382 seu
1202 4337 1233 4382 de
1245 4339 1398 4394 Cattrbodja.
1414 4337 1543 4383 Scrlbltur
1556 4337 1610 4382 fre·

378 4411 499 4463 quentius
508 4408 682 4453 I’ulocondor.

419 4481 430 4513 ¹
456 4480 523 4524 Vide
532 4491 620 4534 supra,
629 4492 653 4524 n.
665 4480 724 4525 19⁹1.

345 4586 349 4592 .
418 4551 431 4583 ⁸
456 4551 501 4596 lis.
513 4553 591 4596 babet
603 4553 683 4605 attari,
691 4553 748 4598 loco
758 4564 773 4596 e
783 4554 857 4599 navi.

418 4624 432 4656 ⁴
456 4623 585 4668 lineum.

418 4694 431 4726 ³
458 4695 547 4738 Paulo·
553 4695 653 4740 Timon.
665 4695 732 4740 Vide
742 4708 802 4750 pag.
810 4697 859 4747 713.
870 4703 958 4742 annot.
967 4699 987 4742 l.
