3717 5400
782 492 846 551 Au.
867 492 938 551 1555
1419 487 1477 547 549

241 642 363 722 populi
383 641 490 705 etiam
507 638 758 719 praecedentia
778 637 1011 702 Sacramenta
1033 637 1101 716 ipsi
1120 634 1202 698 data
1218 635 1421 714 credebant;
1438 642 1474 697 et

241 749 336 829 quod
353 764 475 811 eorum
490 764 606 827 capax
618 746 743 810 edecta
753 746 876 809 luisset
887 745 1061 808 miraculo
1073 744 1276 807 tribuebant
1290 740 1311 821 ¹,
1324 752 1358 805 et
1373 757 1473 822 pror·

241 872 314 935 555,
337 865 375 918 51
395 854 585 935 aliquando
610 854 646 917 in
668 853 817 917 articulo
841 852 965 915 mortis
985 851 1107 915 divina
1132 849 1376 913 misericordia
1398 848 1474 928 qui·

242 962 392 1025 busdam
407 972 524 1025 mente
538 961 664 1040 captis,
681 969 742 1022 aut
758 959 868 1039 quiin
888 958 1050 1022 delirium
1065 956 1275 1033 inciderant,
1293 957 1472 1035 integrum

236 1066 410 1147 judicium
430 1068 594 1142 restituit,
615 1065 739 1129 eadem
758 1064 1003 1129 misericordia
1023 1065 1059 1126 in
1074 1062 1250 1143 Reginam
1270 1079 1354 1125 usus
1375 1059 1473 1125 vide·

243 1175 360 1237 batur.

285 1280 373 1344 1502.
417 1281 534 1345 Etiam
556 1280 749 1345 secundum
774 1296 908 1359 eorum,
937 1279 997 1359 qui
1016 1289 1222 1358 praesentes
1240 1276 1316 1357 ejus
1342 1278 1473 1355 migra·

242 1388 330 1451 tioni
345 1387 498 1469 suerunt,
520 1389 740 1467 sententiam,
759 1385 842 1451 etP.
869 1385 1053 1450 Francisci
1073 1383 1208 1448 meritis
1226 1384 1388 1447 homines
1404 1384 1472 1447 hoc

239 1493 309 1559 Dei
332 1494 542 1559 beneficium
568 1488 754 1576 acceptum
774 1493 950 1557 ferebant.
977 1492 1022 1556 Et
1043 1500 1229 1571 tantopere
1254 1490 1470 1555 existimatio

241 1600 398 1681 ejusdem
412 1602 529 1666 Patris
544 1604 579 1666 in
604 1602 674 1665 illis
698 1601 819 1681 regnis
844 1599 959 1664 crevit
983 1616 1029 1663 ex
1044 1598 1223 1678 exemplo,
1239 1598 1472 1662 concionibus

240 1718 274 1771 et
306 1710 492 1790 colloquiis
519 1708 616 1789 ejus,
647 1719 686 1772 ut
714 1707 885 1787 Princeps
914 1707 1076 1789 Joanna,
1103 1722 1194 1786 quae
1220 1704 1332 1784 ipsius
1353 1702 1472 1768 Patris

240 1833 348 1896 opera
375 1816 420 1879 ad
445 1832 614 1895 magnam
641 1815 868 1879 sanctitatem
894 1820 1122 1894 pervenerat,
1155 1810 1347 1876 affirmaret
1377 1813 1471 1875 nolle

242 1940 280 1987 se
305 1923 428 1988 videre
452 1922 635 1987 Summum
658 1920 864 1986 Pontificem
889 1919 927 1983 P.
955 1919 1187 1984 Franciscum
1210 1926 1355 2000 propter
1381 1936 1476 1982 com·

243 2047 385 2095 munem
410 2031 613 2109 utilitatem,
642 2046 749 2111 quam
773 2027 848 2107 eJ'us
873 2026 1048 2109 profunda
1071 2026 1252 2120 humilitas
1272 2037 1307 2089 et
1329 2026 1473 2089 sinceri-

242 2148 299 2201 tas
325 2138 457 2201 mundo
482 2136 668 2215 afferebat;
684 2146 719 2200 et
735 2153 816 2199 curn
830 2133 1014 2215 Principes
1034 2132 1182 2197 maximi
1199 2150 1281 2195 eum
1299 2130 1474 2212 magnifa-

241 2254 374 2321 cerent,
391 2254 424 2307 et
439 2244 485 2307 ad
500 2262 581 2307 eum
595 2243 803 2318 scriberent,
820 2252 855 2305 et
873 2258 932 2304 res
947 2258 1031 2304 suas
1046 2256 1127 2303 cum
1146 2257 1188 2304 eo
1208 2248 1246 2302 ut
1262 2248 1364 2319 patre
1378 2254 1472 2302 com·

241 2354 475 2430 manicarent,
498 2351 724 2414 observatum
745 2348 911 2429 estquod
931 2348 1017 2411 nihil
1036 2346 1079 2410 de
1100 2346 1223 2409 humili
1239 2354 1413 2425 conceptu
1433 2354 1467 2409 et

240 2458 467 2539 despectione
482 2458 537 2521 sui
552 2466 697 2539 propter
712 2456 797 2521 talia
811 2456 869 2520 ille
889 2454 1103 2521 immutavit.
1118 2452 1164 2516 Et
1178 2452 1284 2532 longe
1299 2452 1350 2515 illi
1366 2451 1472 2531 maio·

243 2583 319 2631 rem
344 2565 592 2635 auctoritatem
619 2574 843 2644 contemptus
867 2560 1069 2643 hujusmodi
1093 2578 1212 2626 rerum
1241 2559 1469 2641 conciliabat,

240 2689 349 2754 quam
364 2674 435 2736 ulla
457 2670 665 2754 magnitudo
681 2670 875 2735 saecularis
890 2678 951 2732 aut
970 2668 1215 2733 ecclesiastica
1230 2666 1469 2732 conciliasset.

282 2779 369 2842 1503.
414 2779 594 2860 Quantum
609 2789 728 2842 autem
741 2778 778 2842 in
792 2776 928 2841 Palatio
945 2775 957 2807 ¹
972 2787 1007 2839 et
1017 2776 1154 2839 nobiles
1164 2775 1340 2840 foeminae
1354 2783 1390 2838 et
1401 2775 1472 2840 viri

239 2885 455 2967 profecerint
480 2885 554 2965 eJ'us
568 2885 755 2966 colloquiis
769 2893 803 2948 et
819 2883 1051 2947 concionibus
1069 2882 1133 2945 vix
1147 2883 1319 2962 explicari
1336 2893 1469 2962 posset.

238 2991 308 3058 Sed
322 2994 366 3057 de
381 2993 461 3056 aliis
477 2993 585 3057 etiam
605 2991 793 3056 Societatis
820 2991 993 3071 operariis
1013 2989 1081 3052 hoc
1101 2989 1190 3052 satis
1209 2989 1396 3053 manifeste
1410 2989 1472 3052 ob·

238 3101 461 3179 servabatur,
478 3099 573 3181 quod
588 3099 741 3163 influxus
754 3099 897 3162 divinae
912 3097 1265 3177 gratiae'peculiaris,
1283 3113 1355 3160 non
1365 3095 1470 3176 Juxta

238 3224 361 3270 eorum
377 3209 520 3284 talenta,
537 3207 600 3270 sed
611 3205 713 3286 juxta
728 3205 924 3284 gratuitam
938 3203 1095 3285 ejusdem
1110 3202 1179 3266 Dei
1198 3203 1467 3283 benignitatem,

238 3329 371 3394 magua
387 3323 422 3378 et
436 3316 623 3395 praeclara
637 3315 674 3378 in
688 3313 892 3376 hominibus
908 3312 1074 3375 efficeret.

280 3420 368 3484 1504.
412 3420 534 3485 Abbas
553 3420 825 3501 complutensis
847 3419 1061 3498 cognomine
1082 3417 1219 3482 Rincon
1238 3417 1261 3497 ⁸,
1283 3415 1473 3482 Simancas

237 3529 336 3592 venit
351 3538 386 3592 et
400 3528 497 3592 Patri
512 3528 718 3606 Francisco,
742 3527 801 3608 qui
825 3525 956 3590 ibidem
978 3535 1063 3590 tunc
1078 3535 1165 3604 erat,
1191 3525 1334 3588 domum
1349 3540 1471 3604 quam·

238 3636 321 3700 dam
336 3636 461 3699 obtulit
480 3652 591 3715 prope
606 3633 756 3698 Pontem
769 3633 798 3697 F
800 3641 959 3697 erratum
972 3630 984 3662 ⁴
1002 3633 1039 3696 in
1052 3634 1144 3710 loco,
1159 3649 1265 3712 quem
1279 3631 1443 3695 Bierzum
1459 3628 1472 3660 ⁸

237 3753 381 3820 vocant,
398 3743 434 3805 in
449 3741 646 3806 confinibus
666 3741 767 3820 regni
790 3739 1007 3818 Callaeciae,
1034 3749 1072 3802 ut
1087 3739 1135 3802 ibi
1160 3738 1357 3818 Collegium
1371 3738 1470 3801 fieret

280 4016 287 4047 ¹
317 4017 390 4062 Haec
405 4018 427 4061 sl
443 4017 535 4061 scisset
551 4021 596 4060 551
610 4016 801 4060 considerasset
816 4015 955 4067 Augustus
968 4024 1020 4057 von
1036 4014 1275 4069 Druffel,sclllcet,
1291 4015 1471 4068 praevalulsse
1573 4015 1576 4020 '

237 4090 306 4144 apud
322 4090 445 4144 populum
459 4089 604 4143 opinionem
620 4087 687 4143 quod
705 4098 755 4130 non
771 4093 873 4130 tantum
887 4085 1040 4130 Extremam
1062 4086 1223 4134 Unctiouem.
1241 4087 1285 4129 555
1303 4085 1473 4130 confessionis

237 4163 316 4206 etiam
337 4169 530 4205 sacramentum
547 4169 573 4206 et
589 4159 771 4206 Eucharistiae
786 4159 899 4203 moriens
915 4157 1016 4210 Regina
1031 4167 1194 4212 susceperat,
1213 4170 1262 4201 non
1278 4158 1317 4202 lta
1333 4160 1428 4202 acerbe
1444 4159 1471 4202 ln

237 4223 399 4278 Ctaaruat'tos
415 4233 506 4276 luisset
522 4234 648 4287 intectus,
667 4233 718 4287 qui,
735 4233 795 4276 licet
806 4241 869 4285 prae
885 4230 1004 4273 manibus
1014 4231 1062 4274 boc
1078 4229 1192 4274 Potauct
1204 4229 1359 4280 chronicon,
1372 4229 1470 4275 Romae

235 4306 359 4359 scribens,
370 4312 451 4356 certo,
467 4311 495 4348 ut
511 4315 560 4348 non
575 4305 655 4348 semel
671 4303 724 4358 ipse
739 4303 846 4354 latetur,
862 4302 954 4344 habult
963 4300 1040 4351 (Vlde
1050 4313 1139 4357 supra,
1150 4310 1169 4345 t.
1180 4313 1215 4354 ru,
1228 4313 1288 4356 pag.
1299 4302 1333 4350 76.
1350 4307 1438 4345 annot.
1449 4302 1473 4354 l;

235 4384 262 4421 et
273 4387 333 4431 pag.
343 4377 376 4419 81.
388 4381 475 4420 annot.
486 4377 516 4431 1),
526 4383 614 4420 tamen
623 4377 700 4430 Juxta
710 4375 776 4418 hanc
786 4373 872 4428 populi
884 4373 1028 4426 opinionem
1039 4374 1204 4417 concinnavit
1215 4385 1289 4416 auam
1304 4373 1379 4428 hujus
1392 4382 1472 4416 even·

236 4446 475 4490 tusnsrrationem.

277 4515 289 4547 ¹
316 4515 345 4559 ln
355 4514 460 4559 Palatio
471 4515 599 4570 Principis
609 4516 735 4568 Joannae.

277 4587 290 4619 ⁸
317 4586 363 4631 115.
375 4588 455 4632 babet
467 4587 599 4632 Rinchon.

277 4659 289 4691 ⁴
317 4659 496 4715 Ponferrada.

277 4729 289 4762 ὅ
323 4729 543 4786 Villasrancadel
559 4729 659 4776 Viarao.
