3717 5400
801 495 864 553 Aa.
891 494 962 554 1555
1442 494 1494 553 421

265 638 345 701 aliis
368 640 520 703 confessi
539 640 715 705 interdum
737 642 804 705 sibi
827 660 898 705 non
918 641 1201 715 satisfaciebant,
1229 641 1341 703 donec
1364 642 1496 703 nostris

265 745 531 810 confiterentur.

327 852 413 915 1124.
456 854 537 917 Fuit
551 864 670 918 autem
691 858 860 937 templum
875 866 1038 919 nostrum
1054 858 1146 919 inter
1160 874 1203 918 ea
1219 855 1443 933 designatum
1460 854 1495 916 in

265 960 393 1035 quibus
410 960 554 1040 iubilaei
575 963 694 1042 gratia
717 972 857 1043 poterat
877 964 1046 1041 obtineri,
1070 964 1164 1043 quod
1183 964 1219 1024 in
1240 978 1349 1025 eausa
1373 961 1437 1024 fuit
1458 971 1495 1026 ut

263 1068 518 1145 poenitentium
533 1086 701 1133 numerus
715 1082 917 1149 augeretur;
934 1081 970 1133 et
983 1072 1121 1135 fructus
1133 1070 1284 1148 insignis
1299 1087 1343 1131 ex
1355 1068 1422 1132 hoc
1434 1069 1495 1131 mi-

264 1175 412 1238 nisterio
427 1186 734 1241 sacramentorum
749 1178 984 1242 confessionis
998 1186 1033 1241 et
1048 1178 1307 1241 communionis
1327 1176 1494 1255 sequeba-

263 1288 331 1342 tur.
349 1281 435 1344 Erat
449 1283 541 1345 inter
556 1285 646 1347 alios
662 1286 819 1349 medicus
839 1285 994 1366 quidam,
1019 1284 1078 1367 qui
1099 1285 1150 1348 sic
1171 1292 1381 1363 gustaverat
1401 1283 1495 1345 hunc

267 1386 430 1466 fructum,
448 1401 485 1452 ut
498 1391 758 1470 quodammodo
770 1402 872 1455 extra
885 1393 1053 1472 seipsum,
1071 1408 1152 1455 cum
1162 1391 1205 1453 de
1218 1408 1260 1454 eo
1272 1390 1493 1470 loquebatur,

263 1512 343 1557 esse
356 1496 550 1575 videretur,
573 1509 606 1561 et
622 1517 703 1562 cum
723 1498 817 1562 fame
832 1517 875 1562 ac
891 1499 948 1562 siti
965 1500 1092 1562 borum
1111 1506 1420 1561 sacramentorum
1435 1496 1493 1559 ad-

262 1603 424 1665 miranda
440 1605 485 1666 ad
501 1623 543 1667 ea
564 1606 758 1669 accedebat
777 1616 810 1669 et
831 1607 921 1669 alios
943 1606 1127 1682 invitabat;
1146 1615 1180 1668 et
1201 1604 1366 1684 quamvis
1388 1606 1493 1685 pauci

261 1718 380 1772 essent
394 1712 507 1775 nostri
522 1713 738 1792 sacerdotes
757 1715 885 1778 mirum
901 1730 1009 1794 quam
1024 1714 1144 1776 multis
1159 1729 1223 1775 sua
1241 1712 1448 1776 assiduitate
1460 1721 1495 1774 et

262 1815 439 1880 indefesso
455 1818 575 1881 labore
587 1819 846 1883 satisfacerent.
862 1820 902 1883 In
916 1820 1143 1883 scholasticis
1158 1829 1276 1882 autem
1292 1818 1493 1882 adolescen-

262 1923 358 1985 tibus
372 1925 547 2003 imprimis
562 1927 619 1989 bic
634 1926 769 1990 fructus
785 1927 957 1991 elucebat.

324 2030 411 2094 1125.
455 2032 735 2097 Desiderabatur
761 2036 992 2098 concionator
1021 2036 1147 2115 aliquis
1176 2034 1416 2113 Methymnae;
1443 2044 1492 2096 ta·

261 2155 353 2216 men,
371 2140 449 2202 aliis
464 2140 499 2202 in
515 2140 602 2204 locis
618 2158 699 2205 cum
713 2142 762 2205 illi
784 2142 948 2222 occupati
964 2152 1094 2217 essent,
1118 2142 1235 2205 minus
1256 2142 1370 2221 potuit
1391 2142 1491 2203 satis-

259 2242 335 2306 fieri
357 2262 463 2324 quam
483 2248 671 2327 optabatur
687 2250 1008 2329 methymnensium
1031 2248 1218 2311 desiderio.
1231 2247 1492 2311 Posterioribus

258 2360 377 2415 tamen
397 2355 578 2417 mensibus
600 2355 704 2435 huius
729 2358 812 2420 anni
831 2356 868 2419 P.
884 2354 953 2419 Sl*
968 2355 1065 2420 Crux
1085 2355 1235 2419 ¹ibidem
1257 2356 1490 2419 concionatus

258 2468 312 2520 est
324 2460 509 2524 dominicis
524 2480 567 2523 ae
584 2461 682 2525 festis
697 2462 831 2539 diebus,
845 2475 880 2525 et
894 2462 1036 2543 quidem
1048 2480 1128 2526 cum
1139 2479 1272 2540 magna
1286 2462 1485 2541 frequentia

257 2564 294 2627 in
313 2568 444 2647 templo
460 2578 593 2631 nostro.
606 2568 646 2632 In
667 2572 835 2634 nundinis
857 2583 976 2634 autern
997 2570 1050 2633 bis
1072 2572 1304 2633 concionatus
1327 2579 1391 2647 est,
1406 2582 1490 2634 ante

257 2672 355 2753 ipsas
370 2678 623 2755 trapezitarum
644 2696 797 2757 mensas
821 2696 925 2758 quern
947 2696 1027 2741 cum
1050 2678 1237 2758 praedives
1257 2676 1399 2757 quidam
1420 2696 1491 2742 me·

257 2791 376 2845 rcator
389 2784 555 2862 audisset,
570 2785 796 2850 facultatibus
812 2789 973 2850 omnibus
985 2789 1162 2866 extemplo
1175 2785 1326 2864 reiectis
1341 2787 1375 2849 in
1390 2787 1488 2850 Mon·

256 2898 291 2952 te
306 2888 450 2954 Serrato
465 2895 700 2956 monasticum
717 2895 878 2957 ordinem
889 2894 948 2958 stt
965 2895 1143 2958 Benedicti
1160 2895 1344 2974 amplexus
1359 2903 1423 2956 est.

320 2996 407 3061 1126.
451 2998 553 3078 Quod
572 3002 800 3064 concionibus
815 3001 936 3076 defuit,
958 3019 1003 3064 ex
1022 3011 1123 3081 parte
1146 3002 1291 3064 scholae
1307 3001 1374 3063 hoc
1391 3019 1485 3065 anno

255 3107 529 3186 suppleverunt;
565 3126 648 3170 nam
678 3109 778 3189 juxta
812 3110 1000 3173 formulam
1034 3109 1265 3187 collegiorum
1298 3106 1488 3172 Societatis

255 3223 410 3290 nostrae,
427 3214 496 3277 hac
511 3225 647 3278 aestate
668 3225 741 3278 tres
760 3217 893 3279 classes
911 3217 1164 3294 grammatices
1183 3214 1325 3278 fuerunt
1350 3215 1485 3279 institu-

253 3329 322 3397 tae,
337 3337 459 3384 mense
474 3322 608 3387 scilicet
621 3322 738 3405 Junio;
754 3332 799 3401 et,
813 3333 851 3385 ut
866 3323 1090 3402 sperabatur,
1107 3323 1155 3384 ita
1172 3323 1315 3384 omnino
1326 3321 1484 3387 fructum

253 3443 326 3490 non
340 3428 592 3507 poenitendum
606 3447 652 3492 ex
666 3443 789 3493 earum
802 3429 1023 3492 institutione
1038 3431 1152 3494 nostri
1167 3440 1375 3509 coeperunt;
1399 3440 1434 3493 et
1451 3431 1489 3496 in

253 3533 327 3596 dies
342 3535 522 3614 profectus
537 3537 573 3599 in
587 3537 743 3600 moribus
755 3537 832 3599 etin
846 3537 984 3614 litteriS,
998 3537 1033 3598 in
1043 3535 1242 3615 iuvenibus,
1256 3536 1316 3616 qui
1334 3537 1369 3598 in
1385 3536 1486 3600 scha-

254 3640 297 3703 lis
308 3643 592 3721 instituebantur,
607 3643 829 3717 cernebatur,
843 3653 877 3706 et
892 3643 999 3705 latius
1015 3643 1168 3722 patebat.
1191 3641 1262 3706 Sub
1281 3643 1386 3707 finem
1401 3643 1485 3726 Julii

253 3765 361 3828 supra
388 3749 567 3828 octoginta
581 3747 655 3828 jam
669 3758 772 3813 erant
786 3750 1003 3829 scholastici;
1020 3759 1054 3812 et
1065 3758 1145 3830 post
1161 3749 1361 3828 Augustum
1374 3768 1420 3814 ex
1434 3753 1485 3814 vi-

253 3855 342 3918 cinis
356 3856 461 3934 pagis
472 3866 506 3919 et
521 3874 567 3919 ex
581 3857 659 3936 ipso
671 3859 801 3937 populo
817 3857 936 3936 plures
951 3857 1092 3920 venturi
1106 3858 1396 3936 expectabantur.
1413 3857 1486 3922 Sub

252 3963 337 4024 anni
352 3960 459 4025 tinem
474 3963 617 4027 circiter
633 3973 775 4027 centum
790 3975 824 4026 et
841 3965 988 4042 triginta
1005 3975 1117 4026 erant.

315 4068 403 4131 1127.
446 4068 540 4132 Acta
554 4069 620 4133 fuit
634 4071 831 4146 tragoedia,
849 4088 955 4150 quam
971 4088 1061 4133 unus
1076 4089 1121 4133 ex
1136 4069 1317 4148 fratribus,
1334 4071 1481 4147 scilicet,

250 4173 427 4256 Josephus
442 4177 487 4239 de
500 4175 648 4250 Acosta,
676 4175 745 4258 [de]
768 4175 894 4258 Jephte
918 4177 1025 4240 tiliam
1052 4177 1252 4239 trucidante
1272 4180 1482 4259 composuit;

250 4299 341 4362 quae
356 4300 438 4346 cum
453 4285 626 4364 applausu
640 4301 778 4347 summo
790 4294 825 4346 et
836 4285 957 4364 populi
968 4285 1295 4363 acclamationibus
1310 4303 1352 4347 ae
1365 4285 1481 4349 aedifi-

249 4389 390 4452 catione
405 4408 477 4453 non
496 4389 678 4469 mediocri,
705 4401 740 4455 et
764 4404 957 4472 augmento
980 4392 1253 4455 existimationis
1279 4394 1482 4458 scholarum

291 4668 299 4698 ¹
328 4667 478 4712 Sermonem
495 4667 550 4713 lieri
569 4670 747 4713 existimamus
763 4671 794 4713 de
813 4669 842 4712 P.
859 4670 957 4722 Joanne
978 4670 1009 4712 de
1026 4669 1106 4713 Santu
1124 4669 1200 4720 Cruz,
1217 4671 1356 4726 Burgensis
1373 4673 1481 4728 Collegit

249 4739 342 4781 incola.
