3717 5400
366 469 421 528 216
825 474 1049 534 Cnnon.·Soc.
1071 475 1141 546 Jss.

365 616 524 697 Joannes
535 616 690 681 Pinellus
703 619 806 682 valde
821 620 979 699 optabat;
992 619 1055 683 sed
1066 619 1194 684 civitas
1206 620 1311 698 paulo
1327 617 1478 697 amplius
1489 635 1596 697 quam

365 725 548 803 octoginta
563 741 691 788 aureos
706 743 844 789 annuos
858 726 945 790 darc
959 736 1110 807 poterat.
1127 726 1226 789 Licet
1241 736 1360 789 tamen
1379 726 1465 789 nihil
1479 725 1597 788 dedis·

366 843 430 910 set,
449 830 635 894 videbatur
647 832 815 912 expedire
827 841 864 896 ut
876 833 923 896 ibi
936 833 1133 914 Collegium
1144 834 1255 910 lieret,
1269 850 1372 913 aquo
1385 833 1596 913 aliquidspi·

366 936 502 1001 ritualis
516 938 639 1002 auxilii
654 938 700 1002 ad
715 957 756 1002 ea
778 941 857 1003 loca
872 941 1015 1020 rediret,
1032 941 1194 1020 aquibus
1215 949 1354 1004 tantum
1369 939 1595 1002 emolumenti

361 1047 569 1124 temporalis
584 1047 873 1111 Panormitanum
888 1047 1084 1127 Collegium
1098 1047 1296 1129 accipiebat
1312 1045 1332 1111 ¹.

425 1151 495 1214 629.
539 1150 746 1233 Drepanum
767 1153 849 1217 inde
870 1155 1028 1234 perrexit
1049 1154 1087 1219 P.
1113 1154 1360 1234 Prouincialis,
1382 1153 1443 1217 ubi
1461 1153 1595 1217 invenit

365 1259 512 1322 fratrem
536 1259 710 1341 Jacobum
742 1262 785 1325 de
808 1261 976 1342 Augubio
996 1262 1073 1343 (qui
1097 1262 1238 1326 cuidam
1261 1263 1477 1326 monasterio
1495 1279 1595 1341 prae·

360 1377 441 1430 erat
452 1369 474 1442 ³)
490 1367 534 1431 de
549 1368 699 1448 collegio
715 1367 903 1434 Societatis
922 1370 1136 1434 instituendo
1151 1387 1233 1433 cum
1247 1389 1290 1433 ea
1309 1370 1453 1433 civitate
1473 1385 1593 1448 agere,

407 1637 416 1670 ¹
444 1635 520 1681 Haud
531 1643 618 1682 tamen
628 1644 689 1682 ante
700 1649 794 1682 annum
804 1637 856 1681 lats
864 1639 993 1683 Marsalae
1002 1639 1142 1683 Societatis
1150 1638 1293 1692 Collegium
1301 1639 1445 1682 institutum
1454 1646 1503 1682 est.
1510 1637 1596 1694 “Lily-

363 1710 466 1761 baeum,
478 1707 582 1753 Siclliae
593 1716 716 1764 pervetus
726 1710 846 1764 oppidum
856 1711 943 1764 (hodie
952 1710 1104 1755 Mersellnm
1113 1716 1218 1760 vocant)
1228 1710 1254 1754 in
1263 1709 1408 1764 cognomini
1420 1710 1596 1764 promontorio

367 1779 470 1824 visitur.
480 1779 529 1824 iiic
539 1781 650 1834 primum
661 1782 685 1824 in
695 1779 803 1836 Collegii
814 1781 981 1826 fundamenta
991 1781 1086 1836 dejecit
1097 1781 1208 1836 lapidem
1225 1780 1318 1824 Comes
1333 1780 1474 1833 oliverius,
1489 1779 1595 1824 Siciliae

366 1851 473 1897 Prorex.
484 1852 591 1897 Redltus
601 1864 699 1896 annuos
710 1860 832 1908 coeperat
846 1854 1016 1908 suppeditare
1031 1855 1159 1898 Antonius
1174 1852 1345 1903 Lombardns,
1362 1852 1531 1896 Mamertinus
1546 1853 1595 1896 Ar·

364 1919 554 1977 chleplscopus,·
571 1931 681 1966 auxerat
694 1923 797 1966 eosdem
813 1923 917 1976 clvltas;
928 1924 986 1966 ilios
1002 1923 1147 1966 cumulavit
1161 1920 1311 1977 Stephanus
1326 1921 1439 1966 Frlseiia
1453 1931 1594 1976 nomenque

362 1993 510 2038 fundatoris
520 1995 685 2048 promeruit..
696 1994 725 2037 P.
736 1993 861 2046 Joseenus
869 1994 1033 2048 Jouveucrus,
1046 1993 1118 2038 Hist.
1130 1994 1186 2039 Soc.
1196 1993 1274 2048 Jesu,
1283 2000 1353 2048 part.
1364 2006 1389 2048 v,
1400 1994 1445 2037 lib.
1456 2005 1501 2046 xv,
1511 2005 1536 2038 ra
1546 1993 1596 2036 6.-

364 2065 404 2108 De
414 2066 461 2109 hoc
472 2065 553 2109 fusius
563 2066 695 2120 paululum
706 2065 823 2109 Roccaus
834 2066 936 2110 Prnaus:
947 2065 1101 2110 “societatis
1112 2065 1174 2119 Jesu
1185 2066 1337 2119 Collegium,
1352 2067 1485 2110 subtituto
1502 2065 1596 2108 Sancti

366 2135 498 2192 Stephani
506 2135 648 2191 Martyris,
658 2137 741 2180 nobile
753 2143 793 2181 est
803 2139 837 2181 ab
847 2148 914 2181 anno
927 2137 987 2188 1589,
997 2148 1077 2191 opera
1087 2143 1114 2182 et
1123 2136 1293 2192 proventibus
1305 2148 1383 2192 super
1399 2137 1531 2182 aerarium
1547 2137 1597 2181 Pe·

363 2206 539 2251 normitanum
555 2207 662 2251 Antonii
678 2206 826 2259 Lombardl,
844 2208 1023 2264 Lilybaetanl.
1043 2214 1104 2252 tunc
1122 2208 1320 2263 Archiepiscopl
1337 2206 1523 2262 Messanensls,
1548 2218 1595 2262 ope

363 2280 445 2323 etiam
454 2279 566 2324 Senatus
575 2277 751 2332 Marsalcnsls,
761 2279 804 2333 qul
815 2280 944 2334 aliquibus
954 2281 1028 2324 auxit
1039 2280 1189 2325 redditibus.
1200 2278 1251 2324 Sed
1262 2279 1411 2335 Stephanus
1421 2279 1542 2331 Frisella,
1552 2281 1595 2323 vir

363 2349 540 2404 Marsalensls,
550 2351 645 2404 animo,
660 2351 759 2395 divitiis
768 2357 794 2394 et
804 2352 902 2406 pietate
919 2352 1153 2406 praeclarissimus,
1169 2352 1282 2396 obtentis
1295 2353 1393 2397 litteris
1407 2363 1424 2397 a
1442 2351 1596 2406 Praeposito

366 2423 489 2468 Generass
499 2421 639 2468 Societatls
651 2422 757 2467 Claudio
768 2424 909 2478 Aquaviva
919 2422 947 2467 26
956 2423 1025 2477 Junii
1037 2424 1096 2477 1592,
1107 2435 1200 2467 nomen
1209 2425 1319 2478 adeptus
1328 2432 1368 2468 est
1377 2424 1531 2479 fundatoris
1540 2435 1597 2478 por·

366 2504 395 2538 ro
410 2493 615 2549 splendidissime
631 2493 775 2547 Collegium
786 2495 868 2548 ipsum
879 2496 986 2550 ejusque
996 2496 1183 2539 nobilissimum
1194 2497 1317 2550 templum
1327 2494 1512 2539 exaedificavit
1522 2495 1596 2538 dota·

363 2565 455 2619 vltque
465 2570 491 2609 et
501 2565 602 2610 nomine
613 2568 717 2621 proprio
728 2566 861 2620 Stephani
869 2566 1014 2621 insignivit.
1031 2567 1087 2610 Huc
1104 2579 1119 2609 a
1134 2567 1258 2611 Patribus
1274 2567 1357 2610 Roma
1374 2568 1521 2610 translatae
1536 2572 1596 2610 sunt

366 2637 492 2691 reliquiae
503 2636 548 2682 SS.
557 2637 665 2681 Luciani
676 2637 708 2681 ill.
719 2645 745 2680 et
756 2636 781 2681 S.
794 2639 928 2692 virginiae
939 2636 986 2692 V.,
997 2638 1026 2682 L.
1046 2650 1077 2691 ε..
1095 2638 1268 2682 Monacensis
1285 2639 1416 2682 ecciesiae
1434 2637 1539 2682 Notitia
1553 2638 1596 2689 VI,

362 2711 408 2754 111).
418 2721 456 2765 111,
466 2713 515 2755 col.
526 2708 706 2755 100⁹.-Fuslus
717 2710 808 2755 adhuc.
818 2718 846 2755 ut
856 2722 904 2766 par
914 2719 963 2767 est,
972 2713 1037 2755 haec
1048 2719 1155 2755 enarrat
1164 2712 1307 2762 samaeas,
1316 2712 1477 2755 Provinciae
1486 2712 1596 2755 Siculae

368 2780 449 2824 Ortus
459 2785 483 2825 et
500 2792 544 2825 res
553 2786 654 2835 gestae,
663 2788 735 2837 part.
747 2782 768 2836 I,
778 2794 835 2837 cap.
847 2794 881 2837 xi,
892 2795 916 2827 n.
927 2794 1028 2835 xxxvia
1044 2795 1135 2827 verum
1149 2784 1184 2827 ibi
1199 2785 1233 2826 ab
1249 2794 1280 2826 eo
1297 2784 1369 2827 dicta
1384 2784 1486 2836 corrige
1504 2785 1596 2829 horum

363 2864 413 2907 ope
424 2884 430 2906 ,
441 2864 507 2907 quae
518 2855 559 2897 hic
570 2854 645 2898 alleri
658 2854 799 2908 Ponnucus;
810 2865 860 2898 non
871 2855 939 2899 enim
948 2856 1031 2899 solum
1039 2859 1073 2898 ab
1084 2867 1150 2899 anno
1163 2856 1214 2897 1562
1224 2855 1354 2909 flagitavit
1370 2854 1485 2899 Marsala
1500 2856 1596 2900 clvltas

369 2924 508 2969 Societatis
518 2924 670 2979 Collegium,
680 2934 708 2969 ut
718 2926 756 2969 ait
768 2927 914 2973 Aauirenn.
924 2927 969 2969 sed
977 2928 1033 2981 jam
1043 2927 1091 2970 hoc
1101 2938 1170 2971 anuo
1182 2926 1241 2970 1555.

407 2996 552 3041 Difficultas
562 2997 690 3052 quaedam
700 3005 747 3050 est,
759 3010 807 3041 non
818 2999 920 3052 quidem
931 3000 1023 3053 gravis
1034 2999 1163 3046 momenti.
1176 3000 1201 3043 in
1212 3000 1369 3053 assignando
1385 3010 1466 3053 anno,
1482 3010 1532 3053 quo
1549 2998 1597 3042 hu·

365 3068 408 3123 lus
418 3068 528 3123 Collegii
538 3070 640 3113 initium
650 3070 761 3122 positum
772 3076 820 3113 est.
837 3068 916 3113 Hnnv
926 3070 1002 3121 enim,
1014 3069 1066 3112 Les
1081 3071 1221 3114 doreticites
1235 3071 1269 3113 de
1284 3071 1312 3113 ta
1328 3070 1490 3125 campagnia
1504 3070 1538 3113 de
1550 3070 1597 3124 Je-

368 3150 424 3192 sus,
434 3148 572 3196 postquam
581 3141 655 3193 dixit.
666 3152 725 3196 pag.
735 3141 768 3185 25:
778 3140 882 3194 “Quand
892 3143 909 3185 il
921 3155 938 3198 y
949 3154 965 3186 a
975 3142 1041 3185 deux
1052 3141 1140 3195 dates,
1157 3143 1183 3185 la
1197 3143 1324 3197 premiere
1339 3148 1378 3186 est
1393 3144 1459 3186 celle
1475 3142 1507 3185 dc
1524 3143 1597 3186 l'eta·

368 3214 525 3263 blissement,
537 3214 561 3257 la
571 3213 681 3256 seconde
692 3220 732 3256 cst
743 3214 807 3256 celle
817 3214 847 3257 dc
858 3214 1046 3257 l'achevement
1057 3225 1089 3257 ou
1105 3214 1137 3257 de
1149 3217 1175 3259 la
1185 3214 1410 3269 tundntlon„,huic
1423 3214 1540 3269 Collegio
1554 3226 1598 3268 ep·

369 3286 448 3340 ponit.
459 3297 520 3340 pag.
528 3286 563 3338 13,
574 3286 638 3329 duos
649 3285 696 3329 hos
706 3296 835 3329 numeros:
846 3286 971 3329 insalsae
981 3286 1058 3339 Apud
1068 3285 1230 3338 Jouvrncton
1246 3297 1296 3329 non
1310 3286 1376 3330 satis
1390 3292 1502 3340 apparet
1512 3287 1597 3331 incoe-

367 3357 405 3411 pti
423 3368 469 3401 nec
480 3358 580 3401 fundati
591 3356 700 3411 Collegii
711 3368 803 3400 annus.
818 3358 957 3402 Acarnana
976 3369 1039 3401 vero
1056 3365 1141 3401 totam
1151 3359 1217 3401 lianc
1230 3359 1367 3402 historiam
1384 3358 1476 3402 scribit
1486 3359 1546 3402 dum
1556 3369 1598 3402 res

366 3440 434 3472 anno
445 3430 498 3473 1592
507 3438 597 3484 gestas
606 3436 722 3473 enarrat.
734 3428 831 3473 Verum
843 3429 961 3473 Roccnus
971 3429 1074 3483 Pinnos,
1084 3436 1114 3473 ut
1124 3429 1243 3482 vidimus,
1255 3430 1367 3484 incoepti
1377 3430 1488 3484 Collegit
1502 3441 1599 3475 annum

368 3502 448 3545 habet
460 3501 520 3553 1589,
531 3501 631 3546 fundati
645 3501 702 3543 1592.
711 3500 745 3545 Et
756 3512 783 3544 re
797 3502 899 3556 quidem
914 3514 979 3546 vera
994 3505 1027 3545 ab
1042 3502 1180 3546 Aoortses
1195 3502 1251 3555 ipso
1268 3502 1445 3556 cognoscimus
1460 3502 1515 3556 jam
1530 3512 1598 3546 anno

370 3572 422 3617 1589
432 3576 465 3617 ab
475 3574 603 3617 Antistite
613 3572 771 3617 Messanensi
782 3574 871 3619 delata
886 3574 1003 3627 Collegio
1012 3585 1151 3618 aureorum
1161 3574 1244 3619 millia
1254 3574 1374 3629 quinque,
1384 3582 1410 3618 et
1421 3575 1524 3629 qnando
1540 3571 1598 3617 Ste-

369 3644 469 3699 phanus
479 3644 585 3689 Fasella
595 3644 704 3699 Collegil
714 3644 839 3689 Conditor
851 3655 896 3699 per
905 3646 1012 3690 litteras
1021 3646 1171 3689 declaratus
1186 3652 1235 3697 est,
1250 3657 1318 3690 anno
1332 3647 1434 3690 scilicet
1449 3647 1509 3699 1592,
1524 3648 1598 3690 nobis

366 3728 426 3761 cum
436 3717 491 3771 lpso
498 3717 542 3771 lus
552 3716 658 3769 hospitii
662 3717 833 3772 jampridem
845 3718 1031 3761 intercessisse.
1043 3718 1129 3769 Quare
1139 3718 1223 3771 magis
1232 3718 1266 3761 ad
1281 3729 1372 3762 verum
1386 3729 1539 3762 accessurus
1553 3719 1599 3762 ilie

369 3789 482 3839 videtur.
492 3790 536 3844 qui
547 3788 691 3843 Collegium
701 3788 850 3833 inchoatum
861 3790 931 3833 dicat
940 3800 1008 3833 anno
1018 3788 1079 3843 1589,
1090 3789 1225 3833 fundatum
1234 3800 1298 3833 vero
1308 3801 1376 3834 anno
1389 3789 1447 3835 1592.

408 3860 420 3890 ¹
447 3860 482 3905 “F
485 3862 629 3905 ranciscani
640 3860 721 3905 Tertii
733 3860 836 3904 Ordinis
845 3861 957 3915 primum
967 3861 1190 3914 religiosissimum
1199 3862 1357 3914 coenobium,
1373 3860 1486 3906 Sanctae
1500 3861 1598 3907 Mariae

368 3934 400 3975 de
412 3933 521 3987 Angelis
531 3944 548 3977 a
557 3931 695 3985 Martogna
705 3932 808 3986 dietum,
820 3932 960 3975 fundarunt
971 3933 1020 3975 hoc
1029 3942 1092 3975 sane
1103 3932 1186 3976 modo:
1198 3930 1262 3975 Cum
1273 3931 1317 3975 Fr.
1327 3931 1440 3984 Jacobus
1451 3933 1482 3977 de
1492 3934 1599 3988 Angue-

318 4052 319 4057 ,
371 4006 420 4057 bio,
432 4006 541 4049 civitate
551 4004 683 4057 Umbriae,
695 4003 816 4047 Minorlta
827 4003 945 4055 observ..
955 4004 1109 4048 facultatem
1119 4009 1255 4047 exorasset
1266 4015 1283 4047 a
1298 4003 1349 4047 PP.
1366 4004 1447 4049 Paulo
1457 4004 1494 4047 Ill
1503 4011 1530 4048 et
1539 4016 1597 4059 pro-

370 4084 470 4120 tectore
481 4075 584 4119 Ordinis
593 4076 641 4129 sui,
655 4075 793 4119 Cardinaie
803 4075 915 4119 Sanctae
927 4074 1027 4127 Crucis,
1041 4075 1207 4130 praedicandi
1224 4077 1332 4119 verbum
1347 4075 1394 4119 Del
1409 4075 1562 4130 infidelibus,
1573 4084 1600 4121 et

371 4150 523 4201 navigasset
533 4146 782 4201 Constantinopolim
794 4158 893 4199 versus,
904 4148 991 4191 ventis
1007 4148 1147 4191 contrariis
1161 4148 1278 4202 agitatus
1288 4147 1314 4190 in
1329 4146 1432 4191 Italiam
1445 4148 1531 4202 rediit,
1547 4150 1599 4204 prl-

372 4231 439 4263 mum
452 4220 614 4271 Panormum,
624 4219 715 4263 deinde
727 4218 883 4274 Drepanum,
895 4220 938 4263 ubi
946 4232 973 4263 se
984 4227 1066 4263 totum
1076 4219 1180 4263 divinae
1188 4218 1288 4273 gloriae
1297 4220 1451 4263 exaltationi
1459 4228 1536 4275 atque
1544 4231 1602 4265 san·

370 4290 420 4334 ctis
431 4291 660 4335 exercitationibus
671 4291 749 4343 dedit;
766 4290 803 4335 lta
818 4292 843 4334 in
861 4302 948 4335 eremo
964 4291 1080 4345 aliquam
1095 4290 1217 4334 fundandi
1233 4292 1462 4345 congregationem
1476 4292 1601 4347 virorum,

371 4364 414 4415 qui
424 4364 522 4407 vellent
532 4362 567 4407 ihi
577 4363 721 4406 solitariam
733 4374 779 4416 pro
790 4362 844 4407 Deo
855 4374 935 4417 agere
947 4363 1038 4417 vitam;
1049 4363 1148 4417 adeius
1159 4369 1222 4407 vota
1237 4362 1363 4418 proclivis
1373 4362 1485 4416 Jacobus
1495 4363 1603 4408 Fardel·

372 4438 407 4488 la,
417 4434 510 4478 nobilis
520 4434 703 4488 hispanensis,
712 4434 781 4478 dedit
792 4436 927 4488 quemdam
940 4442 1027 4479 terrae
1038 4442 1152 4478 tractum
1162 4437 1210 4477 sub
1222 4446 1316 4488 aspero
1327 4437 1393 4479 colle
1404 4434 1498 4479 Montis
1508 4436 1601 4494 Eryci·

373 4508 406 4558 ni,
417 4513 445 4549 ut
456 4518 488 4549 ex
498 4506 599 4550 tabuiis
610 4506 668 4549 Not.
681 4508 705 4549 F
705 4508 821 4552 marisci
838 4508 989 4550 Lonrhardo
1004 4507 1031 4550 29
1041 4506 1119 4550 Mart.
1128 4508 1143 4550 3
1152 4507 1203 4550 lnd.
1224 4508 1282 4556 1540,
1293 4513 1404 4561 constat;
1416 4507 1451 4551 ibi
1465 4510 1601 4553 constituit

373 4578 521 4623 Oratorium
531 4590 614 4623 novae
626 4578 842 4633 congregationis
856 4583 905 4624 sub
919 4582 1040 4624 instituto
1054 4580 1137 4623 Tertii
1154 4579 1258 4623 Ordinis
1273 4578 1362 4624 Sancti
1380 4580 1512 4626 Francisci
1529 4581 1601 4640 (qula

370 4652 423 4705 ipse
435 4649 478 4693 Fr.
489 4651 600 4703 Jacobus
610 4651 783 4695 discalceatus
794 4652 939 4699 incedebat.
950 4663 1043 4696 nomen
1051 4652 1118 4696 detti
1128 4651 1218 4695 &atsi
1231 4652 1315 4695 adhuc
1326 4654 1440 4695 retinent
1448 4653 1546 4697 tratres
1556 4654 1600 4696 hu·

369 4724 497 4777 lrrsmodi),
507 4725 573 4778 quod
584 4724 761 4768 confirmatum
771 4731 811 4767 est
822 4736 868 4778 per
882 4725 1037 4779 rescriptum
1054 4724 1233 4778 Apostolicum
1250 4724 1325 4768 Pauli
1342 4723 1377 4768 111
1391 4724 1482 4769 ultimo
1496 4724 1559 4780 Maii
1574 4726 1601 4770 it
