3717 5400
374 457 412 510 (13
831 452 958 511 Cunna.
980 450 1057 510 Soc.
1078 452 1149 523 Jes.

376 599 479 662 valde
494 597 628 661 laudati
643 606 735 674 sunt,
752 600 786 659 et
800 607 962 660 nostrum
977 604 1050 659 tam
1062 597 1212 660 docendi
1227 615 1334 679 quam
1352 599 1496 661 vivendi
1510 599 1609 662 insti·

374 715 487 769 tutum
502 721 725 785 summopere
741 705 859 784 palam
873 711 926 766 est
947 703 1227 783 comprobatum.
1244 703 1289 768 Et
1309 705 1500 786 incipiebat
1523 706 1608 769 civi·

373 825 431 876 tas
452 812 504 875 sic
524 810 646 874 favere
669 811 818 888 nostriS,
839 811 934 873 utin
959 810 1091 873 scholis
1116 811 1266 890 publicis
1292 823 1480 891 sperarent
1501 813 1607 876 amici

375 937 479 998 posse
492 918 597 982 facile
611 927 752 981 nostros
771 917 924 995 admitti,
947 928 986 979 ut
1005 917 1220 982 rhetoricam
1240 929 1275 982 et
1296 937 1448 1000 graecas
1469 921 1607 983 litteras

373 1025 635 1106 profiterentur:
648 1043 731 1088 nam
743 1025 867 1088 crebra
876 1027 1077 1089 orationum
1084 1026 1248 1111 recitatio
1257 1028 1420 1106 (singulis
1430 1028 1524 1091 enim
1535 1027 1606 1092 die·

375 1137 441 1198 bus
456 1134 595 1197 sabbati
609 1135 645 1196 in
664 1133 780 1214 prima
802 1134 929 1209 classe,
953 1134 1095 1214 saepius
1115 1145 1234 1197 autem
1247 1137 1368 1198 multis
1389 1136 1546 1199 externis
1570 1148 1605 1199 et

371 1241 602 1321 gravioribus
616 1240 703 1304 viris
718 1239 976 1320 spectantibus)
992 1240 1200 1305 habebatur.

438 1349 504 1412 152.
548 1348 715 1411 Vicarius
729 1347 837 1428 igitur
853 1362 934 1410 cum
953 1347 1164 1427 quibusdam
1178 1367 1223 1411 ex
1239 1350 1377 1413 civibus
1393 1350 1519 1414 amicis
1535 1349 1604 1414 Gu-

375 1457 598 1519 bernatorem
614 1462 695 1516 sunt
710 1453 853 1516 allocuti
869 1452 911 1532 (is
924 1464 1043 1516 autem
1058 1464 1136 1517 erat
1152 1454 1351 1534 Episcopus
1363 1455 1509 1519 Chauae
1524 1455 1530 1486 ¹
1544 1456 1605 1537 qui

373 1572 597 1626 successerat
610 1559 808 1638 Cenetensi)
825 1570 862 1622 ut
876 1561 1004 1640 aliquis
1019 1578 1064 1623 ex
1078 1575 1200 1624 nostro
1223 1562 1392 1642 Collegi0‚
1411 1572 1445 1625 et
1460 1564 1604 1626 nomina

372 1671 436 1732 tim
448 1669 618 1747 magister
629 1665 1031 1747 AntoniusViperanus,
1041 1668 1078 1731 in
1090 1669 1242 1747 publicis
1253 1669 1493 1734 universitatis
1502 1671 1602 1733 scho-

373 1778 416 1839 lis
431 1775 520 1841 duas
535 1776 703 1838 lectiones
718 1775 956 1854 praelegeret,
973 1793 1062 1855 quas
1076 1789 1358 1854 praeparaverat
1371 1784 1408 1840 ut
1423 1777 1458 1839 in
1471 1777 1602 1840 nostris

372 1888 676 1965 interp1·etaretur;
692 1881 841 1944 alteram
855 1881 991 1944 scilicet
1007 1882 1218 1960 rhetoriceS,
1242 1892 1277 1945 et
1292 1886 1440 1947 alteram
1454 1900 1599 1964 graeca·

371 2009 450 2055 rum
474 1991 683 2067 litterarum
711 2005 801 2051 unus
821 1988 915 2052 enim
941 1999 1018 2051 erat
1036 1989 1073 2051 in
1097 1989 1330 2053 universitate
1355 1991 1391 2053 id
1415 1992 1598 2072 temporis,

370 2099 431 2180 qui
445 2099 511 2161 has
526 2097 662 2158 litteras
687 2093 921 2175 profiteretur,
950 2105 985 2156 et
1000 2095 1035 2157 id
1060 2095 1197 2158 civitati
1221 2096 1380 2160 futurum
1401 2097 1538 2175 honori,
1565 2107 1600 2160 et

369 2205 563 2285 discipulis
592 2204 650 2282 qui
676 2202 710 2265 id
736 2217 843 2282 saepe
869 2202 1158 2282 postulaverant,
1184 2213 1392 2282 pergratum
1406 2203 1483 2267 lore
1508 2202 1598 2266 affir-

371 2313 527 2376 mabant.

434 2419 500 2480 153.
543 2417 680 2480 Placuit
695 2415 934 2479 Gubernatori
949 2416 1038 2478 haec
1054 2415 1189 2495 audire;
1206 2416 1268 2479 sed
1283 2417 1366 2497 quia
1379 2417 1455 2497 ipse
1466 2417 1600 2497 peritus

367 2534 445 2589 erat
461 2525 547 2588 artis
563 2523 751 2599 oratoriae,
768 2523 880 2584 voluit
897 2522 1093 2601 periculum
1105 2521 1236 2600 facere,
1252 2539 1337 2585 num
1351 2523 1477 2586 melius
1496 2523 1598 2604 Vipe-

369 2649 488 2710 ranuS,
506 2647 611 2711 quam
627 2630 687 2692 alii
701 2629 781 2708 dun,
803 2629 865 2709 qui
880 2629 1019 2709 publice
1044 2628 1182 2691 litteras
1207 2629 1435 2693 humaniores
1460 2630 1599 2710 prolite-

368 2742 507 2817 bantur,
525 2738 649 2801 melius
664 2738 733 2799 hoc
747 2752 873 2798 munus
890 2736 989 2797 obire
1005 2746 1136 2816 posset.
1158 2735 1288 2799 Tribus
1307 2752 1394 2816 ergo
1406 2734 1479 2816 jam
1495 2738 1598 2801 dictis

365 2846 515 2926 injunxit
527 2856 564 2907 ut
577 2845 774 2907 orationem
786 2843 890 2905 simul
902 2853 1165 2922 componerent,
1182 2860 1273 2923 quae
1284 2843 1384 2907 initio
1399 2845 1598 2909 studiorum

365 2953 440 3033 ejus
460 2952 664 3015 academiae
684 2950 806 3013 haberi
825 2950 860 3013 in
885 2950 1083 3013 cathedrali
1108 2951 1260 3013 ecclesia
1280 2952 1432 3030 solebat,
1455 2961 1489 3015 et
1510 2952 1597 3033 opti-

365 3078 459 3125 mam
478 3078 524 3123 ex
544 3059 611 3121 illis
626 3075 663 3120 se
680 3060 873 3120 electurum
890 3056 1042 3119 dicebat.
1063 3056 1185 3119 Electa
1205 3057 1377 3137 luitergo
1399 3076 1443 3119 ea
1467 3061 1595 3137 oratio,

365 3184 471 3249 quam
500 3168 656 3249 Joannes
680 3162 858 3227 Antonius
878 3162 1082 3242 Viperanus
1108 3164 1405 3243 concinnaverat,
1426 3182 1534 3245 quam
1555 3183 1597 3229 eo

365 3280 443 3338 loco
459 3274 604 3352 dignam
619 3270 846 3333 existimavit.
862 3268 944 3331 Fuit
960 3278 1079 3332 autem
1098 3270 1159 3331 illa
1173 3280 1209 3331 et
1223 3271 1292 3350 ipsi
1307 3270 1548 3335 Gubernatori
1562 3282 1597 3335 et

363 3382 443 3443 aliis
468 3377 672 3442 doctoribus
698 3387 732 3438 et
756 3376 980 3438 scholasticis
1005 3376 1225 3454 gratissima.
1248 3376 1369 3457 Aliqui
1391 3378 1499 3442 etiam
1523 3389 1596 3442 tam

364 3487 548 3567 pulchram
565 3481 720 3563 [nullam]
737 3499 774 3544 se
790 3481 971 3545 audivisse
993 3481 1134 3562 ajebant
1144 3499 1151 3560 ;
1169 3500 1235 3546 nec
1256 3484 1395 3561 mirum,
1422 3485 1506 3567 quia
1520 3484 1595 3549 fere

361 3594 487 3657 eadem
503 3592 651 3671 singulis
667 3590 768 3651 annis
783 3588 932 3668 repetita
949 3588 1073 3651 audire
1089 3589 1184 3651 soliti
1200 3598 1312 3653 erant.
1331 3589 1400 3654 Sed
1412 3592 1448 3655 in
1465 3593 1595 3655 oratio-

362 3718 407 3763 ne
422 3697 595 3779 Viperani
609 3713 705 3758 nova
720 3704 755 3757 et
770 3694 917 3758 materia
933 3704 967 3757 et
984 3694 1099 3757 forma
1114 3704 1203 3758 erat.

426 3806 492 3867 154.
538 3802 706 3867 Consulto
726 3810 844 3863 autem
859 3800 895 3863 P.
920 3800 1060 3880 Ignatio
1086 3819 1133 3864 an
1156 3802 1335 3881 publicam
1360 3804 1457 3867 illam
1476 3806 1592 3867 lectio·

361 3930 443 3976 nem
459 3910 617 3992 profiteri
631 3918 751 3989 posset
769 3906 982 3986 Viperanus,
999 3926 1075 3971 rem
1091 3922 1365 3989 aggressusest,
1382 3921 1417 3973 et
1437 3928 1517 3975 eum
1532 3913 1592 3974 ha·

361 4020 435 4081 buit
458 4032 679 4093 successum,
705 4024 742 4077 ut
765 4016 882 4076 nullus
907 4033 953 4077 ex
978 4016 1129 4094 publicis
1156 4014 1416 4096 professoribus
1445 4017 1594 4081 similem

361 4126 563 4188 auditorum
589 4138 801 4187 concursum
826 4122 982 4184 haberet.
1011 4122 1055 4184 Et
1069 4136 1211 4201 praeter
1236 4124 1371 4185 nobiles
1388 4123 1593 4202 Perusinos,

361 4231 504 4313 quidam
519 4231 624 4293 etiam
641 4229 779 4291 externi
794 4244 874 4291 eum
890 4228 1090 4306 audiebant,
1112 4238 1151 4291 ut
1173 4230 1242 4292 duo
1264 4244 1411 4309 nepotes
1431 4230 1593 4295 Marcelli

361 4338 539 4402 Pontificis
552 4334 575 4416 ³,
594 4353 703 4415 nepos
718 4334 862 4415 quidam
878 4333 988 4398 Ducis
1008 4336 1102 4399 Atrii
1129 4348 1162 4398 et
1190 4336 1390 4400 Cardinalis
1418 4338 1592 4417 Farnesii,

364 4501 575 4515 -a-——n—

404 4610 411 4643 ¹
440 4609 490 4662 Sic,
506 4618 545 4652 cst
556 4615 644 4653 autem
654 4608 748 4662 Cavae,
760 4610 871 4653 Thomas
884 4610 987 4659 Caselli,
1000 4609 1029 4654 Ο.
1041 4611 1066 4655 Ρ.

401 4682 412 4712 ¹
441 4682 506 4723 Vide
518 4692 604 4735 supra.
617 4690 677 4733 pag.
690 4683 721 4735 15,
733 4694 757 4724 n.
770 4684 803 4727 17.
814 4694 901 4726 annot.
915 4684 934 4725 1.
