3717 5400
794 507 856 563 AN.
881 508 950 562 1533
1430 507 1482 565 211

255 655 351 717 vlam
366 663 485 716 tenere
500 651 594 732 apud
610 669 690 714 eum
706 661 909 731 coeperunt,
936 653 999 714 sed
1025 670 1046 714 a
1071 653 1203 714 nostris
1224 652 1427 714 admonitus
1441 653 1485 716 de

255 761 465 842 quibusdam
481 760 597 836 rebuS,
611 769 645 822 et
660 759 826 822 incitatus
841 759 887 822 ad
901 759 1064 822 veritatis
1079 759 1353 839 inquisitionem,
1369 761 1485 834 (nemo

257 871 351 932 enim
367 869 469 945 alius,
488 883 531 929 ne
546 867 744 946 Episcopus
758 866 899 946 quidem
915 865 1175 945 suffraganeus
1193 867 1346 930 audebat
1361 868 1428 928 hac
1442 868 1486 929 de

258 987 295 1039 re
311 993 392 1038 cum
406 975 483 1054 ipso
498 974 617 1054 loqui),
634 974 769 1036 scelera
786 974 937 1053 plurima
956 973 1206 1052 deprehendit,
1230 984 1375 1054 propter
1395 991 1487 1054 quae

257 1081 370 1146 officio
387 1099 451 1144 suo
466 1082 545 1144 illos
560 1081 728 1160 privavit,
743 1090 777 1143 et
792 1079 837 1141 ad
852 1078 1078 1159 fidejussores
1093 1079 1230 1142 dandos
1243 1081 1414 1159 obligavit
1427 1099 1434 1158 ;
1452 1091 1487 1144 et

252 1191 307 1252 ita
332 1207 413 1270 spes
438 1198 515 1252 erat
540 1189 635 1268 quod
661 1188 705 1250 ad
732 1186 991 1250 restitutionem
1017 1196 1135 1250 essent
1160 1188 1312 1266 cogendi
1340 1187 1488 1267 majoris

257 1315 428 1374 summae,
446 1315 552 1376 quam
568 1313 630 1376 per
645 1311 841 1376 pauperum
856 1295 1124 1374 oppressionem
1139 1296 1399 1374 acquisiissent.
1413 1295 1488 1358 Nec

258 1405 333 1467 sine
348 1421 462 1484 poena
478 1405 585 1466 etiam
601 1403 655 1466 sui
670 1402 831 1482 corporis
846 1402 999 1464 evadere
1015 1419 1119 1481 posse
1135 1402 1382 1481 credebantur,
1406 1421 1488 1467 cum

258 1528 367 1592 supra
382 1521 525 1574 centum
540 1521 648 1574 testes
663 1509 878 1588 gravissima
893 1510 987 1571 mala
1002 1509 1039 1570 in
1054 1509 1130 1572 dies
1145 1520 1271 1573 contra
1293 1528 1354 1572 eos
1369 1522 1487 1573 conte-

259 1625 396 1682 stantes
411 1618 594 1694 haberent;
612 1627 645 1680 et
662 1617 697 1678 iu
713 1617 788 1678 dies
803 1615 862 1678 alii
878 1626 984 1695 atque
1000 1616 1059 1678 alii
1075 1625 1183 1679 testes
1199 1617 1426 1680 accedebant.
1444 1618 1489 1680 Et

259 1735 333 1789 tam
346 1727 527 1805 singulare
543 1725 609 1788 hoc
626 1724 833 1787 beneficium
848 1723 1100 1786 existimabant
1115 1723 1213 1786 cives
1228 1723 1359 1786 Montis
1374 1723 1487 1803 Rega-

259 1835 313 1910 lis,
332 1840 369 1896 ut
385 1841 536 1908 nostros,
560 1840 680 1912 patres
696 1833 832 1910 patriae
851 1841 1041 1908 vocarent,
1063 1831 1194 1910 quoda
1214 1831 1386 1894 servitute
1406 1849 1488 1910 quo-

260 1939 448 2003 dammodo
482 1939 679 2001 Pharaonis
712 1924 933 2000 liberandam
967 1955 1046 2000 eam
1076 1937 1256 1999 civitatem
1290 1947 1486 2002 curassent.

260 2045 370 2110 Immo
386 2056 420 2108 et
436 2044 528 2125 apud
544 2045 659 2124 ipsum
682 2043 967 2108 Gubernatorem
987 2053 1191 2106 nostrorum
1213 2046 1408 2108 auctoritas
1429 2063 1489 2108 au·

260 2162 317 2217 cta
333 2164 398 2232 est,
415 2170 507 2230 cum,
525 2153 743 2232 experientia
759 2152 948 2228 edocente,
965 2168 1006 2212 ea
1027 2161 1261 2229 cognosceret
1283 2169 1360 2214 csse
1380 2152 1489 2216 veris-

260 2261 362 2339 sIma,
379 2277 469 2340 quae
485 2277 505 2321 a
520 2259 652 2322 nostris
668 2259 762 2321 dicta
777 2259 845 2338 ipsi
859 2258 1011 2321 fuerant.

320 2367 364 2430 Et
378 2368 466 2428 haec
482 2367 524 2429 dc
541 2367 699 2445 Colleglo
715 2366 845 2428 Montis
861 2363 1016 2444 Regalis.

583 2794 645 2857 DE
661 2794 961 2858 PROVINCIALI
977 2794 1172 2858 SICILIAE

523 3029 567 3072 AC
590 3028 769 3073 COLLEGIIS
791 3028 996 3072 SI'RACUSAE
1019 3028 1062 3071 ET
1085 3026 1237 3071 BIBONAE

320 3329 390 3393 618.
435 3331 473 3393 P.
503 3330 744 3410 Hieronymus
773 3330 995 3411 Domenech,
1027 3344 1167 3411 praeter
1197 3336 1491 3413 gubernationem

260 3456 347 3500 suae
361 3436 572 3500 Provinciae
587 3446 621 3500 et
636 3438 840 3513 conciones
859 3438 1043 3518 dequibus
1063 3442 1195 3503 mentio
1218 3440 1315 3505 saeta
1333 3451 1387 3504 est
1412 3441 1431 3519 ¹,
1456 3442 1492 3504 in

262 3545 341 3607 aliis
357 3545 496 3624 pietatis
512 3545 677 3623 operibus
693 3544 765 3607 fere
781 3561 920 3623 semper
936 3558 1132 3626 occupatus
1144 3558 1232 3611 erat.
1247 3547 1421 3627 Cupiebat
1433 3566 1492 3611 au·

263 3660 333 3713 tem
348 3651 511 3713 satisfieri
526 3650 746 3713 Messanensi
766 3651 902 3713 civitati
923 3653 1032 3714 misso
1055 3652 1092 3715 P.
1115 3654 1251 3735 Jacobo
1272 3654 1432 3734 Laynez,
1455 3663 1493 3717 ut

263 3766 450 3838 postquam
465 3758 696 3820 concionatus
711 3767 803 3819 esset
820 3758 855 3819 in
871 3756 1154 3839 Quadragesima
1174 3761 1278 3842 hujus
1294 3762 1393 3834 anni,
1410 3760 1493 3823 Pro·

264 3864 419 3927 vlneiam
445 3866 540 3927 illam
566 3864 739 3941 visitaret,
767 3865 1036 3929 constitutiones
1061 3868 1326 3945 promulgaret,
1357 3868 1494 3947 aliquos

264 3970 430 4034 etiamad
446 3972 703 4052 professionem
718 3969 919 4034 admitteret
935 3972 1054 4052 (quam
1070 3982 1189 4036 tamen
1211 3973 1286 4053 ipse
1300 3973 1312 4003 ¹
1327 3974 1364 4037 in
1383 3974 1494 4037 mani-

263 4078 329 4141 bus
345 4077 381 4140 P.
399 4076 529 4157 Ignatii
544 4079 663 4141 facere
677 4076 812 4139 Romae
832 4078 996 4156 euplebat
1018 4077 1042 4158 ³)
1059 4088 1093 4141 et
1108 4079 1326 4144 dotationem
1345 4078 1495 4160 Collegii

261 4183 500 4247 lllcssanensis
524 4201 587 4264 per
613 4184 885 4264 applicationem
901 4184 1051 4264 alicujus
1066 4186 1231 4249 abbatiae
1246 4188 1371 4266 augeri
1393 4204 1494 4249 cura·

262 4304 326 4355 ret.
344 4291 434 4355 Nam
450 4309 558 4354 unam
572 4309 617 4353 ex
632 4292 779 4368 duabus,
796 4308 886 4371 quae
900 4301 984 4355 tunc
1001 4293 1192 4370 vacabant,
1210 4312 1272 4374 per
1287 4292 1496 4374 Pro-regem

259 4398 421 4461 obtinere
438 4398 483 4461 ab
498 4398 716 4479 Imperatore
731 4398 824 4460 idem
840 4396 876 4461 P.
895 4398 1130 4462 ProvIncialis
1145 4400 1321 4477 studebat,
1338 4414 1373 4466 et
1387 4403 1496 4465 adve-

328 4542 423 4549 ---.-
439 4542 477 4549 ...-

307 4606 314 4633 ¹
344 4604 407 4659 Peg.
420 4604 467 4655 197,
478 4615 502 4647 n.
512 4604 561 4647 569.

306 4676 318 4706 ¹
344 4676 375 4720 P.
386 4676 541 4732 Hieroymus
553 4674 712 4719 Domenech.

305 4746 317 4777 ὅ
344 4746 411 4790 Vide
422 4758 511 4802 supra.
523 4758 583 4801 pag.
594 4748 628 4801 12,
640 4758 664 4790 n.
672 4747 709 4790 76.
