3717 5400
782 474 846 532 An.
869 473 940 532 1555
1475 477 1519 536 79·

338 616 406 682 188.
448 617 659 682 Bruziorum
677 616 828 682 Pro-rex
849 617 858 648 ¹
877 635 1010 699 magno
1032 619 1190 698 equitum
1204 630 1239 683 et
1265 620 1510 686 ministrorum

272 724 434 805 equitatu
460 725 527 788 hac
553 724 839 813 Quadragesima
858 735 1022 790 sanctam
1041 725 1184 790 domum
1205 727 1338 806 invisit,
1359 738 1394 791 et
1408 738 1510 792 tanta

273 832 386 896 animi
404 833 650 911 consolatione
669 832 813 896 Rectori
832 831 982 914 Collegii
1002 832 1187 898 confessus
1209 843 1274 913 est,
1296 845 1335 898 ut
1347 833 1508 915 iusserit,

274 939 352 1002 suis
365 940 530 1003 omnibus
545 939 698 1017 (nemine
720 948 869 1018 excepto
885 957 997 1020 usque
1017 941 1063 1002 ad
1079 939 1237 1004 infimum
1258 959 1432 1022 equorum
1445 944 1510 1008 rni-

273 1045 438 1124 nistrum)
453 1058 491 1110 ut
505 1047 631 1110 eadem
645 1047 888 1111 benedictione
905 1045 1050 1110 Domini
1066 1047 1280 1112 fruerentur.
1297 1048 1371 1112 Nec
1393 1051 1515 1116 solum

272 1153 343 1215 hoc
357 1153 407 1216 illi
422 1152 595 1232 iecerunt,
610 1154 674 1217 sed
689 1153 835 1217 vivendi
849 1170 1011 1217 normam
1022 1153 1133 1234 aliqui
1147 1171 1281 1234 eorum,
1295 1156 1380 1218 utin
1391 1166 1507 1236 poste-

271 1277 354 1324 rum
368 1258 446 1322 Deo
461 1261 587 1324 melius
602 1261 828 1338 inservirent,
847 1261 1014 1340 petebant
1027 1271 1062 1323 et
1078 1261 1329 1339 impetrabant.

335 1364 404 1428 189.
446 1365 526 1445 lpse
546 1383 634 1430 vero
650 1365 797 1430 Pro-rex
812 1383 851 1428 se
867 1375 981 1430 totum
999 1383 1171 1447 suamque
1191 1385 1338 1448 operam
1361 1368 1507 1433 Rectori

270 1470 334 1552 [et]
349 1471 519 1537 Societati
537 1473 742 1553 plenissime
764 1470 898 1551 olltulit;
922 1483 958 1536 et
980 1472 1180 1552 Rectorem,
1203 1477 1432 1555 quantumvis
1453 1495 1507 1540 re-

268 1580 455 1658 nitentem,
468 1596 581 1660 usque
607 1580 652 1644 ad
668 1580 812 1644 domum
832 1590 994 1643 nostram
1015 1581 1128 1644 voluit
1153 1582 1333 1661 comitari;
1355 1593 1390 1646 et
1414 1584 1503 1664 opti·

269 1703 370 1750 mum
388 1703 432 1748 eo
450 1687 488 1750 in
501 1686 582 1748 loco
596 1687 652 1750 sui
678 1687 823 1750 odorem
848 1687 1004 1766 reliquit,
1030 1705 1123 1764 cum,
1149 1698 1291 1767 praeter
1310 1687 1501 1752 consessio·

269 1810 365 1870 nem,
380 1792 545 1856 assiduus
559 1801 652 1855 esset
663 1792 700 1855 in
719 1793 851 1856 divinis
872 1791 997 1856 officiis
1017 1811 1099 1858 cum
1119 1795 1283 1858 omnibus
1301 1795 1388 1874 suis;
1408 1805 1444 1859 et
1458 1797 1506 1860 si·

268 1899 425 1979 gillatim
451 1899 497 1962 ab
524 1898 688 1962 omnibus
716 1899 791 1962 suis
815 1900 1015 1978 intelligere
1042 1901 1188 1964 volebat
1210 1918 1257 1964 an
1277 1912 1504 1966 sacramenta

267 2006 524 2086 suscepissent,
540 2016 575 2070 et
589 2007 866 2088 negligentiores
881 2007 1156 2086 reprehendenS,
1173 2017 1210 2070 ut
1225 2009 1302 2071 sine
1315 2009 1388 2072 ulla
1403 2026 1505 2073 mora

269 2113 307 2176 id
321 2111 461 2176 efficere
476 2122 656 2194 curarent,
678 2114 840 2192 urgebat.

337 2218 405 2283 190.
450 2219 559 2282 Venit
579 2219 786 2296 Lauretum,
806 2229 844 2282 ut
863 2221 1026 2302 superius
1049 2220 1230 2300 tetigimus
1255 2229 1278 2300 ¹,
1304 2221 1507 2287 cardinalis

273 2326 431 2392 Sanctae
443 2325 569 2390 Crucis
580 2326 649 2389 hac
660 2327 785 2391 eadem
794 2325 1090 2406 Quadragesima,
1106 2337 1351 2406 postmortem
1364 2328 1507 2411 Juliilll

270 2433 426 2498 Romam
454 2433 702 2514 proiecturus,
728 2433 787 2496 ubi
812 2435 962 2514 ipsemet
985 2434 1021 2497 in
1046 2432 1253 2498 Pontificem
1279 2445 1333 2500 est
1357 2438 1504 2500 electus.

269 2541 387 2621 Quem
401 2557 484 2604 cum
497 2541 613 2603 nostri
628 2557 762 2619 omnes,
775 2539 881 2603 officii
891 2541 1023 2620 gratia,
1036 2542 1265 2621 salutassent,
1278 2543 1391 2606 voluit
1404 2542 1504 2607 Patri

269 2647 432 2713 Oliverio
446 2646 603 2725 Rectori,
620 2663 725 2729 quem
739 2647 894 2727 Eugubii
904 2656 1056 2711 noverat
1067 2657 1103 2711 et
1113 2647 1304 2713 dilectione
1314 2667 1507 2732 proseque-

267 2758 388 2824 batur.
403 2754 578 2835 confiteri;
594 2754 678 2818 etin
693 2755 826 2817 sacello
837 2752 1049 2819 Dominicae
1059 2754 1320 2821 incarnationis
1333 2756 1505 2822 fratribus

266 2863 405 2927 nostris
416 2879 483 2925 sua
496 2878 605 2925 manu
619 2858 780 2925 SSmum.
802 2859 1075 2925 Sacramentum
1089 2862 1321 2940 ministravit,
1346 2873 1382 2927 et
1395 2881 1503 2945 quan·

266 2984 346 3035 tum
359 2967 575 3033 Societatem
590 2979 751 3032 nostram
771 2968 953 3049 diligeret,
970 2978 1210 3049 quantumque
1229 2970 1386 3035 laetitiae
1406 2989 1504 3036 rece-

266 3078 380 3158 pisset
398 3094 445 3139 ex
458 3086 664 3139 nostrorum
684 3076 720 3137 in
741 3086 904 3139 sanctam
920 3074 1063 3138 domum
1076 3076 1319 3141 Lauretanam
1333 3077 1500 3157 adventu,

264 3183 410 3247 abunde
424 3182 640 3260 declaravit,
661 3200 743 3246 cum
756 3183 967 3263 praesertim
983 3183 1156 3262 opinioni,
1176 3201 1285 3264 quam
1305 3185 1349 3248 de
1368 3187 1504 3257 nostris

264 3300 495 3371 conceperat,
516 3288 731 3371 respondere
746 3308 789 3353 ea
804 3289 1033 3369 intelligeret,
1049 3306 1142 3370 quae
1160 3308 1181 3353 a
1197 3288 1444 3357 Gubernatore
1465 3306 1502 3356 et

265 3399 314 3463 ab
330 3397 411 3461 aliis
424 3397 597 3475 audierat,
614 3398 705 3459 inter
719 3414 811 3477 quos
821 3405 898 3460 erat
910 3396 1023 3459 frater
1037 3395 1126 3475 ejus,
1137 3414 1247 3479 eques
1259 3398 1463 3464 Alexander
1475 3398 1500 3461 ⁸.

263 3504 354 3585 Eius
367 3513 487 3567 autern
500 3503 636 3568 familia
650 3504 704 3567 bis
718 3503 851 3566 nostris
865 3502 1032 3566 confessa
1050 3514 1116 3566 est.

331 3611 399 3675 191.
442 3610 626 3675 Venerunt
647 3620 681 3673 et
707 3620 892 3675 matronae
917 3610 1094 3690 quaedam
1117 3610 1266 3689 nobileS,
1293 3612 1387 3675 inter
1409 3630 1501 3693 quas

264 3729 346 3783 erat
360 3735 463 3782 soror
478 3716 680 3781 Cardinalis
694 3716 818 3781 Sancti
831 3716 965 3797 Angeli
979 3714 1008 3792 ⁴,
1030 3734 1122 3797 quae
1141 3717 1221 3780 aliis
1240 3735 1348 3798 quam
1366 3721 1501 3784 nostris

264 3824 429 3889 confiteri
442 3826 643 3903 noluerunt;
665 3826 748 3887 licet
770 3824 814 3887 ob
834 3823 869 3886 id
891 3833 1083 3903 expectare
1102 3824 1149 3888 ad
1169 3825 1364 3889 secundam
1383 3828 1500 3890 noctis

263 3934 394 3997 horam
413 3940 643 4011 cogerentur,
666 3939 858 4011 antequam
879 3946 1004 3995 omnes
1025 3931 1288 4009 expedirentur.
1314 3931 1371 3994 De
1389 3932 1499 3998 totius

263 4040 376 4105 etiam
396 4038 493 4101 vitae
512 4036 666 4100 decursu
686 4054 767 4100 curn
785 4038 917 4101 nostris
942 4036 1105 4101 conferre
1125 4046 1160 4099 et
1186 4047 1322 4101 certam
1342 4038 1499 4119 aliquam

261 4148 354 4209 bene
369 4142 513 4237 vivendi
528 4144 704 4207 rationem
717 4144 763 4206 ab
777 4145 830 4207 eis
850 4144 1014 4223 accipere
1033 4143 1205 4222 postridie
1229 4146 1429 4212 voluerunt.
1451 4147 1501 4212 Et

259 4254 307 4315 de
321 4252 474 4331 collegio
488 4249 691 4313 Maceratae
707 4250 924 4314 instituendo
940 4266 1049 4328 agere
1064 4259 1270 4330 coeperunt.

304 4492 315 4525 ⁸
341 4490 367 4535 11
377 4491 560 4535 contruncare
569 4492 633 4535 dell'
643 4492 771 4535 ‚lorum

303 4562 317 4593 ⁸
343 4562 410 4607 Vide
419 4574 508 4619 snpra.
516 4576 577 4619 pag.
588 4564 614 4607 15
624 4572 649 4607 et
661 4564 695 4609 16.
706 4575 730 4607 n.
743 4564 778 4606 18.

304 4636 318 4663 ⁵
343 4634 613 4690 Videsnpra,png.7l
631 4648 648 4679 n
668 4636 717 4678 173.

304 4706 318 4736 ⁸
346 4704 410 4749 Vide
424 4705 544 4750 Litterae
554 4706 784 4759 Quadrimeslres,
792 4716 810 4751 t.
822 4719 856 4753 111.
870 4720 928 4761 pag.
939 4706 988 4749 325.
