3717 5400
1437 18 1846 146 Ἰ*

387 478 443 537 434
845 483 974 541 Canon.
995 482 1072 543 Soc.
1094 490 1164 557 jus.

389 624 451 686 vix
470 625 580 689 verba
602 626 816 705 absolverat,
843 646 924 692 cum
950 630 1006 693 ille
1029 632 1180 695 vestitus
1198 630 1329 695 flumen
1348 632 1561 713 ingreditur,
1583 646 1624 701 et

387 734 605 811 perlustrare
616 735 700 798 illud
712 745 879 815 coeperat
893 754 978 800 num
990 740 1101 801 lutum
1112 738 1269 815 haberet,
1283 740 1396 805 donec
1410 740 1447 804 id
1462 742 1619 806 animad-

360 847 364 852 ’
387 850 532 903 vertens
547 843 708 921 superior
730 844 827 907 illum
846 846 1023 908 evocavit.
1045 845 1089 909 Et
1108 864 1188 910 cum
1207 849 1316 911 lutum
1332 865 1377 911 ex
1396 848 1455 912 illo
1476 849 1623 929 publico

386 947 524 1025 itincre,
537 950 656 1013 domui
667 960 810 1014 nostrae
824 953 955 1028 vicino,
969 951 1013 1015 ad
1029 970 1215 1017 commune
1230 954 1360 1018 bonum
1380 968 1622 1037 removerent,

385 1057 531 1137 quidam
546 1076 669 1122 eorum
683 1059 772 1123 dixit
783 1058 857 1141 jam
874 1060 919 1123 ad
935 1061 1080 1125 fundum
1096 1061 1245 1125 solidum
1260 1078 1405 1126 ventum
1420 1080 1509 1142 esse,
1527 1064 1622 1129 alius

386 1165 527 1231 dicebat
541 1167 698 1231 nondum
712 1184 755 1231 eo
770 1184 848 1231 esse
859 1178 1018 1247 ventum,
1033 1178 1108 1232 tum
1120 1170 1290 1250 superior,
1304 1171 1363 1251 qui
1376 1170 1511 1252 aderat,
1524 1173 1613 1238 dixit

385 1273 533 1337 lundum
544 1292 622 1337 esse
634 1274 796 1352 solidum;
807 1285 891 1338 tunc
902 1275 961 1355 qui
973 1287 1169 1354 negaverat
1181 1277 1241 1339 ait:
1258 1276 1355 1340 “dico
1368 1277 1514 1343 fundum
1522 1297 1618 1361 esse,

385 1382 466 1445 etsi
482 1393 531 1459 tu,
548 1382 664 1459 Pater,
682 1382 782 1447 dicas
795 1400 874 1446 esse
889 1400 1056 1461 coenum,
1072 1384 1186 1447 fateor
1200 1401 1278 1447 esse
1294 1402 1474 1463 coenum,;
1492 1396 1526 1450 et
1540 1389 1615 1453 alia

385 1488 587 1569 hujusmodi
609 1491 777 1569 plurima,
803 1507 894 1570 quae
920 1491 965 1554 ad
991 1490 1226 1553 obedientiam
1251 1508 1396 1555 caecam
1418 1495 1616 1575 pertinent,

384 1597 510 1659 referri
525 1610 679 1677 possent.

446 1702 533 1767 1162.
577 1703 650 1768 Sub
666 1706 750 1767 anni
765 1704 869 1769 finem
884 1705 921 1767 in
935 1705 1090 1784 gratiam
1103 1705 1224 1785 populi
1240 1715 1275 1769 et
1289 1705 1396 1769 etiam
1411 1706 1615 1773 fundatoris

383 1809 420 1874 P.
437 1811 506 1875 §.1⁸
520 1811 617 1875 Crux
639 1811 646 1841 ¹
670 1812 901 1875 concionator
920 1829 962 1875 eo
981 1812 1111 1875 missus
1129 1826 1199 1889 est,
1216 1809 1315 1891 cujus
1334 1829 1517 1878 sermones
1537 1831 1609 1879 non

305 1958 309 1963 ·
380 1923 495 1983 solum
508 1919 615 1999 grati,
631 1919 694 1982 sed
709 1928 744 1982 et
759 1918 928 1999 perutiles
939 1918 989 1982 illi
1004 1918 1134 1998 oppido
1149 1919 1300 1995 fuerunt,
1318 1930 1353 1983 et
1368 1930 1441 1984 tam
1452 1923 1550 1985 multi
1562 1923 1608 1987 ad

380 2024 637 2107 frequentanda
652 2035 877 2088 sacramenta
896 2026 1043 2089 excitati
1058 2036 1154 2102 sunt,
1172 2034 1260 2089 utet
1278 2028 1392 2090 nostri
1407 2037 1441 2091 et
1460 2028 1608 2108 ipsemet

380 2134 532 2213 populus
545 2134 748 2212 miraretur;
765 2141 799 2195 et
814 2150 895 2195 cum
909 2132 1009 2212 prius
1027 2132 1090 2195 vix
1103 2134 1291 2213 quisquam
1306 2140 1380 2197 toto
1398 2151 1492 2197 anno
1513 2152 1613 2200 com-1

381 2242 562 2304 municare
577 2240 646 2304 nisi
660 2240 725 2303 sub
740 2240 874 2318 pascha
889 2249 1106 2317 cerneretur,
1123 2238 1266 2318 plurimi
1280 2240 1316 2302 in
1331 2242 1461 2304 sacello
1483 2255 1613 2307 nostro

378 2349 415 2412 in
429 2348 486 2411 die
500 2345 638 2411 Natalis
653 2346 971 2424 communicarunt;
995 2346 1057 2409 sed
1077 2355 1112 2409 et
1129 2345 1230 2409 iestis
1249 2346 1383 2426 diebus,
1407 2346 1513 2411 immo
1530 2348 1603 2413 sere

377 2454 546 2535 quotidie,
563 2454 807 2517 confessiones
828 2453 1074 2517 audiebantur.

439 2561 528 2624 1163.
571 2561 803 2640 Magistratus
822 2559 897 2639 ejus
916 2560 1036 2641 oppidi
1056 2561 1101 2624 ad
1119 2562 1256 2641 gratias
1276 2562 1435 2641 agendas
1460 2562 1610 2627 Rectori

375 2678 604 2733 accesserunt
618 2668 713 2750 quod
730 2669 888 2749 ipsorum
903 2668 1035 2748 oppido
1051 2676 1123 2733 tam
1139 2668 1332 2749 singularia
1348 2669 1518 2736 beneficia
1539 2687 1610 2751 per·

376 2779 473 2858 ipsos
494 2775 669 2840 Dominus
688 2776 876 2840 conferret.
897 2773 1051 2840 Parochi
1071 2777 1190 2852 etiam,
1212 2778 1271 2857 qui
1290 2777 1390 2841 initio
1404 2795 1531 2857 parum
1541 2796 1608 2842 no-

372 2885 457 2948 stris
471 2883 651 2962 lavebant,
665 2883 773 2947 immo
789 2882 986 2946 Vallisoleti
998 2883 1267 2946 concionatores
1278 2885 1445 2964 egregios
1455 2901 1600 2965 quaere·

372 2994 469 3072 bant,
482 3001 532 3071 ut,
549 2992 608 3072 qui
623 2992 659 3053 in
672 3002 797 3054 nostro
809 2991 939 3072 templo
950 2991 1240 3068 concionabatur,
1254 2991 1441 3072 pauciores
1453 2991 1599 3057 haberet

371 3100 563 3174 auditores
580 3100 791 3162 sententiam
806 3099 950 3161 omnino
965 3106 1161 3175 mutarunt,
1177 3109 1212 3161 et
1226 3099 1368 3177 ipsimet
1381 3101 1548 3179 populum
1563 3099 1604 3163 in.

372 3208 524 3271 ecclesia
539 3206 624 3269 etin
639 3205 788 3287 publicis
802 3206 871 3268 viis
885 3205 1120 3268 hortabantur
1142 3215 1178 3268 ut
1200 3214 1436 3284 agnoscerent
1456 3206 1523 3269 Dei
1545 3208 1599 3268 be-

371 3314 548 3392 neficium,
565 3314 625 3395 qui
640 3311 855 3377 Societatem
868 3321 1029 3375 nostram
1051 3311 1096 3374 ad
1115 3312 1212 3391 ipsos
1226 3311 1390 3374 misisset.
1413 3311 1596 3376 Demeruit

370 3435 490 3485 autem
505 3421 586 3484 illos
600 3436 818 3499 magnopere
832 3418 870 3482 P.
883 3418 1126 3496 Bustamante,
1139 3418 1197 3498 qui
1212 3418 1248 3481 in
1258 3418 1450 3498 praecipuo
1465 3423 1603 3500 templo

370 3529 446 3609 ejus
461 3529 593 3610 oppidi,
614 3527 801 3590 dominicis
815 3536 851 3590 et
870 3526 970 3590 festis
988 3525 1110 3589 diebus
1131 3541 1235 3588 mane
1254 3525 1551 3604 concionabatur,
1576 3544 1598 3590 a

369 3635 521 3717 prandio
536 3631 682 3716 aut[em]
697 3633 793 3697 domi
806 3642 962 3711 nostrae;
978 3648 1061 3695 nam
1076 3632 1190 3712 priuS,
1212 3649 1292 3695 cum
1312 3630 1418 3694 Pater
1437 3631 1597 3712 Baptista

368 3743 530 3808 Sanchez
545 3743 582 3805 in
596 3740 747 3805 ecclesia
762 3748 884 3803 nostra
898 3739 1182 3817 concionaretur,
1198 3738 1281 3801 dum
1297 3738 1341 3801 ad
1357 3755 1394 3801 se
1416 3739 1604 3804 auditores.

369 3851 480 3916 trahit
494 3849 651 3914 studiose
665 3847 826 3910 eumdem
841 3853 1040 3926 sequentes,
1056 3844 1133 3907 sine
1150 3843 1368 3907 auditoribus
1383 3844 1444 3908 alii
1459 3846 1596 3910 concio·

367 3970 514 4025 naiores
528 3955 731 4021 manebant.

429 4065 517 4128 1164.
560 4065 616 4127 Ex
630 4063 730 4126 curia
747 4059 1002 4123 Vallisoletana
1017 4058 1118 4122 multi
1132 4057 1293 4138 primarii
1310 4057 1378 4121 viri
1398 4056 1603 4139 Septimum-

366 4193 430 4238 cas
453 4173 499 4237 ad
512 4171 655 4235 Patrem
681 4169 948 4232 Bustamantem
972 4165 1178 4244 veniebant,
1202 4173 1236 4229 et
1261 4165 1352 4228 inter
1371 4165 1438 4228 hos
1460 4165 1603 4245 primus

365 4283 517 4346 Praeses
530 4278 635 4358 Regii
650 4276 817 4340 Consilii*
832 4275 946 4338 eidem
957 4272 1113 4336 amicitia
1129 4269 1338 4351 conjunctus
1361 4289 1404 4336 ac
1429 4273 1597 4354 devotus,

363 4391 425 4470 qui
440 4406 521 4452 cum
532 4385 657 4450 eodem
672 4384 716 4447 de
732 4383 837 4446 rebus
852 4381 897 4446 ad
908 4379 1072 4460 spiritum
1082 4380 1339 4460 pertinentibus
1355 4395 1462 4460 agere
1478 4379 1600 4460 copie·-

403 4597 412 4629 ¹
441 4596 509 4639 Vide
519 4605 606 4649 supra,
617 4605 678 4648 pag.
689 4591 737 4647 tu,
749 4603 773 4634 n.
784 4591 845 4636 1125.

399 4669 411 4700 ¹
439 4669 567 4712 Antonius
584 4667 616 4710 de
631 4665 756 4717 Fonseca,
773 4662 918 4717 Episcopus
932 4661 992 4706 olim
1008 4659 1219 4716 pampilonensis.
1238 4658 1276 4704 Ci.
1292 4658 1415 4704 Litterae
1432 4659 1599 4712 Quadrima*

359 4745 441 4791 sires,
451 4748 470 4783 t.
481 4750 518 4793 ut,
528 4749 589 4792 pag.
599 4738 649 4792 385,
660 4743 746 4780 annot.
759 4737 780 4781 8.
