3717 5400
812 491 878 551 Au.
899 492 971 550 1555
1088 561 1095 566 ¹
1450 489 1509 552 605

271 654 379 702 versa
392 637 538 702 fecerat.
555 637 601 702 Et
614 637 780 720 quamvis
795 637 908 702 nostri
919 634 978 715 jus
994 637 1166 716 optimum
1188 637 1370 717 haberent,
1391 637 1506 719 injun-

269 746 326 809 xit
340 754 379 809 ut
393 745 566 810 ducentos
581 745 839 828 quinquaginta
854 760 983 808 aureos
997 743 1147 824 singulis
1162 744 1265 808 anuis
1275 745 1430 826 litiganti
1444 745 1507 810 da·

271 863 363 932 rent,
380 865 415 918 et
429 854 524 918 mille
538 853 612 918 fere
628 868 757 918 aureos
769 868 835 934 pro
850 851 1027 933 expensis3
1046 851 1139 932 quod
1158 868 1239 915 cum
1257 851 1348 933 Regi
1368 853 1506 918 retulis-

273 969 327 1025 set
349 958 389 1024 P.
406 959 533 1040 Miron,
551 975 768 1041 magnopere
786 960 940 1022 laetatus
959 967 1025 1037 est,
1046 967 1082 1022 et
1106 958 1184 1022 illos
1210 959 1305 1022 mille
1323 977 1453 1024 aureos
1467 976 1507 1024 se

270 1065 441 1132 daturum
456 1083 534 1130 esse
551 1065 778 1148 significavit.

336 1171 424 1236 1668.
468 1172 714 1237 Admonuerat
745 1171 782 1236 P.
814 1169 1031 1236 Franciscus
1050 1171 1183 1252 Borgia
1208 1172 1338 1236 merito
1362 1181 1403 1236 ut
1427 1173 1507 1238 lites

269 1279 484 1345 abscindere
500 1281 698 1360 studerent;
715 1290 751 1343 et
772 1279 822 1343 ita
836 1279 872 1342 in
893 1278 973 1342 aliis
990 1279 1137 1343 minoris
1157 1280 1327 1344 momenti
1350 1280 1506 1361 aliquam

270 1387 503 1452 concordiam
516 1386 555 1451 P.
572 1385 687 1452 Miron
702 1387 792 1451 inire
806 1385 978 1450 decrevit.
994 1385 1038 1450 Et
1053 1386 1137 1467 quia
1152 1386 1358 1450 imminebat
1373 1387 1508 1452 nostris

269 1494 474 1558 animarum
495 1511 581 1558 cura
601 1493 836 1574 quarumdam
858 1492 1102 1570 ecclesiarum,
1124 1495 1343 1558 monasterio
1362 1493 1422 1560 8.ss
1441 1495 1506 1560 Fe·

274 1601 354 1664 licis
368 1617 590 1665 annexarum
606 1599 627 1679 ¹,
645 1611 683 1664 ut
697 1599 867 1664 Vicariae
885 1609 1078 1680 perpetuae
1097 1598 1333 1679 efficerentur,
1355 1601 1507 1667 Romam

269 1707 427 1789 scripsit.
651 1769 657 1800 „

343 2351 431 2416 1669.
475 2351 695 2434 Designatus
714 2353 924 2419 Patriarcba
950 2353 989 2416 P.
1014 2353 1171 2437 Joannes
1195 2351 1354 2434 Nugnez,
1380 2353 1509 2417 litteris

274 2459 314 2523 P.
330 2459 507 2540 ignatium
522 2460 737 2526 sollicitabat
752 2471 790 2526 ut
805 2479 826 2526 a
841 2460 987 2527 Summo
1002 2459 1171 2524 Pontidce
1182 2460 1400 2524 obtineretur
1413 2478 1508 2525 com-

275 2567 461 2632 missarius
476 2567 519 2632 de
535 2566 712 2632 Societate
726 2579 861 2646 nostra,
877 2577 984 2650 prout
999 2567 1162 2651 superius
1173 2567 1306 2632 dictum
1319 2567 1387 2632 fuit
1408 2567 1430 2647 ¹,
1447 2568 1508 2648 qui

275 2674 417 2739 nomine
440 2673 543 2739 Sedis
563 2673 794 2757 Apostolicae
818 2676 887 2758 ipsi
912 2675 1076 2758 superior
1102 2683 1212 2756 esset;
1234 2692 1319 2741 nam
1348 2675 1395 2741 ad
1418 2691 1506 2741 suae

276 2782 517 2846 conscientiae
526 2784 765 2863 securitatem,
774 2786 902 2849 saltem
909 2783 979 2847 hoc
986 2782 1103 2861 modo,
1113 2783 1179 2846 sub
1187 2780 1275 2864 jugo
1284 2782 1506 2847 obedientiae

275 2890 702 2970 viverecupiebat.Venit
713 2900 832 2954 autem
841 2890 1106 2955 Conimbricam
1117 2890 1182 2953 sub
1192 2888 1299 2954 finem
1310 2890 1396 2954 anni
1406 2907 1507 2971 prae·

276 2996 433 3061 cedentis
456 3006 507 3075 ut,
530 2994 672 3076 adjutus
691 3015 799 3079 opera
820 2998 859 3062 P.
880 2997 1010 3061 Leonis
1029 3007 1066 3062 et
1084 2996 1245 3077 aliorum,
1267 2998 1385 3078 aliqua
1400 2996 1508 3066 dubia

274 3098 481 3183 resolveret3
498 3104 541 3167 de
557 3105 636 3168 aliis
650 3114 768 3169 autem
783 3103 911 3171 Sedem
923 3104 1168 3185 Apostolicam
1182 3106 1394 3170 consuleret.
1413 3104 1507 3169 Inter

275 3212 346 3275 alia
361 3220 480 3275 autem
495 3212 581 3276 illud
595 3222 684 3289 erat,
702 3230 748 3276 an
761 3213 886 3276 vinum
906 3212 1123 3276 censendum
1137 3222 1241 3291 esset,
1258 3212 1352 3292 quod
1367 3230 1413 3275 ex
1427 3229 1507 3293 pas·

274 3320 324 3382 sis
334 3318 370 3381 in
383 3316 781 3398 Aethiopiaconficitur,
791 3320 889 3383 itaut
900 3320 937 3382 in
949 3318 1159 3398 sanguinem
1168 3317 1299 3382 Christi
1311 3335 1374 3399 per
1386 3336 1507 3383 conse·

273 3426 471 3490 orationem
486 3424 497 3457 ³
512 3426 743 3489 transmutari
757 3426 881 3507 possit.
903 3425 1103 3489 infunditur
1125 3426 1219 3489 enirn
1239 3425 1356 3506 passis
1375 3426 1508 3506 aliquid

275 3550 402 3614 aquae,
430 3542 464 3595 et
482 3534 532 3596 ita
548 3534 628 3596 illae
643 3532 821 3612 inflantur,
846 3542 881 3597 et
901 3541 982 3613 post
997 3550 1133 3613 paucos
1156 3534 1232 3595 dies
1247 3533 1370 3595 vinum
1391 3550 1436 3596 ex
1455 3533 1508 3597 eis

271 3640 496 3719 exprimitur,
514 3640 608 3721 quod
627 3641 732 3704 valde
747 3640 877 3704 bonum
894 3650 948 3703 est
967 3656 1003 3703 et
1022 3640 1184 3704 inebriat.
1207 3636 1343 3701 Doctor
1362 3640 1507 3719 quidam

277 3746 435 3810 medicus
449 3764 575 3810 verum
586 3764 664 3810 esse
680 3748 802 3811 vinum
817 3746 1027 3825 affirmabat,
1043 3756 1078 3809 et
1091 3747 1128 3810 in
1141 3763 1206 3809 usu
1217 3745 1327 3809 fuisse
1342 3747 1425 3809 olim
1437 3746 1506 3810 Ro·

276 3852 408 3917 manis:
440 3853 530 3917 alius
554 3853 741 3935 theologus
770 3854 904 3919 Doctor
929 3852 1193 3919 cathedraticus
1208 3864 1353 3934 propter
1378 3854 1509 3917 multas

275 3950 591 4024 transmutationes
607 3962 723 4042 specie
744 3960 886 4025 differre
900 3978 1046 4042 passam
1066 3961 1110 4023 ab
1129 3978 1201 4024 uva
1216 3969 1250 4024 et
1271 3977 1343 4023 non
1363 3976 1442 4023 esse
1457 3960 1510 4023 vi·

274 4085 359 4132 num
385 4068 550 4132 idoneum
581 4070 626 4131 ad
651 4079 915 4133 sacramentum
940 4067 1154 4131 affirmabat:
1178 4068 1237 4131 alii
1253 4068 1356 4132 aliter
1383 4067 1509 4131 sentie·

274 4176 370 4239 bant.

314 4453 322 4487 ¹
352 4452 418 4497 Vide
428 4464 507 4507 supra
519 4452 624 4508 passim,
639 4454 698 4497 dum
709 4455 740 4498 de
755 4453 872 4508 collegio
886 4451 1090 4498 conimbricensl
1105 4456 1192 4495 actum
1207 4458 1256 4504 est,
1271 4452 1428 4507 praesertim
1442 4463 1508 4497 vero

273 4530 295 4568 t.
307 4534 343 4579 ιιι,
352 4535 412 4580 pag.
420 4524 469 4577 tu,
478 4536 503 4567 ιι.
513 4523 643 4569 9³i.-}laa
650 4526 790 4579 parochias
800 4530 936 4569 enumerat
946 4524 1032 4567 Breve
1043 4522 1171 4577 copiosus
1179 4521 1313 4566 Dominus
1320 4523 1394 4567 Pauli
1403 4524 1453 4570 Pl'.
1461 4524 1510 4581 111,

273 4596 364 4640 datum
375 4596 460 4649 tJnlll
473 4595 608 4640 relatrice
621 4596 685 4641 Acta
693 4596 809 4641 Sanctae
822 4596 899 4641 Sedis
911 4596 941 4639 ἐκ
951 4606 1035 4640 causa
1046 4594 1189 4639 societatis
1197 4592 1273 4648 sesa,
1284 4606 1343 4649 pag.
1354 4596 1376 4650 7,
1386 4606 1412 4639 ιι.
1422 4596 1457 4642 23.

317 4668 329 4699 ¹
356 4667 385 4713 T.
396 4678 431 4721 ιι,
443 4678 503 4722 pag.
512 4668 561 4720 576,
569 4680 593 4713 ιι.
606 4668 666 4719 1231,
677 4676 703 4712 et
713 4680 775 4725 pag.
784 4668 833 4721 379,
844 4680 869 4715 n.
882 4668 942 4712 12³6.

319 4738 331 4770 ³
358 4739 404 4785 bis.
415 4740 495 4783 babet
508 4742 777 4792 transmutationem·
787 4742 832 4785 aed
841 4752 915 4785 error
925 4741 1031 4786 evidens
1042 4748 1094 4785 eat.
