3717 5400
343 488 401 547 236
805 487 934 547 Canos.
954 485 1031 548 Soc.
1053 489 1123 561 Jss.

344 651 417 714 quo
433 635 677 714 promovendo
694 634 738 697 ad
756 633 976 698 Gurcensem
992 634 1189 698 Ecclesiam
1206 636 1396 714 agebatur,
1412 635 1579 698 audiente

347 742 424 820 ipso
438 739 536 821 Rege
548 741 799 819 Romanorum,
816 751 850 803 et
865 742 1011 805 alterius
1026 742 1283 820 praedicatoris
1298 759 1440 806 errores
1455 754 1577 822 aperte

343 846 581 926 confirmavit,
599 851 694 910 nullo
710 848 814 912 modo
828 849 1035 928 plectendos
1049 865 1127 912 esse
1146 849 1264 929 capite
1279 849 1478 912 haereticos
1497 867 1577 928 pro-

343 955 433 1017 bare
452 956 592 1034 0010115,
615 956 707 1036 quod
726 973 792 1018 nec
811 955 974 1020 Christus
992 973 1058 1019 nec
1079 957 1231 1036 apostoli
1253 956 1431 1019 fecissent.
1455 955 1577 1036 ltaque

343 1063 473 1125 merito
488 1061 666 1141 flagellum
681 1061 879 1125 Turcarum
895 1063 1008 1126 timeri
1026 1073 1181 1142 poterat,
1204 1079 1286 1126 cum
1301 1063 1382 1125 talis
1401 1063 1575 1142 doctrina,

343 1181 487 1248 praeter
505 1179 652 1248 peccata
667 1170 830 1248 plurima,
848 1170 1073 1232 toleraretur.

407 1274 477 1338 681.
522 1274 577 1338 Ex
592 1288 694 1356 parte
709 1273 956 1338 Olomucensis
975 1275 1153 1357 Episcopi,
1171 1275 1179 1307 ¹
1196 1277 1258 1356 qui
1276 1276 1454 1339 Viennam
1476 1291 1578 1337 vene·

344 1392 416 1461 rat,
432 1381 491 1462 agi
507 1391 671 1463 coeptum
687 1392 739 1446 est
754 1381 797 1445 de
812 1381 971 1461 Collegio
985 1381 1161 1446 Olomucii
1177 1383 1405 1458 instituendo;
1425 1399 1577 1444 vacuum

346 1491 442 1553 enim
476 1507 513 1552 se
548 1489 680 1552 habere
713 1489 854 1552 dicebat
887 1489 1143 1552 monasterium
1176 1490 1355 1570 quoddam
1384 1489 1577 1552 francisca·

344 1592 509 1660 norum’.

405 1701 476 1766 682.
521 1702 616 1766 Idem
642 1702 719 1765 Rex
748 1701 991 1765 Romanorum
1017 1703 1245 1766 commiserat
1271 1700 1310 1764 Ρ.
1337 1701 1491 1777 Canisio,
1517 1701 1578 1782 qui

344 1810 487 1890 Pragae
502 1810 644 1873 domum
660 1809 818 1887 Collegio
834 1823 985 1872 venturo
997 1809 1206 1873 concinnari
1218 1810 1377 1886 curabat,
1395 1818 1433 1871 ut
1445 1809 1491 1871 ad
1506 1807 1577 1871 Du·

345 1935 425 1979 cem
441 1916 616 1980 Bavariae
632 1934 670 1979 se
685 1917 862 1980 conferret
876 1914 899 1994 ⁸,
916 1927 955 1978 ut
969 1917 1013 1980 de
1033 1916 1193 1995 Collegio
1212 1917 1425 1994 theologico,
1447 1916 1578 1996 partim

344 2024 384 2086 in
400 2024 556 2101 gratiam
570 2021 769 2100 SocietatiS,
785 2023 915 2102 partim
938 2023 1089 2086 aliorum
1111 2021 1135 2102 ⁴,
1159 2022 1378 2086 conficiendo
1399 2039 1481 2086 cum
1500 2023 1578 2101 ipso

344 2141 481 2210 ageret.

408 2236 479 2300 683.
523 2237 644 2316 ltaque
659 2236 906 2316 undecumque
926 2237 1053 2300 messis
1075 2239 1185 2300 muita
1209 2254 1287 2300 sese
1308 2235 1491 2312 offerebat,
1514 2235 1578 2300 sed

344 2345 452 2425 pauci
467 2355 568 2406 crant
581 2343 744 2423 operarii,
758 2353 793 2405 et
805 2359 896 2406 unus
907 2361 952 2406 ex
967 2345 1099 2408 nostris
1114 2342 1260 2406 Brosius
1275 2341 1452 2422 “nomina
1465 2343 1579 2406 natio·

342 2658 553 2713 'Woiigaugustu
569 2656 649 2707 Salm;
666 2657 706 2700 cui
722 2657 846 2701 successit
866 2654 893 2699 20
908 2656 1022 2711 ejusdcm
1039 2657 1134 2700 mensis
1151 2655 1307 2711 Wolianzus
1323 2671 1349 2701 v.
1367 2657 1460 2702 Closen
1474 2657 1577 2713 (Gaura).

345 2731 418 2775 illius
429 2736 516 2774 autem
526 2730 713 2783 suffraganeus,
724 2731 754 2772 de
766 2741 814 2783 quo
825 2730 867 2772 bic
878 2728 906 2773 fit
916 2739 1008 2779 sermo.
1019 2730 1076 2783 quis
1084 2729 1171 2782 luerit,
1181 2730 1255 2774 nobis
1265 2742 1315 2773 nou
1323 2732 1388 2775 satis
1397 2727 1506 2775 constat.
1515 2730 1578 2774 Pro·

346 2810 431 2847 motus
441 2802 474 2845 ad
485 2801 642 2845 Gurcensem
652 2800 797 2844 Ecclesiam
807 2800 855 2844 luit
865 2799 988 2845 Urbanus
997 2800 1029 2843 de
1040 2799 1207 2844 Oesterreich
1215 2800 1322 2853 (Gaias).

385 2876 393 2906 ¹
422 2872 503 2918 Marci
514 2872 586 2917 Kueu
595 2870 699 2929 (Garis).
711 2874 754 2917 vel
764 2872 855 2915 Kbueu
865 2872 996 2926 (Scauros,
1015 2870 1139 2916 Historia
1154 2872 1181 2915 S.
1196 2872 1222 2927 J.
1239 2872 1400 2917 Provinciae
1421 2872 1577 2931 Bonamiac,

344 2946 390 2988 lib.
400 2954 458 2996 rr,n.
468 2943 504 2987 56.
1345 2995 1348 3001 Ι

384 3018 396 3051 ¹
425 3018 472 3063 His
485 3018 637 3073 complenda
647 3016 764 3062 narratio
774 3015 895 3071 Schmidl,
911 3017 955 3071 qui
969 3016 1054 3071 prima
1068 3018 1168 3061 semina
1186 3016 1363 3062 olomucensis
1380 3016 1490 3071 collegii
1502 3017 1577 3073 iacta

342 3090 460 3134 aitanno
471 3090 530 3142 1555,
541 3100 599 3132 cum
616 3087 671 3132 “Ex
687 3087 744 3141 ipsa
761 3087 880 3131 Moravia
896 3086 999 3131 Marcus
1017 3087 1140 3131 Kbuenus
1156 3087 1332 3133 olomucensis
1349 3087 1503 3143 Episcopus,
1521 3095 1577 3131 tum

345 3159 414 3205 Baro
424 3160 589 3215 Haugvitius,
600 3160 754 3203 Provinciae
765 3158 932 3213 capitaneus,
943 3159 1066 3203 certatim
1077 3158 1254 3214 frequentibus
1264 3160 1361 3203 litteris
1375 3159 1533 3204 Societatem
1544 3160 1577 3204 ad

344 3246 374 3277 sc
387 3234 543 3288 invitabam
552 3244 659 3287 quarum
670 3232 758 3286 gratia
768 3232 798 3275 P.
808 3231 938 3283 Victoris,
950 3232 1054 3275 ineunte
1064 3230 1142 3284 Julio,
1153 3242 1211 3276 cum
1222 3233 1320 3276 duobus
1330 3232 1421 3283 Sociis,
1434 3232 1463 3276 P.
1477 3231 1577 3285 Joauue

347 3306 445 3351 Derbn.
456 3313 483 3349 et
494 3305 606 3349 Antonio
617 3304 738 3359 Kleselio,
749 3302 878 3347 Viennam
894 3304 981 3357 Prata
999 3304 1108 3357 rediens,
1127 3304 1205 3358 pedes
1223 3315 1303 3359 usque
1318 3303 1479 3348 Olomucium
1493 3304 1579 3359 proie-

341 3386 402 3422 ctus
413 3384 491 3430 est...
502 3380 519 3421 l.
530 3376 656 3420 c.-Haud
668 3382 755 3419 tamen
765 3374 781 3419 ll
794 3373 920 3419 Olomucii
938 3382 999 3419 tuuc
1015 3376 1165 3429 substitere,
1181 3387 1228 3419 uec
1244 3376 1387 3429 Collegium
1402 3382 1463 3419 ante
1480 3386 1576 3420 aunum

347 3450 400 3493 15⁶⁶
409 3449 556 3493 institutum
566 3455 614 3492 est.
623 3447 669 3497 Io..
681 3447 859 3499 ibid.,tlb.1rr,
871 3459 894 3490 u.
905 3446 932 3489 tt
940 3454 966 3490 et
977 3458 1031 3501 aeq.

385 3522 396 3553 ³
424 3522 464 3565 “12
473 3518 558 3574 giornl
568 3530 637 3565 sono.
646 3519 695 3562 che
705 3520 729 3563 10
740 3520 774 3561 mi
789 3518 869 3572 partit
885 3518 918 3562 da
937 3518 1036 3571 Prata,
1050 3530 1098 3572 per
1111 3519 1201 3561 venire
1218 3519 1243 3562 in
1258 3518 1380 3570 Baviera,
1394 3518 1505 3562 siccome
1522 3516 1575 3561 Sua

342 3592 444 3637 Maesta
455 3592 563 3635 essendo
573 3592 722 3635 sollecitata
732 3591 793 3633 dnll'
803 3589 982 3633 illustrissimo
999 3589 1072 3633 Duca
1087 3591 1113 3633 di
1128 3590 1243 3633 Baviera
1257 3590 1291 3634 mi
1306 3590 1400 3634 scrisse
1414 3602 1429 3633 e
1441 3590 1576 3644 comaudb,

339 3664 391 3710 clte
402 3666 426 3709 io
436 3665 469 3708 da
480 3664 567 3717 Praga
578 3662 673 3706 venisti
684 3664 710 3705 al
721 3662 792 3705 detto
801 3662 874 3705 Duca
885 3672 932 3715 per
943 3662 1088 3706 deliberare
1100 3672 1114 3703 e
1124 3664 1277 3706 concludere
1290 3663 1316 3706 dr
1329 3674 1363 3706 uu
1372 3662 1484 3717 collegio
1494 3663 1575 3705 teolo·

341 3736 402 3791 ,gleb
413 3736 436 3779 in
449 3735 605 3789 Ingontau,
615 3733 734 3777 canisius
750 3731 862 3786 ignatio,
880 3731 1014 3776 Monacbio
1030 3733 1057 3776 26
1074 3732 1194 3777 Octobris
1206 3734 1266 3777 1555.
1278 3733 1490 3784 Baauusssaota,
1508 3735 1525 3778 1.
1541 3744 1577 3788 c.,

342 3819 404 3862 pag.
420 3806 527 3855 suaset.

383 3881 394 3913 ⁴
423 3880 462 3923 Ad
474 3876 669 3931 intelligendum
679 3883 750 3919 recte
761 3875 821 3929 quid
831 3874 880 3919 sibi
891 3874 974 3919 velint
984 3876 1049 3919 baec
1058 3877 1164 3929 partim
1181 3877 1210 3919 in
1220 3878 1341 3929 gratiam
1349 3876 1575 3931 300101011οφον-

342 3952 395 3994 tim
414 3952 542 3999 aliorum,
558 3949 589 3991 ci.
607 3958 673 4002 quae
691 3958 723 3989 ex
741 3946 837 3989 Carras
855 3946 888 3989 de
908 3946 964 3989 San
981 3946 1105 4000 rgnacto,
1122 3953 1142 3991 t.
1156 3959 1193 4001 rr,
1209 3960 1269 4002 pag.
1286 3948 1327 3991 233
1341 3948 1481 4001 01105467,
1497 3948 1574 3992 affert

341 4022 556 4072 Burnusasnosa,
567 4021 584 4063 l.
596 4030 626 4069 c.,
638 4029 697 4073 pag.
708 4018 755 4069 186,
768 4024 855 4061 annot.
866 4018 1036 4062 l.-Cauisius
1046 4018 1142 4062 litteris
1156 4029 1237 4074 supra
1253 4020 1404 4063 memoratis
1420 4020 1501 4063 addit:
1517 4018 1576 4063 “Fi-

343 4096 473 4137 nalmente
484 4093 506 4136 si
517 4092 571 4135 lece
582 4095 674 4144 questa
690 4088 851 4140 risoluzione,
864 4089 945 4133 chesi
957 4090 1147 4133 mandassiu03
1157 4091 1198 4133 dei
1213 4090 1351 4144 principali
1366 4091 1514 4144 cousiglleri
1530 4091 1577 4135 du·

342 4165 396 4209 culi
414 4176 430 4207 a
448 4162 590 4218 lngolstad,
608 4172 621 4204 e
638 4162 685 4204 che
702 4160 726 4203 io
742 4160 803 4204 fossi
822 4160 840 4203 il
857 4168 951 4215 quarto
968 4172 1015 4214 per
1027 4162 1176 4205 consultare
1192 4173 1206 4204 e
1222 4162 1394 4206 conchludere
1404 4163 1464 4217 ozni
1475 4174 1539 4207 cosa
1549 4164 1575 4208 dl

340 4244 435 4290 questo
446 4234 684 4289 cottegl0,volendo
695 4234 740 4286 gia
750 4234 776 4275 in
786 4233 845 4286 ogni
856 4233 930 4275 modo
941 4244 1021 4275 avere
1031 4233 1115 4287 prima
1124 4223 1164 4277 uu'
1173 4234 1282 4289 collegio
1298 4234 1401 4289 integro
1416 4234 1486 4279 della
1502 4235 1577 4280 Com·

342 4308 448 4362 pagnia,
460 4315 486 4350 et
496 4306 607 4351 secundo
617 4316 649 4349 un
662 4305 766 4349 altrudi
782 4304 808 4347 15
822 4304 917 4348 scolari
934 4306 1043 4355 almeno,
1055 4305 1102 4347 ebe
1119 4306 1193 4349 siano
1203 4312 1275 4350 sotto
1289 4306 1308 4350 il
1323 4314 1413 4351 nostro
1423 4318 1548 4362 governo,
1559 4320 1573 4351 e

338 4380 454 4422 auditori
465 4378 489 4422 dl
501 4378 623 4431 teologia,
635 4377 705 4421 eche
716 4382 817 4420 eccetto
828 4375 854 4419 iu
864 4376 1060 4431 temporalibus,
1070 4377 1191 4422 habiamo
1201 4380 1229 4422 la
1243 4378 1320 4433 piena
1335 4380 1576 4435 superintendentia

342 4451 366 4494 di
378 4452 457 4501 loro...
467 4450 681 4501 Baauussrtacurt,
692 4451 700 4492 l
720 4460 752 4502 c.,
763 4460 822 4503 pag.
833 4448 882 4492 566.

381 4522 392 4555 ¹
419 4521 462 4565 Sic
473 4521 608 4577 perspicue
619 4520 644 4563 in
655 4520 701 4563 Ms.
712 4520 740 4563 In
752 4520 866 4573 Regesro
877 4528 972 4571 autem,
984 4520 1046 4564 iicet
1057 4532 1106 4565 nou
1118 4522 1156 4565 ita
1170 4523 1321 4576 perspicue,
1338 4522 1443 4567 Brocio.
1460 4525 1510 4569 “Al
1526 4524 1579 4568 lra-

338 4595 405 4638 00110
415 4601 504 4639 nostro
515 4592 608 4637 Brocio
619 4598 698 4646 tenca
708 4591 780 4636 iddio
792 4591 887 4635 Nostro
898 4592 1007 4647 Siguore
1019 4593 1060 4637 uel
1070 4604 1117 4636 suo
1126 4602 1203 4637 santo
1211 4605 1302 4648 reguo.
1319 4594 1367 4640 Nol
1386 4596 1413 4639 10
1428 4597 1577 4641 haveramo

338 4672 434 4719 saputo
445 4665 523 4709 molto
535 4670 621 4717 tempo
632 4662 658 4707 ia
668 4669 695 4706 et
705 4663 799 4706 iattolo
810 4663 1014 4705 raccomaudare
1025 4664 1051 4707 in
1061 4663 1143 4707 Roma
1159 4670 1185 4707 et
1202 4664 1261 4707 nell·
1271 4666 1338 4709 altri
1347 4666 1451 4719 collegii
1462 4668 1489 4710 sl
1499 4666 1580 4711 Crea-

340 4744 400 4779 tore
410 4746 479 4790 auo.„
490 4735 626 4789 Polancus,
637 4744 671 4777 ex
681 4744 756 4784 eom„
767 4733 839 4778 Patri
850 4734 949 4790 banoy,
958 4735 996 4779 2!
1006 4737 1106 4789 Aprilis
1118 4737 1179 4779 1555.
