3717 5400
404 506 440 565 26
862 509 989 570 ennon.
1011 509 1088 570 Soc.
1110 511 1179 582 jus.

405 651 484 696 rum
502 635 509 666 ¹
526 637 751 716 suscepisset,
768 639 854 702 nihil
870 655 949 701 cum
966 637 1135 703 Pontifice
1149 638 1319 703 Marcello
1334 650 1453 702 actum
1468 650 1538 717 est,
1560 649 1635 703 tum

406 742 489 821 quia
500 744 607 822 pauci
618 743 694 807 dies
706 745 765 822 illi,
780 746 908 826 quibus
919 747 1022 825 vixit,
1035 764 1107 809 non
1118 756 1196 810 erat
1207 748 1251 810 de
1263 745 1465 827 hujusmodi
1484 749 1636 826 negocio

405 849 497 912 inter
522 859 595 914 tam
631 855 760 915 multas
786 851 860 932 ejus
891 856 1144 935 occupationes
1166 856 1409 933 tractandum;
1437 863 1512 918 tum
1541 856 1635 935 quod

406 967 531 1044 sponte
546 975 610 1021 sua
625 977 697 1022 non
713 961 780 1023 hoc
795 972 945 1042 tantum,
961 964 1024 1026 sed
1039 974 1073 1027 et
1089 963 1161 1026 alia
1175 963 1327 1041 collegia
1342 962 1554 1026 fundaturus
1568 979 1635 1042 pro

406 1080 471 1126 sua
485 1064 731 1130 benevolentia
747 1078 782 1131 et
796 1069 970 1134 charitate
986 1071 1022 1133 in
1037 1069 1250 1134 Societatem
1270 1070 1470 1133 videbatur.

392 1179 395 1184 “
464 1173 514 1234 43.
559 1173 754 1255 Assumpto
770 1187 887 1239 autem
903 1177 948 1240 ad
965 1176 1148 1240 Summum
1171 1176 1421 1240 Pontificatum
1443 1175 1555 1239 Paulo
1569 1174 1633 1252 IV,

408 1277 585 1356 iudicabat
600 1281 637 1344 P.
655 1282 814 1363 Ignatius
829 1285 1007 1363 expedire,
1024 1294 1061 1347 ut
1077 1285 1192 1348 denuo
1204 1283 1281 1347 Rex
1292 1283 1444 1364 Angliae
1459 1294 1494 1346 et
1508 1283 1632 1363 Hispa·

406 1386 544 1450 niarum
558 1387 635 1452 Rex
651 1390 832 1471 Philippus
854 1392 1027 1455 scriberet
1043 1389 1188 1455 Summo
1208 1390 1380 1469 Pontifici,
1401 1399 1437 1454 et
1452 1391 1496 1453 ab
1511 1407 1554 1452 eo
1574 1405 1632 1470 po·

405 1493 556 1556 stularet‘
568 1495 871 1562 confirmationem
886 1499 995 1562 annui
1011 1497 1157 1575 reditus,
1171 1515 1274 1577 quern
1287 1496 1362 1577 eJ'us
1377 1496 1635 1577 praedecessor

404 1599 516 1681 Julius
530 1603 666 1677 tertius,
686 1603 845 1668 Romano
861 1603 1019 1685 Collegio
1042 1606 1265 1684 promiserat;
1288 1605 1350 1666 sed
1375 1606 1454 1666 loco
1469 1621 1631 1666 reserva·

405 1706 510 1769 tionis
525 1708 675 1772 duorum
690 1712 837 1775 millium
852 1711 1064 1775 ducatorum
1079 1729 1185 1791 super
1200 1712 1389 1790 hospitalia
1401 1709 1485 1773 data
1500 1711 1634 1773 incom-

404 1815 583 1894 mendnm,
607 1817 643 1878 in
665 1817 791 1896 quibus
810 1835 881 1881 non
905 1820 1140 1882 exercebatur
1164 1819 1388 1897 hospitalitas
1411 1817 1572 1881 initalia
1598 1825 1634 1879 et

406 1919 524 1984 Sicilia
544 1924 565 2000 ¹,
583 1925 859 1988 commodiorem
884 1925 1040 2006 aliquam
1056 1925 1334 2004 assignationem
1350 1925 1422 2003 peti
1437 1940 1540 2003 posse
1551 1924 1632 1986 insi·

406 2029 548 2092 nuabat.

465 2135 514 2200 44.
559 2136 633 2200 Nec
648 2139 763 2200 solum
778 2157 820 2201 ea
835 2139 878 2202 de
892 2157 932 2202 re
948 2140 993 2203 ad
1008 2141 1197 2220 primarios
1213 2140 1351 2220 aliquos
1365 2139 1547 2202 ministros
1566 2137 1631 2199 Re·

406 2242 463 2320 gis
488 2245 639 2323 scripsit,
657 2258 798 2325 praeter
820 2248 937 2327 ipsum
959 2247 1095 2327 Regem
1120 2248 1170 2326 (ut
1196 2247 1359 2310 Dominis
1382 2245 1578 2337 Ruigomez
1598 2253 1634 2328 et

406 2345 624 2413 Gundisalvo
637 2351 755 2430 Perez,
769 2351 968 2422 Secretario
977 2352 1000 2429 ⁸)
1016 2355 1079 2417 sed
1091 2362 1124 2417 et
1137 2353 1174 2417 P.
1188 2353 1408 2416 Bernardum
1423 2351 1632 2426 Oliverium,

406 2457 464 2535 qui
477 2457 514 2519 in
530 2456 653 2537 Belgio
668 2460 889 2538 versabatur,
907 2462 944 2524 in
970 2462 1139 2540 Angliam
1154 2461 1307 2524 transire
1332 2477 1412 2523 cum
1438 2459 1493 2522 his
1507 2457 1636 2521 litteris

403 2561 549 2642 jubebat
559 2562 580 2642 ⁴,
599 2565 666 2629 nisi
682 2563 757 2644 ejus
772 2563 783 2596 ⁸
798 2569 972 2631 adventus
998 2569 1034 2631 in
1060 2567 1221 2646 Belgium
1245 2567 1346 2630 brevi
1371 2574 1631 2646 expectaretur.

405 2667 496 2734 Nam
512 2689 532 2733 a
547 2681 648 2751 patre
662 2672 879 2754 Imperatore
894 2675 1039 2738 evocari
1055 2674 1250 2753 dicebatur,
1265 2683 1304 2738 ut
1319 2673 1368 2737 illi
1383 2688 1574 2753 regnasua
1590 2689 1634 2734 ac

395 2777 561 2841 'dominia
585 2780 793 2858 resignaret.

465 2886 515 2947 45.
559 2887 763 2951 Accedebat
791 2890 966 2953 etiamad
991 2890 1058 2954 hoc
1085 2889 1233 2969 Collegii
1261 2888 1412 2952 Romani
1437 2886 1632 2966 negotium,

405 2991 581 3071 quoddam
597 2994 691 3057 aliud
703 2995 951 3059 Limericensis
965 2997 1132 3077 Episcopi
1144 2997 1292 3060 Hiberni
1302 2994 1325 3074 ⁸,
1339 3008 1374 3058 et
1385 2996 1526 3058 tertium
1537 2995 1632 3073 quod

405 3230 533 3278 Pontelice
543 3234 638 3287 (Guilio
648 3232 703 3288 liI),
714 3236 760 3280 che
772 3235 805 3280 lin
820 3236 852 3280 da
869 3235 1008 3281 cardinale
1023 3247 1070 3280 era
1084 3246 1130 3280 suo
1146 3238 1230 3281 amico
1246 3237 1395 3287 intrinseco,
1413 3235 1592 3280 Arciveacovo
1608 3234 1635 3279 di

407 3304 470 3349 Bari
481 3308 521 3350 nei
533 3306 592 3358 1550,
603 3319 616 3350 e
628 3308 693 3362 dopo
710 3308 823 3351 un'auno
839 3308 914 3351 Prete
932 3307 1071 3352 Cardlnale
1088 3308 1115 3351 di
1130 3307 1183 3351 San
1201 3307 1325 3360 Simone„
1342 3307 1462 3359 Novana,
1478 3308 1496 3349 i.
1512 3312 1572 3357 c.,t.
1586 3316 1636 3357 vn,

407 3388 466 3430 pag.
477 3376 565 3421 75.-1s
576 3378 741 3422 familiariter
751 3380 873 3423 utebatur
883 3379 997 3423 Poianco
1006 3386 1033 3423 et
1043 3378 1169 3424 societati
1179 3379 1270 3422 favere
1279 3390 1381 3433 semper
1391 3378 1497 3422 studuit.

447 3450 455 3481 ¹
484 3448 603 3503 Intellige
614 3450 718 3493 litteras
727 3451 894 3505 apostolicas,
905 3451 997 3505 quibus
1006 3450 1133 3503 Juliuslii
1143 3460 1241 3494 annuos
1252 3450 1350 3493 reditus
1365 3457 1504 3504 perpetuos
1519 3448 1636 3501 collegio

406 3516 522 3563 Romano
531 3522 713 3574 assignaturus
723 3528 788 3566 erat.
798 3522 864 3567 Vide
875 3534 963 3577 supra,
974 3535 997 3567 n.
1008 3523 1034 3566 lii
1042 3529 1068 3566 et
1077 3524 1153 3575 inira,
1162 3534 1185 3565 n.
1193 3522 1396 3565 a3.-Coniectae
1404 3522 1453 3565 hae
1461 3522 1567 3565 litterae
1575 3521 1636 3565 iuis·

406 3600 434 3633 ae
445 3591 566 3635 videntur
581 3592 667 3646 eisque
685 3592 748 3636 nihil
764 3594 834 3637 aluid
849 3595 960 3638 defuisse
976 3606 1053 3649 quarn
1069 3594 1201 3637 Pontificio
1215 3594 1431 3647 subscriptionem
1446 3598 1471 3636 et
1488 3593 1635 3647 plumbeum

406 3660 528 3715 sigilium.
539 3664 576 3706 “A
588 3664 613 3707 17
623 3663 663 3707 del
673 3666 764 3708 mismo
775 3664 915 3721 (Febrero).
925 3666 1009 3722 yendo
1020 3668 1044 3709 ei
1054 3666 1138 3709 Padre
1148 3666 1274 3719 (ignaclo)
1284 3676 1350 3719 para
1360 3666 1385 3708 la
1396 3666 1583 3708 villa..............
1593 3662 1636 3707 2⁸

406 3733 445 3779 No
456 3734 544 3790 quiere
555 3746 637 3790 agora
647 3736 727 3780 hacer
737 3738 804 3781 uada
816 3750 846 3781 en
857 3744 911 3782 este
922 3738 1029 3791 negorio
1039 3738 1150 3790 (decretl
1161 3737 1328 3789 Parisiensls)
1338 3738 1416 3780 hasta
1430 3748 1479 3791 que
1494 3738 1534 3780 las
1549 3736 1634 3780 bullas

407 3808 438 3851 de
448 3809 474 3851 la
484 3807 604 3851 dotacion
613 3807 653 3850 del
664 3808 778 3862 collegio
792 3820 856 3853 aean
870 3810 1097 3863 plombadas.-De
1112 3811 1138 3853 la
1152 3808 1281 3853 dotacion.
1299 3808 1394 3861 Querla
1405 3820 1419 3852 o
1431 3807 1503 3862 Papa
1517 3807 1585 3860 ,lullo
1600 3806 1636 3849 39

406 3879 500 3924 fundar
510 3892 524 3923 e
534 3881 610 3924 dotar
621 3892 635 3924 o
645 3892 720 3924 nosso
731 3879 846 3935 collegio
857 3880 981 3933 Romano,
992 3883 1058 3925 mais
1068 3886 1118 3925 ndo
1135 3892 1184 3924 veo
1199 3891 1215 3924 ι
1230 3880 1315 3923 effelto
1330 3891 1378 3934 por
1392 3891 1439 3923 sua
1454 3888 1537 3924 morte
1552 3882 1634 3932 (come

406 3952 842 4007 aconteceopotladeMarce102.⁰,
855 3965 903 4007 que
918 3954 1005 3997 tumbe
1016 3964 1030 3996 ο
1041 3953 1145 4007 quisera
1158 3952 1269 4005 fundar).
1284 3951 1308 3995 E
1323 3954 1421 4005 porque
1437 3963 1469 3995 ao
1485 3957 1571 4006 tempo
1585 3962 1635 4006 que

406 4021 450 4067 ΝΡ
459 4022 501 4065 Pa
517 4035 544 4067 se
555 4034 688 4077 occupata
699 4034 732 4066 na
741 4024 881 4078 expedicao
890 4025 937 4069 das
944 4025 1029 4071 bullas
1038 4025 1113 4068 desta
1123 4024 1251 4075 lundacso
1262 4023 1470 4076 chegouaRoma
1478 4034 1493 4067 o
1500 4023 1594 4067 recedo
1603 4023 1637 4066 do

406 4094 514 4147 negocio
524 4095 555 4138 de
566 4095 649 4139 Paris.
659 4095 758 4139 dilatou
769 4107 783 4138 o
793 4100 837 4140 ate
849 4108 876 4140 se
886 4097 986 4140 acabar
995 4108 1010 4139 ο
1025 4108 1074 4151 que
1089 4096 1173 4140 trszia
1189 4102 1262 4138 entre
1277 4099 1358 4149 maon
1373 4107 1471 4149 porque
1486 4100 1535 4139 nao
1550 4100 1636 4140 costu-

406 4176 484 4209 mava
495 4177 578 4210 nauca
589 4172 676 4210 tratar
686 4168 844 4211 luntamente
861 4169 925 4211 duas
942 4178 1035 4211 cousas
1054 4169 1085 4211 de
1102 4167 1273 4221 importancia
1292 4178 1383 4221 porse
1401 4174 1525 4221 entregar
1541 4167 1603 4211 todo
1619 4178 1636 4211 a

407 4238 473 4279 cada
483 4237 534 4281 hila
546 4237 651 4291 dellasr„
662 4237 690 4281 P.
701 4238 847 4282 Lunovrrus
857 4238 993 4283 Gouzaraz
1004 4250 1039 4281 un
1049 4238 1168 4290 Causas,
1179 4239 1196 4281 i.
1207 4238 1338 4282 c.-Plura
1348 4238 1429 4281 etiam
1438 4238 1463 4282 lu
1477 4239 1591 4293 Poiauci,
1603 4249 1636 4282 ex

407 4319 482 4359 com„
493 4310 561 4353 datis
571 4310 667 4353 litteris
678 4311 766 4363 primis
777 4312 853 4367 hujus
862 4310 921 4354 anni
932 4309 1166 4353 mensibus.—vide
1177 4310 1257 4353 etlam
1266 4310 1343 4363 inira,
1354 4321 1379 4353 n.
1388 4310 1423 4352 t9.

447 4380 459 4411 ἱ
486 4378 553 4423 Vide
564 4390 652 4433 supra.
663 4392 687 4424 n.
700 4380 733 4435 10,
744 4388 771 4424 et
782 4380 877 4425 Cartas
887 4382 920 4424 de
932 4380 988 4423 San
998 4380 1117 4435 Ignaca'o,
1126 4387 1145 4425 t.
1158 4393 1184 4433 v,
1196 4392 1256 4434 pag.
1267 4380 1315 4423 239.

447 4452 459 4485 ὅ
486 4450 583 4503 ignatii
601 4452 706 4495 litterae
724 4453 756 4497 ad
774 4452 962 4499 Gundlsalvum
979 4451 1060 4495 Perea
1077 4458 1137 4496 sunt
1156 4452 1181 4496 in
1204 4452 1301 4496 Cartas
1318 4454 1352 4496 de
1367 4453 1423 4495 San
1438 4451 1557 4505 Ignacio,
1573 4459 1593 4497 t.
1606 4466 1635 4506 v,

407 4522 523 4577 pagati.

447 4596 458 4626 ⁴
484 4594 522 4637 De
533 4595 574 4637 hls
584 4594 660 4648 plura
670 4594 747 4649 inira,
758 4606 815 4638 cum
826 4596 857 4639 de
868 4594 985 4649 Colleglo
993 4594 1152 4639 Lorauieusi
1162 4602 1266 4649 agetur.

447 4666 458 4697 ⁵
487 4666 598 4720 Philippi
609 4664 640 4709 11.

446 4738 458 4771 ⁶
487 4738 532 4782 “Di
543 4740 635 4782 alcuna
645 4749 704 4782 cose
715 4739 897 4793 appartenenti
909 4739 935 4783 al
946 4738 1099 4783 vescovado
1109 4740 1315 4785 Limericenseln
1331 4740 1432 4785 ibernia
1447 4744 1566 4787 abbiamo
1576 4753 1635 4786 con·
