3717 5400
331 482 386 543 524
786 485 914 545 Canon.
936 484 1014 544 Soc.
1041 486 1112 558 jus.

334 632 433 710 prius
447 632 675 713 verebantur,
691 632 837 713 scilicet,
860 633 972 713 digito
987 632 1167 709 mostrari,
1190 631 1265 713 jam
1284 632 1379 694 nullo
1401 631 1505 694 modo
1525 632 1567 695 ti-

332 739 489 803 mebant.

397 844 484 909 1430.
528 846 700 927 Quamvis
714 848 814 912 multi
830 848 1037 930 aspirabant
1051 848 1097 913 ad
1116 848 1341 926 Societatem,
1362 848 1454 911 inter
1474 863 1567 927 quos

334 962 412 1016 erat
436 954 580 1033 quidam
605 972 800 1034 generosus
826 955 1044 1036 adolescens,
1072 957 1132 1037 qui
1156 956 1475 1037 primogenituram
1497 971 1566 1034 pro

335 1060 444 1123 nihilo
470 1060 607 1125 habens
631 1048 862 1145 relinquebat,
884 1073 919 1128 et
938 1074 1063 1129 votum
1088 1064 1264 1127 castitatis
1283 1062 1467 1142 emiserat,
1492 1069 1566 1125 non

334 1176 455 1231 tamen
470 1166 575 1232 facile
590 1171 777 1250 quisquam
791 1171 1055 1235 admittebatur:
1071 1189 1163 1235 unus
1178 1171 1387 1234 adolescens
1401 1169 1510 1233 latine
1529 1179 1568 1231 et

335 1274 445 1355 probe
461 1275 586 1340 doctus
602 1276 647 1339 ad
661 1276 804 1341 Patrem
823 1277 1057 1342 Franciscum
1075 1278 1244 1357 Borgiam
1268 1278 1398 1341 missus
1419 1285 1474 1339 est
1495 1275 1568 1339 hac

336 1389 484 1458 aestate,
502 1385 610 1447 etalii
631 1386 789 1448 nonnulli
807 1386 953 1449 tandem
968 1386 1033 1449 sub
1053 1395 1260 1449 autumnum
1281 1394 1329 1447 ut
1342 1382 1568 1447 admitteren-

338 1498 395 1552 tur
409 1490 655 1570 impetrarunt.

399 1597 488 1661 1431.
531 1594 644 1679 Hujus
660 1598 808 1679 Collegii
823 1600 956 1664 Rector
969 1600 1110 1680 quidem
1126 1609 1203 1664 erat
1216 1598 1255 1663 P.
1270 1597 1450 1662 Gonzalez
1466 1600 1487 1677 '3
1505 1599 1569 1661 sed

335 1704 378 1784 is,
395 1715 435 1768 ut
449 1708 613 1787 superius
628 1706 781 1771 diximus
795 1706 818 1787 ¹,
834 1706 1021 1788 Hispalim,
1035 1707 1100 1770 sub
1111 1706 1251 1772 initium
1261 1704 1367 1785 hujus
1378 1705 1473 1786 anni,
1487 1722 1572 1769 curn

338 1809 445 1876 Patre
460 1811 676 1877 Provinciali
690 1812 820 1879 Torres
836 1832 856 1877 a
872 1813 910 1877 P.
926 1814 1120 1878 Francisco
1136 1813 1268 1892 Borgia
1284 1821 1457 1876 evocatus
1476 1824 1568 1876 erat.

336 1918 440 1983 Prius
465 1929 584 1983 tamen
608 1922 848 2001 compluribus
873 1922 1044 1985 exercitia
1070 1920 1215 1985 dederat
1241 1919 1444 1999 Cordubae,
1474 1921 1571 1984 inter

338 2044 428 2108 quos
443 2026 507 2091 fuit
522 2027 560 2091 P.
581 2026 797 2093 Franciscus
818 2028 963 2108 Gomez,
985 2046 1109 2093 sacrae
1129 2028 1331 2108 theologiae
1350 2027 1568 2102 licentiatus

338 2134 399 2215 qui
420 2134 549 2199 ibidem
564 2135 781 2216 theologiam
800 2136 940 2216 publice
959 2135 1203 2216 profitebatur,
1226 2143 1261 2199 et
1280 2132 1495 2199 Societatem
1519 2135 1571 2197 in·

338 2242 440 2321 gredi
455 2240 615 2306 decrevit
629 2240 641 2271 ⁸
656 2259 736 2306 cum
751 2242 820 2307 alio
836 2243 1033 2320 sacerdote,
1051 2253 1086 2306 et
1102 2242 1171 2306 alio
1184 2242 1384 2322 theologiae
1395 2241 1570 2314 studioso,
1666 2318 1674 2329 ,

338 2357 374 2412 et
389 2358 541 2429 quatuor
554 2348 817 2428 coadiutoribus
836 2350 1101 2431 temporalibus,
1118 2367 1269 2431 quorum
1289 2350 1359 2413 duo
1379 2349 1477 2435 missi
1496 2348 1573 2413 fue-

341 2466 423 2519 runt
437 2457 474 2520 in
488 2455 757 2537 Portugaliiam,
778 2458 904 2521 tertius
924 2457 1191 2538 Salmanticam,
1214 2466 1363 2538 quartus
1381 2455 1571 2521 Cordubae

340 2571 498 2627 retentus
514 2571 578 2627 est.
595 2563 822 2628 Licenciatus
838 2573 956 2628 autem
969 2564 1185 2629 Franciscus
1205 2563 1349 2642 Gomez,
1370 2581 1414 2628 ne
1435 2564 1574 2626 audito·

340 2688 399 2734 res
414 2687 499 2735 suos
513 2670 703 2752 desereret,
719 2688 790 2735 non
806 2672 927 2737 statim
943 2671 1080 2737 admitti
1095 2673 1219 2754 potuit,
1236 2671 1349 2735 donec
1364 2670 1416 2734 eis
1427 2688 1572 2751 prospe·

341 2786 437 2841 ctum
452 2776 529 2858 fuit;
545 2779 597 2842 sic
613 2779 705 2842 enim
720 2781 894 2858 magistro
910 2779 1039 2843 Aviiae
1055 2776 1067 2809 ⁴
1081 2781 1198 2843 visum
1209 2778 1292 2858 fuit;
1305 2779 1470 2858 quamvis
1480 2779 1572 2857 ipse-

342 2894 412 2948 met
426 2886 599 2965 magister
612 2885 720 2949 Avila
735 2886 866 2967 partim
880 2895 919 2950 ut
934 2887 1053 2949 multis
1067 2887 1286 2967 prospiceret
1300 2885 1482 2966 discipulis
1496 2885 1574 2949 suis

341 2992 378 3054 in
392 3009 435 3056 ea
449 2992 647 3072 provincia,
663 2995 794 3074 partim
809 2993 854 3080 ob
874 2993 1017 3057 morbos
1033 3004 1068 3056 et
1088 2993 1226 3056 senium
1247 2995 1397 3072 ipsemet
1416 2991 1573 3058 Societa-

342 3110 414 3164 tem
427 3099 610 3180 ingressus
624 3118 696 3164 non
711 3110 765 3164 est
785 3097 806 3161 ⁵.

404 3205 492 3270 1432.
535 3207 746 3272 Aedificium
756 3217 875 3271 autem
883 3207 1086 3271 scholarum
1097 3207 1132 3270 in
1145 3207 1222 3270 dies
1230 3207 1426 3283 crescebat,
1439 3224 1506 3270 nec
1518 3223 1575 3270 so-

341 3315 415 3379 lum
435 3314 479 3379 D.
501 3315 656 3398 Joannes
676 3316 719 3379 de
742 3314 905 3379 Cordoba
925 3314 1011 3378 illud
1030 3315 1192 3395 urgebat,
1213 3314 1277 3378 sed
1297 3314 1365 3395 ipsi
1386 3315 1577 3395 magistra·

343 3433 400 3485 tus
422 3431 455 3485 et
475 3431 620 3486 senatus
640 3423 808 3519 civitatis.
829 3421 972 3503 At'ipse
998 3421 1212 3502 EpiscopuS,
1233 3419 1279 3484 D.
1306 3422 1509 3502 Leopoldus
1530 3421 1576 3485 de

342 3527 505 3634 Austria,
526 3529 756 3610 Imperatoris
775 3538 923 3610 patruus
943 3526 966 3608 ⁸,
990 3528 1279 3608 impedimentum
1303 3527 1386 3591 huic
1411 3527 1577 3591 aedificio

383 3733 393 3768 ¹
421 3734 450 3778 P.
461 3733 637 3778 Gundlaalvus
648 3734 785 3779 Gonzalez.

382 3804 394 3835 ¹
420 3804 487 3849 Vide
498 3816 585 3860 supra,
597 3811 616 3850 t.
627 3817 662 3856 iv,
673 3816 733 3861 pag.
744 3805 792 3858 460,
804 3815 829 3848 n.
837 3805 884 3858 9823
896 3809 922 3848 et
933 3815 994 3858 pag.
1004 3803 1053 3852 468,
1063 3801 1145 3848 ιι.998.

382 3875 395 3910 ⁸
421 3877 504 3932 liujus
520 3889 563 3920 ree
580 3887 675 3932 gestas,
690 3888 755 3932 quas
769 3878 867 3930 primus
882 3876 1019 3920 enarravit
1033 3874 1130 3930 Multae,
1149 3873 1235 3920 Obras
1249 3876 1294 3920 dei
1307 3875 1337 3918 Β.
1349 3875 1425 3930 Juan
1439 3875 1473 3919 de
1485 3875 1578 3926 Avila,

343 3955 365 3996 t.
374 3959 430 4004 vin,
440 3949 484 3992 lib.
494 3949 514 4004 2,
523 3961 579 4001 cap.
590 3949 621 3993 10.
633 3949 757 3993 describit
768 3949 847 3993 etiarn
857 3947 1035 4002 Numano,
1051 3947 1170 3990 Varoues
1180 3947 1292 3991 ilustres
1304 3948 1374 3991 dela
1386 3945 1532 4002 Campania
1541 3948 1577 3991 de

341 4019 435 4076 lesus,
444 4021 506 4066 edit.
517 4021 598 4076 antiq.
608 4019 777 4073 Matritensis,
788 4026 807 4063 t.
818 4031 854 4073 ιν,
864 4031 924 4074 pag.
936 4019 982 4071 o97,
991 4024 1090 4063 recent.
1098 4019 1252 4072 Biibaitnsia,
1264 4025 1282 4063 t.
1293 4030 1339 4073 vn,
1350 4030 1410 4074 pag.
1419 4018 1455 4062 2⁶.

382 4093 396 4128 ⁴
422 4093 505 4138 Beato
514 4093 605 4146 Joanni
614 4095 645 4138 de
657 4094 746 4138 Avila.
756 4092 781 4136 ls
790 4091 925 4136 Cordubae
932 4091 1057 4136 lectiones
1066 4091 1192 4145 quasdam
1199 4091 1387 4146 philosophiae,
1395 4093 1462 4146 juris
1469 4097 1496 4135 et
1503 4092 1576 4134 theo-

343 4165 428 4220 logiae
438 4165 530 4210 haberi
542 4171 683 4210 curaverat
693 4175 740 4220 per
755 4175 814 4208 snos
823 4163 971 4218 discipulos,
987 4173 1094 4218 quorum
1108 4174 1181 4216 unna,
1198 4161 1355 4210 Franciscus
1370 4162 1473 4217 Gomez,
1484 4163 1515 4206 de
1526 4173 1578 4217 quo

344 4239 386 4283 hic
396 4237 426 4283 fit
435 4249 529 4286 sermo.
545 4237 704 4292 theologiam
719 4236 891 4293 profitebatur
906 4242 932 4279 et
942 4236 968 4279 in
979 4246 1008 4279 eo
1024 4245 1128 4278 munere
1145 4235 1335 4289 perseveravit,
1350 4235 1430 4278 donec
1445 4244 1512 4278 anno
1524 4233 1581 4279 1⁵59

344 4313 448 4356 illarum
459 4311 570 4355 omnium
582 4311 722 4355 lectionum
731 4320 795 4354 onus
806 4308 884 4352 subiit
893 4307 1018 4351 Societas.
1028 4305 1126 4356 Mulloz,
1135 4307 1151 4350 l.
1164 4318 1195 4360 c.;
1207 4306 1409 4358 Niuuuunrac,l.
1421 4317 1443 4350 c.

385 4381 397 4416 ⁸
423 4382 462 4427 De
471 4383 511 4437 lla,
522 4393 587 4437 qaae
599 4383 625 4426 in
635 4393 715 4426 causa
724 4382 796 4426 luere
806 4393 837 4424 ne
847 4379 952 4423 tandem
962 4379 991 4423 Β.
1001 4377 1016 4432 J
1018 4389 1114 4423 oannes
1125 4380 1205 4423 Avila
1217 4377 1375 4423 Societatem
1386 4376 1577 4432 ingrederetur,

344 4456 421 4510 plura
431 4454 499 4499 scitu
510 4455 612 4510 quidem
622 4455 701 4508 digna
710 4455 790 4508 dabit,
800 4451 855 4496 Deo
866 4453 979 4504 volente,
990 4450 1012 4495 N
1014 4462 1065 4495 oua
1076 4451 1157 4494 series
1167 4451 1316 4495 litterarum
1326 4449 1413 4494 Sancti
1422 4448 1527 4503 ignatii.

385 4525 397 4560 θ
424 4525 494 4570 “Don
505 4525 636 4580 Leopoldo
647 4526 678 4569 de
689 4525 798 4570 Austrla
808 4525 850 4568 fue
861 4523 914 4579 hilo
924 4524 956 4567 de
966 4523 1143 4567 Maximiliano
1153 4521 1173 4577 1,
1183 4521 1354 4577 Emperador.
1362 4519 1385 4565 N
1386 4521 1443 4565 acid
1454 4521 1478 4564 el
1486 4523 1537 4564 aiio
1545 4520 1579 4565 de

345 4597 406 4651 1505,
416 4611 434 4655 y
444 4609 474 4642 eu
484 4599 588 4643 sobrino
597 4599 621 4640 el
630 4597 793 4652 Emperador
807 4597 898 4641 Carioa
908 4593 935 4638 V
949 4596 972 4639 le
984 4598 1104 4651 presento
1113 4595 1140 4638 al
1152 4593 1282 4648 obispado
1297 4593 1328 4637 de
1344 4591 1471 4646 Cbrdoba,
1486 4592 1580 4647 deque

344 4681 380 4726 ya
394 4673 466 4713 tenia
481 4671 507 4714 la
521 4671 640 4725 poterion
657 4680 704 4723 por
718 4670 819 4724 Agoato
834 4669 865 4711 de
881 4667 957 4721 lodi„
972 4665 1061 4712 Gouez
1076 4665 1177 4718 Batavo,
1189 4666 1312 4720 catalogo
1322 4667 1355 4710 de
1367 4666 1408 4710 ios
1423 4664 1581 4720 Obisposde

345 4741 471 4793 Corduba,
480 4742 524 4785 lib.
535 4753 571 4794 rr,
582 4752 639 4795 cap.
649 4741 670 4784 l.
