3717 5400
824 470 889 529 An.
911 468 982 529 1555
1468 471 1523 529 477

281 608 360 680 bat.
377 616 558 681 Amiserat
569 615 644 697 jam
658 617 756 697 prius
771 616 857 681 illud
867 618 1099 697 propositum,
1113 616 1312 697 Collegium
1322 616 1522 681 fabricandi

288 734 324 787 et
351 723 498 789 dotandi
524 742 590 805 pro
617 723 885 805 quatuordecim
909 724 1153 803 collegialibus
1187 722 1208 803 ¹3
1237 733 1271 787 et
1295 740 1360 803 pro
1374 723 1522 802 triginta

289 842 489 912 utrumque,
505 832 651 907 scilicet,
668 830 867 896 aedificium
878 840 914 895 et
927 830 1063 894 reditus
1075 831 1198 911 parari
1211 831 1367 909 volebat;
1379 830 1522 895 domum

273 948 408 1002 :autem
424 940 607 1002 meliorem
629 955 708 1002 esse
726 939 882 1017 volebat,
903 954 1012 1016 quam
1033 935 1197 1001 Societas
1217 947 1341 1001 nostra
1360 937 1397 1001 in
1410 954 1523 1019 regno

288 1044 466 1109 Castellae
481 1046 638 1123 haberet;
654 1046 691 1109 in
705 1062 774 1126 qua
794 1044 995 1124 expendere
1016 1044 1256 1125 quadraginta
1277 1046 1335 1109 vel
1355 1045 1523 1125 quinqua·

288 1153 390 1232 ginta
412 1153 521 1216 millia
548 1152 759 1216 ducatorum
777 1153 932 1227 volebat;
956 1169 1022 1215 nec
1043 1150 1273 1215 dubitabatur
1295 1150 1330 1214 id
1351 1168 1431 1215 eum
1445 1169 1524 1215 esse

288 1259 479 1337 facturum,
496 1260 526 1322 si
541 1260 681 1324 viveret
696 1271 847 1340 quatuor
862 1275 987 1337 annos;
1004 1276 1070 1322 nec
1086 1259 1180 1322 enim
1193 1258 1224 1321 ei
1239 1258 1451 1323 velabimus
1467 1259 1525 1322 vel

290 1365 442 1430 facultas
461 1366 597 1429 deerat.

353 1474 440 1537 1295.
484 1473 542 1536 Ad
561 1472 690 1537 festum
710 1483 829 1536 autem
847 1470 908 1535 ga
927 1472 1048 1535 Lucae
1069 1472 1186 1535 studia
1210 1489 1292 1536 cum
1311 1473 1379 1537 Dei
1398 1472 1524 1537 favore

290 1580 492 1645 inchoanda
516 1590 630 1659 erant,
656 1581 920 1658 grammatices
948 1579 1103 1659 inquam,
1131 1589 1166 1643 et
1191 1580 1401 1659 rhetorices;
1429 1590 1464 1643 et
1488 1581 1525 1643 id

289 1687 487 1769 Episcopus
501 1686 722 1767 promulgari
736 1686 773 1749 in
788 1686 989 1765 praecipuis
1000 1686 1089 1749 locis
1101 1686 1156 1749 sui
1169 1686 1397 1766 episcopatus
1407 1686 1523 1768 iussin

289 1806 324 1857 et
340 1796 492 1872 interim,
508 1794 592 1857 dum
607 1793 857 1857 bibliothecam
876 1793 1139 1856 instructiorem
1162 1793 1331 1872 parabat,
1356 1811 1525 1874 magnam

284 1902 365 1964 ‘vim
394 1902 565 1965 librorum
594 1911 667 1964 tum
698 1899 899 1977 theologiae
928 1910 1004 1963 tunt
1036 1899 1235 1964 litterarum
1269 1900 1521 1964 humaniorum

291 2009 424 2071 nostris
439 2007 546 2070 dedit.

353 2114 441 2177 1296.
483 2113 556 2178 Sub
580 2113 686 2177 finem
709 2131 797 2193 ergo
823 2113 1000 2190 Octobris,
1027 2130 1108 2177 curn
1134 2130 1268 2193 magno
1295 2115 1470 2194 applausu
1490 2124 1525 2178 et

291 2222 425 2286 laetitia
445 2222 616 2292 omnium.
634 2221 804 2283 lectiones
822 2219 1011 2284 inchoatae
1031 2219 1186 2283 suerunt.
1210 2219 1430 2301 Praeparata
1450 2222 1523 2302 qui·

282 2328 371 2391 dem
385 2327 537 2401 fuerant,
553 2344 645 2407 quae
659 2327 758 2390 initio
772 2327 970 2390 studiorum
985 2327 1166 2408 praemitti
1181 2344 1202 2389 a
1218 2328 1351 2391 nostris
1366 2330 1482 2392 solent
1498 2328 1522 2409 ';

290 2435 353 2498 sed
370 2436 452 2516 quia
466 2434 665 2514 Episcopus
680 2434 804 2497 aberat
815 2443 849 2497 et
863 2434 972 2497 etiam
983 2432 1020 2497 P.
1034 2433 1254 2497 Franciscus
1266 2434 1410 2513 Borgia,
1423 2452 1524 2515 prae·

286 2543 494 2622 parationes
508 2543 589 2605 illae
604 2542 769 2618 omissae,
785 2541 844 2604 vel
857 2540 989 2605 dilatae
1011 2540 1167 2605 luerunt.
1189 2540 1235 2605 Et
1250 2542 1382 2621 alioqui
1397 2559 1523 2621 parum

282 2660 393 2714 ¹erant
417 2650 658 2727 necessariae,
684 2665 765 2712 cum
790 2647 1018 2729 praeparatio
1049 2648 1127 2711 aliis
1152 2648 1350 2713 rationibus
1376 2658 1469 2714 esset
1487 2650 1522 2713 in

292 2758 421 2821 animis
433 2758 614 2821 hominum
628 2757 737 2820 sacta.

354 2864 440 2926 1297.
485 2863 525 2928 ln
539 2864 693 2944 quinque
708 2863 881 2927 classibus
895 2880 982 2944 ergo
997 2865 1067 2942 legi
1083 2872 1250 2944 coeptum
1266 2874 1333 2942 est,
1353 2881 1425 2928 una
1447 2865 1524 2928 rhe-

290 2974 421 3036 torices
433 2982 469 3034 et
480 2982 633 3052 quatuor
643 2971 908 3050 grammatices.
923 2969 1176 3036 Convenerunt
1188 2981 1307 3035 autem
1319 2972 1524 3038 scholastici
1560 2971 1562 2975 ’

291 3089 433 3142 centum
446 3088 481 3141 et
495 3078 694 3158 sexaginta,
708 3053 830 3141 tantus‘
842 3089 963 3142 autem
976 3076 1041 3141 fuit
1055 3077 1179 3142 servor
1188 3089 1223 3142 et
1238 3095 1320 3158 spes
1331 3079 1522 3159 profectus

285 3187 482 3249 observato
498 3184 649 3248 docendi
664 3185 780 3264 m0d0,
797 3202 903 3266 quem
913 3186 1026 3248 nostri
1041 3185 1225 3264 tenebant,
1241 3193 1279 3249 ut
1294 3187 1395 3249 multi
1409 3203 1525 3249 sacer·

282 3293 392 3356 dotes
406 3302 441 3356 et
455 3293 535 3370 viri,
548 3292 608 3372 qui
623 3292 813 3372 aliquando
828 3292 954 3355 litteris
966 3309 1112 3372 operam
1125 3293 1308 3371 dederant,
1322 3292 1368 3358 ad
1381 3293 1524 3357 scholas

291 3411 434 3463 nostras
447 3399 669 3477 accederent,
686 3410 721 3463 et
736 3400 794 3480 qui
809 3401 846 3462 in
859 3417 902 3462 ea
917 3399 1004 3463 urbe
1018 3415 1188 3478 magnam
1203 3399 1389 3463 doctrinae
1404 3401 1526 3464 existi·

286 3508 483 3571 mationem
497 3507 727 3580 nocuerant,
750 3505 926 3569 humiliter
949 3514 1069 3569 tamen
1088 3505 1301 3587 disciplinae
1323 3516 1526 3571 nostrorum

296 3631 334 3676 se
354 3614 595 3677 subdiderunt.
618 3611 712 3675 lnter
727 3629 817 3692 quos
831 3622 933 3675 erant
948 3613 1067 3693 aliqui,
1090 3613 1149 3692 qui
1169 3614 1444 3693 grammaticam
1465 3630 1526 3694 pu·

293 3721 385 3785 blice
407 3721 613 3783 docuerant.
636 3719 691 3782 Ex
713 3718 917 3783 Cathedrali
940 3729 1058 3782 autem
1076 3720 1230 3784 ecclesia
1251 3720 1418 3802 Decanus
1437 3720 1524 3801 ipse,

292 3829 351 3891 vir
365 3827 496 3908 alioqui
510 3843 581 3889 non
595 3825 802 3904 ineruditus
819 3825 1016 3889 studiosum
1028 3843 1066 3889 se
1078 3825 1291 3906 discipulum
1302 3825 1476 3907 praebuit
1491 3839 1526 3892 et

293 3934 345 3998 ita
360 3935 421 3998 alii
435 3951 481 3997 ex
494 3932 727 3996 nobilioribus
740 3930 816 4010 ejus
830 3932 939 3995 urbis
957 3932 1077 4012 ltaque
1093 3949 1157 4012 per
1172 3932 1290 3997 studia
1306 3951 1378 3997 non
1396 3934 1526 3998 medio-

287 4041 366 4106 cris
381 4039 541 4105 accessio
555 4038 600 4102 ad
615 4037 896 4102 aedificationem
911 4039 1067 4102 civitatis
1081 4050 1115 4103 et
1129 4039 1297 4104 affectum
1311 4057 1398 4120 erga
1409 4040 1525 4106 Socie-

288 4157 403 4212 tatem
417 4157 576 4211 nostram
590 4145 686 4209 facta
702 4154 766 4209 est.

353 4253 441 4319 1298.
486 4252 780 4317 observabantur
815 4263 934 4318 autem
969 4253 1166 4318 studiorum
1211 4257 1357 4335 regulae
1393 4265 1466 4320 tam
1504 4274 1526 4318 a

317 4495 341 4539 .¹
369 4496 437 4541 Vide
447 4507 535 4551 snpra,
545 4507 606 4551 pag.
618 4497 666 4546 467,
677 4509 702 4542 n.
714 4497 774 4541 tant.
1073 4531 1077 4538 .

331 4567 344 4598 ¹
370 4568 517 4622 Orationes,
527 4569 636 4619 scillcet,
648 4569 754 4624 dialogi,
764 4575 791 4614 et
800 4571 853 4615 alle
863 4569 1017 4626 huiuamodi,
1028 4570 1059 4615 tle
1070 4571 1162 4625 qulbus
1172 4583 1258 4616 sermo
1265 4573 1320 4628 jam
1328 4574 1432 4628 saepius
1440 4574 1527 4619 iactus

273 4645 334 4683 -τιῑ
347 4640 374 4684 ln
386 4640 436 4684 boc
451 4639 586 4692 chronico,
600 4640 661 4684 dnm
677 4641 709 4684 de
725 4641 914 4686 instauratione
928 4647 974 4686 aut
986 4642 1155 4686 renovatione
1167 4644 1312 4688 ntndlorun
1327 4645 1353 4689 ln
1363 4646 1459 4690 nostris
1469 4645 1526 4692 Col·

289 4711 368 4766 legiis
378 4717 466 4755 actum
475 4716 524 4755 est.
