3717 5400
365 455 418 520 lon
825 459 953 520 Canon.
973 458 1051 520 Soc.
1071 459 1141 533 Jss.

361 606 461 670 tione
475 616 511 669 et
527 607 782 686 praefat-ionem
802 604 1006 682 audierunt,
1018 621 1128 685 qnam
1146 604 1281 684 primae
1303 604 1428 668 classis
1450 621 1596 684 praece-

362 725 444 793 ptor
460 711 469 744 ¹
484 714 622 790 habuit,
639 725 674 777 et
689 715 838 777 alteram
852 711 928 793 ejus
950 713 1196 789 adolescentis,
1220 713 1281 793 qui
1301 711 1501 792 praedictas
1523 712 1594 775 tlte-

362 835 419 883 ses
440 820 615 884 tuebatur.
639 819 833 901 Sequatum
852 821 980 884 deinde
998 831 1053 884 est
1073 830 1265 898 certamen,
1288 829 1323 882 et
1342 818 1527 882 duodecim
1549 837 1595 882 ex

362 928 494 990 nostris
507 927 742 1007 scholasticis,
758 929 820 1008 qui
832 927 996 992 instructi
1015 937 1255 1003 accesserant,
1280 928 1356 990 suis
1370 926 1591 1006 argumentis

361 1037 461 1098 velut
474 1035 554 1098 telis
568 1034 829 1099 adolescentem
842 1034 1064 1115 praedictum
1081 1043 1344 1114 oppugnarunt,
1361 1045 1395 1096 et
1416 1033 1478 1096 nix
1493 1033 1591 1096 credi

361 1151 482 1222 posset
496 1150 629 1222 quanta
644 1157 726 1206 curn
740 1141 974 1205 admiratione
990 1141 1220 1217 audientium,
1244 1141 1395 1204 audacia
1416 1157 1458 1203 ac
1474 1155 1591 1220 prom·

360 1249 498 1328 ptitudo
512 1265 703 1329 puerorum
717 1250 754 1312 in
768 1251 843 1313 suis
857 1250 1078 1329 argumentis
1098 1249 1284 1329 perspicue
1304 1247 1544 1325 declarandis,
1558 1257 1594 1310 et

361 1364 667 1436 propugnatorum
681 1358 717 1420 in
732 1357 784 1420 eis
796 1356 1041 1437 profligandis,
1058 1373 1120 1436 per
1136 1365 1209 1419 tres
1224 1355 1332 1418 horas
1348 1365 1508 1435 spectata
1523 1355 1595 1418 inc·

362 1464 420 1541 τῖες
437 1459 519 1544 quia
534 1481 579 1527 ne
593 1464 741 1527 verbum
756 1465 898 1544 quidem
917 1481 1026 1528 unum
1040 1475 1144 1526 extra
1159 1479 1234 1526 rem
1253 1461 1595 1552 proferre'videban·

363 1582 432 1647 tur,
446 1581 482 1635 et
496 1589 518 1633 a
533 1580 608 1634 tota
621 1572 778 1647 civitate,
794 1582 830 1634 et
844 1572 1055 1652 praesertim
1070 1589 1091 1634 a
1107 1569 1250 1646 Senatu,
1267 1585 1397 1648 magno
1413 1585 1495 1632 cum
1509 1583 1595 1648 gatr-

363 1677 422 1741 dio
438 1679 528 1741 haec
542 1678 736 1759 disputatio
750 1688 853 1758 cepta
868 1689 933 1758 est;
950 1697 1020 1759 qua
1036 1679 1208 1754 absoluta,
1230 1677 1312 1741 Dux
1334 1678 1410 1757 ipse
1426 1676 1593 1752 civitatis,

371 1785 521 1865 cupidus
546 1786 788 1865 cognoscendi
809 1786 988 1869 juvenem,
1014 1787 1074 1866 qui
1102 1786 1296 1865 positiones
1323 1783 1540 1860 defenderat,
1562 1793 1594 1845 et

365 1892 499 1955 nostris
512 1893 719 1972 gratulandi
732 1894 863 1957 bonam
877 1893 1144 1969 institutionem,
1162 1893 1261 1956 illum
1276 1891 1380 1954 simul
1394 1907 1476 1953 cum
1495 1906 1593 1969 prae·

366 2009 510 2078 ceptore
530 2000 733 2077 accersivit,
755 2010 790 2063 et
809 2000 983 2064 animavit
1003 1999 1048 2063 ad
1070 1999 1186 2064 studia
1207 1997 1344 2078 majora
1363 1995 1594 2076 capessenda,

366 2105 592 2185 gratissimas
604 2107 671 2170 sibi
682 2107 791 2170 fuisse
802 2107 1061 2187 disputationes
1073 2104 1275 2182 ostendens
1285 2102 1455 2184 postridie
1464 2113 1594 2174 autem,

368 2213 494 2275 eodem
508 2213 544 2276 in
559 2216 650 2291 loco,
667 2213 788 2278 habita
803 2213 869 2277 fnit
884 2213 998 2277 oratio
1014 2214 1049 2276 in
1069 2212 1210 2276 laudem
1231 2211 1452 2292 eloquentiae
1472 2227 1493 2272 a
1513 2225 1594 2289 qno·

368 2320 452 2383 dam
467 2336 512 2383 ex
528 2320 720 2401 discipulis
737 2320 900 2385 Recitata
922 2321 1031 2384 etiam
1052 2319 1151 2382 fuere
1176 2318 1351 2400 quaedam
1376 2316 1536 2380 carmina
1559 2315 1596 2378 iu

367 2426 510 2490 laudem
525 2428 623 2491 urbis
637 2427 793 2507 Genuae,
811 2445 901 2508 quae
920 2443 991 2490 non
1015 2427 1142 2491 minori
1166 2426 1341 2508 applausu
1359 2427 1417 2487 vel
1435 2423 1594 2503 frequen·

366 2534 427 2611 tia,
445 2551 553 2615 quam
571 2535 749 2613 hesterna,
771 2535 892 2598 audita
912 2533 1071 2611 fuerunt;
1087 2549 1171 2596 nam
1186 2542 1221 2595 et
1235 2531 1319 2595 Dux
1340 2532 1415 2612 ipse
1436 2547 1516 2594 cum
1537 2528 1594 2593 Se·

366 2650 456 2707 natu
472 2650 508 2706 et
520 2641 719 2723 Episcopus
738 2641 908 2721 interfuit,
925 2641 1086 2719 etmulti,
1105 2639 1150 2703 ad
1170 2656 1259 2721 quos
1278 2639 1483 2703 certaminis
1500 2637 1595 2701 fama

365 2758 597 2830 pervenerat;
614 2759 649 2814 et
662 2766 744 2814 cum
759 2750 858 2831 prius
876 2748 1141 2829 quodammodo
1164 2748 1343 2811 videretur
1363 2750 1473 2810 latere
1493 2746 1529 2809 in
1548 2756 1594 2808 te·

364 2857 484 2920 nebris
499 2855 649 2936 Collegii
664 2858 771 2937 fama,
785 2857 958 2922 latissime
970 2872 1033 2937 per
1049 2864 1160 2918 totam
1173 2856 1299 2918 urbem
1313 2865 1513 2935 pervagata
1528 2863 1592 2915 est.

427 2962 499 3026 295.
542 2963 593 3028 Eo
608 2974 727 3027 autem
741 2965 809 3043 die,
826 2982 896 3045 quo
917 2963 1035 3026 studia
1060 2961 1158 3026 fuere
1184 2971 1369 3038 renovata,
1394 2975 1594 3023 convenere

369 3086 491 3133 omnes
506 3070 711 3134 scholastici
725 3072 762 3134 in
777 3070 900 3133 aedem
916 3068 961 3133 D.
975 3068 1121 3147 Mariae,
1136 3078 1170 3132 et
1182 3067 1331 3131 solemni
1342 3083 1447 3131 sacro
1459 3065 1594 3143 audito,

365 3186 401 3240 et
414 3177 543 3240 oblatis
557 3176 727 3240 offertorii
743 3187 900 3256 tempore
916 3176 1076 3252 cereolis
1093 3192 1182 3256 quos
1197 3191 1369 3238 accensos
1384 3175 1420 3237 in
1433 3174 1595 3237 manibus

365 3283 536 3361 ferebant,
554 3284 704 3364 quidam
721 3301 767 3346 ex
787 3284 985 3363 discipulis,
1009 3291 1218 3362 suggestum
1239 3282 1447 3359 ascendens,
1468 3280 1597 3344 oratio·

365 3406 446 3453 nem
460 3400 534 3453 tam
551 3392 773 3470 praeclaram
788 3390 922 3468 habuit,
940 3400 978 3452 ut
993 3386 1191 3469 Episcopus
1206 3397 1241 3451 et
1263 3388 1324 3451 alii
1344 3388 1442 3451 cives
1462 3386 1595 3450 nullum

365 3495 532 3560 laudandi
546 3495 652 3559 finem
665 3495 838 3573 facerent,
856 3506 891 3559 et
907 3498 980 3559 alta
995 3512 1086 3558 voce
1100 3494 1190 3558 dixit
1209 3494 1410 3574 Episcopus
1428 3510 1466 3557 se
1487 3510 1595 3573 aegre

363 3602 458 3666 ferre
472 3604 567 3683 quod
581 3620 654 3666 non
668 3603 794 3667 suisset
814 3602 992 3683 frequenti
1006 3601 1139 3667 Senatu
1153 3601 1285 3664 habita.
1302 3600 1436 3664 Eodem
1452 3600 1508 3663 die
1528 3600 1596 3663 sin·

365 3711 439 3789 guli
454 3720 705 3790 praeceptores
718 3724 804 3773 suas
819 3708 989 3772 lectiones
1011 3717 1093 3771 sunt
1113 3708 1288 3785 aggressi,
1305 3706 1597 3787 praefatiunculis

367 3818 584 3898 praemissis
602 3819 751 3880 etmulti
766 3830 812 3879 ex
826 3815 898 3889 his,
916 3816 976 3895 qui
991 3813 1134 3877 scholas
1154 3830 1225 3876 non
1241 3814 1524 3893 frequentabant,
1541 3813 1597 3875 his

368 3925 579 3987 lectionibus
593 3923 793 3986 interfuere.

425 4030 495 4094 296.
538 4028 714 4093 Postridie
729 4028 869 4092 Natalis
884 4028 1030 4092 Domini
1045 4028 1166 4092 habita
1181 4026 1247 4091 fuit
1263 4027 1377 4091 oratio
1392 4028 1436 4089 de
1448 4042 1597 4107 pauper-

366 4146 439 4200 tate
453 4136 596 4210 Christi,
614 4150 721 4216 quam
737 4142 761 4197 'a
782 4136 914 4199 teneris
935 4136 1037 4198 aunis
1057 4144 1096 4197 ut
1118 4131 1226 4197 filiam
1251 4135 1438 4213 amplexus
1462 4144 1527 4195 est.
1552 4131 1598 4195 Et

366 4242 545 4306 auditores
560 4252 633 4305 tam
651 4241 854 4321 frequentes
869 4250 984 4319 erant,
1001 4250 1161 4320 utsupra
1177 4249 1330 4321 quatuor
1349 4240 1458 4303 millia
1480 4252 1597 4302 nttme·

366 4364 428 4413 rus
441 4364 564 4412 eorum
590 4348 817 4428 ascenderem
834 4360 868 4412 et
884 4348 1025 4425 civitae,
1042 4364 1175 4428 magno
1195 4347 1313 4411 studio
1333 4362 1486 4410 accensa
1510 4360 1598 4425 erga

366 4467 522 4534 nostros,
541 4456 652 4520 adfuit
667 4456 723 4520 die
738 4456 899 4537 sequenti
924 4456 968 4518 ad
996 4454 1210 4519 audiendam
1235 4456 1396 4533 eclogam
1417 4454 1460 4517 de
1481 4451 1599 4516 Natali

408 4701 415 4732 ¹
445 4700 471 4743 le
480 4709 539 4744 erat
550 4700 594 4744 Fr.
605 4700 755 4753 alphonsus
765 4698 925 4742 Fernnndez.
936 4697 1003 4742 Vide
1014 4697 1135 4742 Litterae
1149 4697 1380 4751 Quadrlmestres,
1390 4702 1409 4742 t.
1424 4708 1462 4751 rn,
1478 4706 1537 4750 pag.
1546 4694 1595 4741 295.
