3717 5400
361 446 404 508 [fi
820 450 952 512 Cunort.
970 451 1139 526 soe-Jes.

363 594 721 678 quaedampublicae
736 600 818 663 viae
832 599 1041 680 conjuncta,
1055 617 1171 681 quam
1184 601 1312 664 civitas
1326 599 1485 680 Collegio
1499 619 1596 665 auno

364 703 525 782 pt‘oxim
552 705 675 785 elapso
694 705 861 770 dederat.
891 707 983 771 Cum
1005 717 1129 771 autem
1149 725 1252 771 muro
1275 707 1473 772 claudenda
1500 719 1594 778 esset

363 827 460 889 area,
473 811 613 875 vicinus
625 812 781 894 quidam,
793 813 937 878 nomine
949 813 1594 894 AndreasPilucbi,nobissimulcum

365 919 688 985 aliieadversarius
707 932 785 984 erat
806 919 829 1000 ⁸3
851 921 907 986 vir
928 922 1063 1003 alioqui
1082 922 1187 986 nobis
1204 922 1341 986 amicus
1357 932 1393 986 et
1413 921 1589 986 fundatori

364 1023 513 1106 Collegii
528 1026 714 1108 Tyburtiui
735 1029 909 1108 sunguine
928 1027 1151 1109 conjunctum
1173 1030 1237 1093 sed
1249 1029 1415 1110 cupiebat
1428 1029 1501 1107 ille,
1517 1045 1595 1109 pro·

365 1135 580 1214 pterdomus
587 1151 674 1199 suae
685 1145 935 1200 oruamentum
943 1144 980 1200 et
991 1137 1289 1215 commoditatem,
1298 1137 1396 1200 viam
1407 1137 1599 1218 quamdam

365 1241 544 1321 publicam
557 1259 621 1323 per
635 1261 760 1307 aream
771 1244 869 1308 illam
884 1245 988 1308 uobis
1001 1243 1171 1307 donatam
1190 1243 1370 1324 protendi;
1392 1259 1493 1324 quae,
1516 1261 1598 1308 cum

365 1347 541 1412 divideret
551 1351 738 1414 ecclesiam
750 1369 772 1415 a
783 1351 889 1414 domo
900 1363 1038 1428 nostra,
1050 1351 1157 1431 gravi
1168 1351 1393 1416 incommodo
1408 1351 1601 1430 collegium

368 1454 553 1520 afficiebat.
569 1455 791 1539 Sequebatur
802 1459 913 1522 'etiam
923 1469 1067 1539 praeter
1079 1460 1148 1521 hoc
1159 1458 1433 1536 incommodum,
1445 1466 1485 1521 ut
1495 1475 1599 1538 quae-

367 1561 677 1629 damdomuncula
692 1565 805 1646 ipsius
817 1566 1010 1644 ecclesiae,
1026 1583 1109 1630 cum
1126 1566 1220 1628 bona
1238 1573 1340 1646 parte
1360 1564 1472 1644 ipsius
1492 1581 1601 1628 areae

368 1671 500 1734 nostris
514 1669 740 1750 adimeretur,
757 1682 796 1736 ut
810 1673 848 1734 in
862 1672 1266 1752 publicamillamvium
1279 1669 1432 1734 cederet.
1597 1711 1600 1716 -

430 1777 498 1840 117.
540 1775 753 1843 Nitebamur
771 1779 878 1843 etiam
897 1775 1007 1860 aliqui
1031 1779 1179 1842 ulterius
1197 1778 1383 1858 progredi3
1406 1787 1444 1842 ut
1464 1777 1615 1840 seilicet*

369 1881 550 1950 Cardinali
576 1885 798 1950 Ferrarieasi
825 1886 1082 1967 persuaderent
1106 1897 1145 1949 ut
1167 1886 1301 1949 nostris
1328 1883 1473 1947 domurn
1496 1900 1605 1947 suam.

370 1989 560 2072 adimeret,
581 2000 617 2055 et
630 1993 744 2056 alium
765 1993 835 2056 alio
855 1993 936 2056 loco
955 1992 1187 2058 habitandam
1200 1994 1334 2055 nostris
1348 2001 1492 2068 emeret,
1515 1989 1601 2071 quia

370 2097 506 2162 familia
519 2098 630 2179 ipsius
645 2097 845 2163 Cardinalis
864 2101 1051 2164 commode
1067 2100 1211 2164 domum
1227 2099 1322 2162 hauc
1337 2107 1498 2161 nostram
1518 2113 1602 2160 cou-

368 2201 381 2282 j
386 2221 520 2284 ungere
532 2222 612 2270 cum
626 2205 697 2269 alia
711 2215 862 2287 poterat,
879 2217 917 2270 ut
932 2207 1051 2271 minus
1064 2217 1164 2272 arcte
1173 2204 1395 2285 taurinacius
1409 2204 1597 2267 habitaret.

374 2311 417 2375 Et
431 2323 549 2375 tamen
564 2312 655 2376 situs
674 2319 710 2376 et
729 2318 794 2376 aer
810 2322 956 2378 nostrae
970 2314 1097 2378 domus
1115 2312 1423 2378 oemmodimimus
1444 2328 1488 2374 ac
1507 2311 1603 2374 salu·

371 2417 546 2480 berrimus
571 2428 649 2482 erat
673 2428 709 2482 et
732 2419 768 2484 in
793 2420 905 2500 ipsius
928 2421 1027 2484 urbis
1051 2419 1179 2499 medio;
1204 2429 1240 2481 et
1259 2419 1410 2499 urgebat
1434 2416 1605 2481 fundator

373 2523 777 2606 D.LaurentiusVir1liS‚
788 2539 826 2591 ut
838 2527 966 2592 domus
975 2526 1151 2608 quaedam
1163 2537 1305 2589 nostrae
1316 2524 1507 2606 conjuncta
1520 2539 1606 2588 cum

373 2649 458 2696 area
472 2633 627 2714 quadam
641 2634 774 2711 media,
798 2635 855 2696 vel
876 2634 1054 2716 emptione
1077 2637 1133 2697 vel
1152 2632 1405 2707 conductione,
1427 2649 1449 2694 a
1470 2630 1607 2694 nostris

374 2755 561 2819 caperetur
585 2758 630 2805 ne
655 2743 745 2805 alius
770 2760 850 2805 eam
874 2752 1008 2806 emeret
1032 2742 1243 2821 (eratenim
1264 2739 1451 2820 cujusdam
1475 2737 1606 2801 medici

375 2845 557 2922 absentis);
575 2848 696 2928 etipse
710 2848 722 2879 ⁸
737 2849 900 2929 pretium,
917 2864 987 2927 quo
1009 2849 1437 2925 conduceretur,-solvere
1448 2846 1617 2922 volebat„

375 2954 489 3017 dortec
503 2956 573 3018 emi
584 2965 715 3035 posset,
729 2964 768 3019 ut
780 2966 904 3035 postea
915 2956 1068 3035 pecunia
1079 2954 1206 3018 domus
1215 2953 1398 3017 Romanae
1408 2960 1526 3033 empta
1537 2964 1604 3015 est.

438 3060 505 3124 118.
548 3060 671 3125 Nostri
684 3078 770 3141 ergo
786 3063 991 3126 nitebantur
1003 3062 1140 3125 litteras
1164 3078 1187 3123 a
1208 3061 1422 3140 magistratu
1446 3059 1608 3123 obtinere

376 3165 511 3249 (Caput
525 3168 674 3231 milz'tzbe
688 3167 700 3199 ³
714 3171 871 3247 vocant),
890 3177 928 3232 ut
948 3188 970 3231 a
995 3168 1186 3235 cardinale
1208 3163 1432 3231 Ferrariensi
1455 3165 1609 3230 facultas

376 3273 592 3339 obtineretur
608 3274 653 3339 ad
668 3292 790 3339 aream
811 3276 1032 3356 praedictam
1051 3292 1153 3338 muro
1178 3273 1412 3337 claudendam
1436 3280 1471 3336 et
1488 3273 1609 3337 domui

376 3391 521 3445 unstrae
536 3380 833 3462 conjungendam
849 3382 913 3445 sed
927 3382 985 3445 ille
998 3381 1074 3461 ipse
1094 3381 1241 3445 militiae
1259 3389 1376 3461 caput,
1398 3380 1458 3459 qui
1471 3379 1612 3443 litteras

378 3488 602 3567 promiserat,
619 3491 726 3569 paulo
741 3498 822 3569 post
842 3490 940 3551 clare
964 3486 1054 3551 dixit
1077 3488 1293 3569 prohibitum
1312 3486 1422 3550 fuisse
1446 3504 1468 3549 a
1487 3486 1608 3551 Cardi-

378 3596 460 3657 nale
473 3612 518 3657 ne
533 3593 568 3658 id
582 3595 728 3674 faceret3
745 3605 780 3658 et
790 3594 908 3675 potius
922 3592 1145 3674 credebatur,
1165 3594 1259 3674 quod
1274 3595 1380 3657 vellet
1399 3593 1479 3656 aliis
1499 3594 1612 3673 grati-

384 3698 484 3769 ficari
505 3718 611 3780 quam
626 3702 770 3766 nostris,

444 3809 512 3872 119.
555 3808 700 3873 Interim
711 3826 792 3873 cum
801 3807 1002 3872 Cardinalis
1011 3807 1133 3888 Tybur
1144 3806 1301 3872 venisset
1310 3816 1345 3871 et
1352 3806 1555 3887 jubilaeum,
1568 3806 1613 3869 de

380 3932 450 3995 quo
465 3915 628 3997 superius
643 3916 775 3981 mentio
789 3914 955 3979 facta⁸est
974 3914 997 3994 ⁴,
1023 3914 1168 3995 Tybure
1182 3925 1276 3977 esset
1299 3913 1610 3995 promulgandum,

383 4038 446 4102 per
461 4023 597 4086 litteras
620 4023 764 4102 rogavit
779 4020 980 4087 cardinalis
997 4020 1141 4086 Patrem
1150 4020 1329 4100 Ignatium
1343 4032 1381 4084 ut
1401 4021 1555 4100 aliquem
1568 4037 1615 4083 ex

383 4130 515 4193 nostris
529 4130 575 4193 ad
590 4128 665 4211 ejus
684 4129 1006 4213 promulgationem
1031 4130 1198 4193 mitteret.
1225 4128 1315 4192 Cum
1340 4144 1427 4208 ergo
1449 4126 1487 4190 P.
1504 4126 1599 4190 Bene

425 4330 434 4363 ¹
463 4328 512 4373 lile
522 4330 548 4374 iu
558 4342 605 4376 ora
618 4333 730 4387 paginae
739 4335 845 4389 ocripdt
855 4332 987 4377 Succurrtt:
997 4334 1134 4378 “Andreas
1146 4331 1248 4376 Piluclti
1262 4332 1421 4376 adrerum
1436 4342 1468 4375 ue
1479 4330 1616 4376 claudam

385 4400 439 4453 vim
448 4403 598 4457 caeteroqui
608 4405 716 4449 euticus.
727 4406 752 4449 la
761 4406 853 4449 deinde
863 4404 945 4449 etiam
954 4405 1057 4450 domum
1066 4415 1141 4449 mam
1151 4403 1267 4458 collecto
1279 4403 1381 4458 lecerit
1411 4414 1477 4457 quae
1493 4411 1621 4458 pervenu-

387 4476 434 4517 ulu
443 4478 483 4516 eet
493 4478 520 4516 et
530 4480 642 4519 vocatur
651 4476 727 4521 bodie
737 4476 767 4520 lu
776 4476 927 4530 punctam„

428 4541 440 4575 ¹
469 4542 627 4589 Laurentius
637 4545 736 4592 Virilis.

398 4648 401 4655 .
423 4612 439 4641 -ὓ
469 4614 653 4670 Capomilt'uia.

430 4688 441 4719 ⁴
469 4685 535 4739 Vide
545 4698 634 4742 supra,
645 4699 706 4743 pag.
719 4690 755 4743 46,
764 4702 789 4734 n.
798 4691 832 4734 ld.
