<?xml version="1.0" encoding="UTF-8"?>
<!DOCTYPE html PUBLIC "-//W3C//DTD XHTML 1.0 Transitional//EN"
    "http://www.w3.org/TR/xhtml1/DTD/xhtml1-transitional.dtd">
<html xmlns="http://www.w3.org/1999/xhtml" xml:lang="en" lang="en">
 <head>
  <title>
</title>
<meta http-equiv="Content-Type" content="text/html;charset=utf-8" />
  <meta name='ocr-system' content='tesseract 3.04.00' />
  <meta name='ocr-capabilities' content='ocr_page ocr_carea ocr_par ocr_line ocrx_word'/>
</head>
<body>
  <div class='ocr_page' id='page_1' title='image "./vitaignatiiloio01polagoog_0140.png"; bbox 0 0 3717 5400; ppageno 0'>
   <div class='ocr_carea' id='block_1_1' title="bbox 326 459 1099 532">
    <p class='ocr_par' dir='ltr' id='par_1_1' title="bbox 326 459 1099 532">
     <span class='ocr_line' id='line_1_1' title="bbox 326 459 1099 532; baseline -0.003 -12"><span class='ocrx_word' id='word_1_1' title='bbox 326 461 379 520; x_wconf 80' lang='grc'><strong>134</strong></span> <span class='ocrx_word' id='word_1_2' title='bbox 782 460 909 521; x_wconf 76' lang='lat' dir='ltr'><strong>Canon.</strong></span> <span class='ocrx_word' id='word_1_3' title='bbox 929 459 1007 520; x_wconf 89' lang='lat' dir='ltr'>Soc.</span> <span class='ocrx_word' id='word_1_4' title='bbox 1029 461 1099 532; x_wconf 75' lang='lat' dir='ltr'><strong>jas.</strong></span> 
     </span>
    </p>
   </div>
   <div class='ocr_carea' id='block_1_2' title="bbox 322 607 1565 4325">
    <p class='ocr_par' dir='ltr' id='par_1_2' title="bbox 322 607 1559 795">
     <span class='ocr_line' id='line_1_2' title="bbox 322 607 1559 688; baseline -0.002 -18"><span class='ocrx_word' id='word_1_5' title='bbox 322 607 497 672; x_wconf 83' lang='lat' dir='ltr'>sessiones</span> <span class='ocrx_word' id='word_1_6' title='bbox 518 608 653 687; x_wconf 89' lang='lat' dir='ltr'><strong>audire,</strong></span> <span class='ocrx_word' id='word_1_7' title='bbox 680 608 743 671; x_wconf 89' lang='lat' dir='ltr'><strong>sed</strong></span> <span class='ocrx_word' id='word_1_8' title='bbox 770 626 851 672; x_wconf 92' lang='lat' dir='ltr'><strong>cum</strong></span> <span class='ocrx_word' id='word_1_9' title='bbox 876 610 1056 673; x_wconf 87' lang='lat' dir='ltr'><strong>morituris</strong></span> <span class='ocrx_word' id='word_1_10' title='bbox 1081 609 1232 688; x_wconf 87' lang='lat' dir='ltr'><strong>vigilare</strong></span> <span class='ocrx_word' id='word_1_11' title='bbox 1256 619 1379 670; x_wconf 87' lang='lat' dir='ltr'><strong>noctes</strong></span> <span class='ocrx_word' id='word_1_12' title='bbox 1394 607 1559 685; x_wconf 76' lang='lat' dir='ltr'><strong>integras,</strong></span> 
     </span>
     <span class='ocr_line' id='line_1_3' title="bbox 325 714 528 795; baseline 0 -18"><span class='ocrx_word' id='word_1_13' title='bbox 325 714 528 795; x_wconf 88' lang='lat' dir='ltr'><strong>cupiebant.</strong></span> 
     </span>
    </p>

    <p class='ocr_par' dir='ltr' id='par_1_3' title="bbox 322 819 1558 2081">
     <span class='ocr_line' id='line_1_4' title="bbox 382 819 1554 901; baseline 0.001 -18"><span class='ocrx_word' id='word_1_14' title='bbox 382 819 454 884; x_wconf 85' lang='lat'><strong>380.</strong></span> <span class='ocrx_word' id='word_1_15' title='bbox 497 819 578 885; x_wconf 93' lang='lat' dir='ltr'><strong>Non</strong></span> <span class='ocrx_word' id='word_1_16' title='bbox 594 821 755 886; x_wconf 91' lang='lat' dir='ltr'><strong>omittam</strong></span> <span class='ocrx_word' id='word_1_17' title='bbox 776 822 1036 901; x_wconf 89' lang='lat' dir='ltr'><strong>simplicitatem</strong></span> <span class='ocrx_word' id='word_1_18' title='bbox 1052 821 1227 886; x_wconf 84' lang='lat' dir='ltr'>foeminae</span> <span class='ocrx_word' id='word_1_19' title='bbox 1242 819 1441 900; x_wconf 88' lang='lat' dir='ltr'><strong>cujusdam,</strong></span> <span class='ocrx_word' id='word_1_20' title='bbox 1462 837 1554 901; x_wconf 89' lang='lat' dir='ltr'><strong>quae</strong></span> 
     </span>
     <span class='ocr_line' id='line_1_5' title="bbox 322 927 1558 1008; baseline 0.003 -18"><span class='ocrx_word' id='word_1_21' title='bbox 322 944 403 990; x_wconf 92' lang='lat' dir='ltr'><strong>cum</strong></span> <span class='ocrx_word' id='word_1_22' title='bbox 418 928 455 991; x_wconf 91' lang='lat' dir='ltr'><strong>in</strong></span> <span class='ocrx_word' id='word_1_23' title='bbox 469 944 601 1007; x_wconf 86' lang='lat' dir='ltr'><strong>magna</strong></span> <span class='ocrx_word' id='word_1_24' title='bbox 617 946 779 993; x_wconf 88' lang='lat' dir='ltr'><strong>annonae</strong></span> <span class='ocrx_word' id='word_1_25' title='bbox 794 929 943 992; x_wconf 89' lang='lat' dir='ltr'><strong>caritate</strong></span> <span class='ocrx_word' id='word_1_26' title='bbox 958 946 1024 992; x_wconf 90' lang='lat' dir='ltr'><strong>nec</strong></span> <span class='ocrx_word' id='word_1_27' title='bbox 1039 928 1106 992; x_wconf 91' lang='lat' dir='ltr'><strong>sibi</strong></span> <span class='ocrx_word' id='word_1_28' title='bbox 1120 945 1186 992; x_wconf 90' lang='lat' dir='ltr'><strong>nec</strong></span> <span class='ocrx_word' id='word_1_29' title='bbox 1204 927 1307 1006; x_wconf 90' lang='lat' dir='ltr'><strong>filiae,</strong></span> <span class='ocrx_word' id='word_1_30' title='bbox 1331 945 1438 1008; x_wconf 91' lang='lat' dir='ltr'><strong>quam</strong></span> <span class='ocrx_word' id='word_1_31' title='bbox 1457 927 1558 996; x_wconf 78' lang='lat' dir='ltr'><strong>domi¹</strong></span> 
     </span>
     <span class='ocr_line' id='line_1_6' title="bbox 322 1035 1552 1116; baseline 0.002 -20"><span class='ocrx_word' id='word_1_32' title='bbox 322 1035 487 1113; x_wconf 90' lang='lat' dir='ltr'><strong>habebat,</strong></span> <span class='ocrx_word' id='word_1_33' title='bbox 505 1052 635 1116; x_wconf 88' lang='lat' dir='ltr'><strong>panem</strong></span> <span class='ocrx_word' id='word_1_34' title='bbox 649 1035 695 1098; x_wconf 92' lang='lat' dir='ltr'><strong>ad</strong></span> <span class='ocrx_word' id='word_1_35' title='bbox 708 1037 843 1099; x_wconf 89' lang='lat' dir='ltr'><strong>victum</strong></span> <span class='ocrx_word' id='word_1_36' title='bbox 858 1037 1017 1114; x_wconf 89' lang='lat' dir='ltr'><strong>haberet,</strong></span> <span class='ocrx_word' id='word_1_37' title='bbox 1034 1035 1291 1099; x_wconf 87' lang='lat' dir='ltr'><strong>confessarium</strong></span> <span class='ocrx_word' id='word_1_38' title='bbox 1305 1052 1409 1098; x_wconf 91' lang='lat' dir='ltr'><strong>suum</strong></span> <span class='ocrx_word' id='word_1_39' title='bbox 1428 1051 1552 1098; x_wconf 90' lang='lat' dir='ltr'><strong>consu-</strong></span> 
     </span>
     <span class='ocr_line' id='line_1_7' title="bbox 322 1141 1554 1223; baseline 0 -19"><span class='ocrx_word' id='word_1_40' title='bbox 322 1141 387 1205; x_wconf 85' lang='lat' dir='ltr'>luit</span> <span class='ocrx_word' id='word_1_41' title='bbox 402 1141 486 1223; x_wconf 93' lang='lat' dir='ltr'><strong>quid</strong></span> <span class='ocrx_word' id='word_1_42' title='bbox 499 1142 618 1206; x_wconf 86' lang='lat' dir='ltr'><strong>facere</strong></span> <span class='ocrx_word' id='word_1_43' title='bbox 633 1141 788 1207; x_wconf 88' lang='lat' dir='ltr'><strong>deberet.</strong></span> <span class='ocrx_word' id='word_1_44' title='bbox 809 1143 869 1206; x_wconf 94' lang='lat' dir='ltr'><strong>Ille</strong></span> <span class='ocrx_word' id='word_1_45' title='bbox 885 1143 932 1206; x_wconf 93' lang='lat' dir='ltr'><strong>ad</strong></span> <span class='ocrx_word' id='word_1_46' title='bbox 947 1160 1045 1222; x_wconf 92' lang='lat' dir='ltr'><strong>spem</strong></span> <span class='ocrx_word' id='word_1_47' title='bbox 1070 1159 1172 1206; x_wconf 92' lang='lat' dir='ltr'><strong>suam</strong></span> <span class='ocrx_word' id='word_1_48' title='bbox 1185 1143 1222 1206; x_wconf 92' lang='lat' dir='ltr'><strong>in</strong></span> <span class='ocrx_word' id='word_1_49' title='bbox 1247 1141 1399 1205; x_wconf 92' lang='lat' dir='ltr'><strong>Domino</strong></span> <span class='ocrx_word' id='word_1_50' title='bbox 1424 1141 1554 1204; x_wconf 88' lang='lat' dir='ltr'><strong>consti·</strong></span> 
     </span>
     <span class='ocr_line' id='line_1_8' title="bbox 324 1249 1552 1331; baseline 0 -19"><span class='ocrx_word' id='word_1_51' title='bbox 324 1249 492 1313; x_wconf 89' lang='lat' dir='ltr'><strong>tuendam</strong></span> <span class='ocrx_word' id='word_1_52' title='bbox 511 1259 546 1313; x_wconf 91' lang='lat' dir='ltr'><strong>et</strong></span> <span class='ocrx_word' id='word_1_53' title='bbox 564 1260 812 1330; x_wconf 83' lang='lat' dir='ltr'><strong>paupertatem</strong></span> <span class='ocrx_word' id='word_1_54' title='bbox 833 1251 1116 1331; x_wconf 84' lang='lat' dir='ltr'><strong>amplectendam</strong></span> <span class='ocrx_word' id='word_1_55' title='bbox 1134 1250 1282 1313; x_wconf 85' lang='lat' dir='ltr'><strong>libenter</strong></span> <span class='ocrx_word' id='word_1_56' title='bbox 1302 1250 1464 1313; x_wconf 88' lang='lat' dir='ltr'><strong>hortatus</strong></span> <span class='ocrx_word' id='word_1_57' title='bbox 1486 1259 1552 1312; x_wconf 91' lang='lat' dir='ltr'><strong>est.</strong></span> 
     </span>
     <span class='ocr_line' id='line_1_9' title="bbox 324 1355 1553 1437; baseline -0.001 -18"><span class='ocrx_word' id='word_1_58' title='bbox 324 1355 427 1436; x_wconf 88' lang='lat' dir='ltr'><strong>Quod</strong></span> <span class='ocrx_word' id='word_1_59' title='bbox 442 1356 502 1419; x_wconf 91' lang='lat' dir='ltr'><strong>illa</strong></span> <span class='ocrx_word' id='word_1_60' title='bbox 516 1357 569 1420; x_wconf 92' lang='lat' dir='ltr'><strong>sic</strong></span> <span class='ocrx_word' id='word_1_61' title='bbox 584 1357 784 1437; x_wconf 84' lang='lat' dir='ltr'><strong>intelligens</strong></span> <span class='ocrx_word' id='word_1_62' title='bbox 808 1356 1045 1421; x_wconf 82' lang='lat' dir='ltr'><strong>exercendam</strong></span> <span class='ocrx_word' id='word_1_63' title='bbox 1070 1374 1147 1420; x_wconf 90' lang='lat' dir='ltr'><strong>esse</strong></span> <span class='ocrx_word' id='word_1_64' title='bbox 1172 1356 1277 1420; x_wconf 90' lang='lat' dir='ltr'><strong>fidem</strong></span> <span class='ocrx_word' id='word_1_65' title='bbox 1301 1367 1334 1419; x_wconf 91' lang='lat' dir='ltr'><strong>et</strong></span> <span class='ocrx_word' id='word_1_66' title='bbox 1354 1373 1464 1436; x_wconf 89' lang='lat' dir='ltr'><strong>spem,</strong></span> <span class='ocrx_word' id='word_1_67' title='bbox 1482 1373 1553 1419; x_wconf 90' lang='lat' dir='ltr'><strong>non</strong></span> 
     </span>
     <span class='ocr_line' id='line_1_10' title="bbox 322 1462 1553 1544; baseline -0.001 -18"><span class='ocrx_word' id='word_1_68' title='bbox 322 1472 442 1527; x_wconf 91' lang='lat' dir='ltr'><strong>tamen</strong></span> <span class='ocrx_word' id='word_1_69' title='bbox 453 1481 577 1526; x_wconf 89' lang='lat' dir='ltr'><strong>curam</strong></span> <span class='ocrx_word' id='word_1_70' title='bbox 592 1462 829 1528; x_wconf 88' lang='lat' dir='ltr'><strong>adhibendam</strong></span> <span class='ocrx_word' id='word_1_71' title='bbox 840 1474 878 1527; x_wconf 92' lang='lat' dir='ltr'><strong>ut</strong></span> <span class='ocrx_word' id='word_1_72' title='bbox 893 1464 994 1528; x_wconf 90' lang='lat' dir='ltr'><strong>cibus</strong></span> <span class='ocrx_word' id='word_1_73' title='bbox 1008 1475 1249 1544; x_wconf 87' lang='lat' dir='ltr'><strong>quaereretur,</strong></span> <span class='ocrx_word' id='word_1_74' title='bbox 1262 1463 1406 1527; x_wconf 89' lang='lat' dir='ltr'><strong>domum</strong></span> <span class='ocrx_word' id='word_1_75' title='bbox 1418 1479 1456 1526; x_wconf 89' lang='lat' dir='ltr'><strong>se</strong></span> <span class='ocrx_word' id='word_1_76' title='bbox 1473 1479 1553 1525; x_wconf 89' lang='lat' dir='ltr'><strong>con-</strong></span> 
     </span>
     <span class='ocr_line' id='line_1_11' title="bbox 322 1568 1555 1651; baseline 0 -18"><span class='ocrx_word' id='word_1_77' title='bbox 322 1571 403 1634; x_wconf 90' lang='lat' dir='ltr'><strong>tulit</strong></span> <span class='ocrx_word' id='word_1_78' title='bbox 417 1580 451 1634; x_wconf 91' lang='lat' dir='ltr'><strong>et</strong></span> <span class='ocrx_word' id='word_1_79' title='bbox 466 1571 669 1651; x_wconf 87' lang='lat' dir='ltr'><strong>aliquandiu</strong></span> <span class='ocrx_word' id='word_1_80' title='bbox 684 1571 761 1635; x_wconf 89' lang='lat' dir='ltr'><strong>sine</strong></span> <span class='ocrx_word' id='word_1_81' title='bbox 777 1572 846 1634; x_wconf 92' lang='lat' dir='ltr'><strong>ullo</strong></span> <span class='ocrx_word' id='word_1_82' title='bbox 867 1572 946 1635; x_wconf 91' lang='lat' dir='ltr'><strong>cibo</strong></span> <span class='ocrx_word' id='word_1_83' title='bbox 962 1589 1126 1648; x_wconf 77' lang='lat' dir='ltr'><strong>manem,</strong></span> <span class='ocrx_word' id='word_1_84' title='bbox 1148 1589 1229 1635; x_wconf 89' lang='lat' dir='ltr'><strong>cum</strong></span> <span class='ocrx_word' id='word_1_85' title='bbox 1248 1571 1319 1634; x_wconf 91' lang='lat' dir='ltr'><strong>filia</strong></span> <span class='ocrx_word' id='word_1_86' title='bbox 1340 1571 1433 1633; x_wconf 84' lang='lat' dir='ltr'><strong>lame</strong></span> <span class='ocrx_word' id='word_1_87' title='bbox 1448 1568 1555 1633; x_wconf 85' lang='lat' dir='ltr'><strong>confi·</strong></span> 
     </span>
     <span class='ocr_line' id='line_1_12' title="bbox 324 1667 1554 1757; baseline 0 -18"><span class='ocrx_word' id='word_1_88' title='bbox 324 1667 494 1757; x_wconf 84' lang='lat' dir='ltr'><strong>elebatur,</strong></span> <span class='ocrx_word' id='word_1_89' title='bbox 521 1678 634 1741; x_wconf 90' lang='lat' dir='ltr'><strong>donec</strong></span> <span class='ocrx_word' id='word_1_90' title='bbox 659 1678 830 1741; x_wconf 83' lang='lat' dir='ltr'><strong>intellexit</strong></span> <span class='ocrx_word' id='word_1_91' title='bbox 854 1697 926 1742; x_wconf 91' lang='lat' dir='ltr'><strong>non</strong></span> <span class='ocrx_word' id='word_1_92' title='bbox 952 1678 1112 1742; x_wconf 91' lang='lat' dir='ltr'><strong>imminui</strong></span> <span class='ocrx_word' id='word_1_93' title='bbox 1136 1677 1369 1741; x_wconf 87' lang='lat' dir='ltr'><strong>confidentiae</strong></span> <span class='ocrx_word' id='word_1_94' title='bbox 1389 1677 1425 1739; x_wconf 92' lang='lat' dir='ltr'><strong>in</strong></span> <span class='ocrx_word' id='word_1_95' title='bbox 1438 1676 1554 1740; x_wconf 92' lang='lat' dir='ltr'><strong>Deum</strong></span> 
     </span>
     <span class='ocr_line' id='line_1_13' title="bbox 323 1784 1555 1867; baseline 0 -20"><span class='ocrx_word' id='word_1_96' title='bbox 323 1785 504 1865; x_wconf 91' lang='lat' dir='ltr'><strong>virtutem,</strong></span> <span class='ocrx_word' id='word_1_97' title='bbox 521 1785 568 1849; x_wconf 89' lang='lat' dir='ltr'><strong>ad</strong></span> <span class='ocrx_word' id='word_1_98' title='bbox 586 1803 694 1867; x_wconf 88' lang='lat' dir='ltr'><strong>quam</strong></span> <span class='ocrx_word' id='word_1_99' title='bbox 709 1786 948 1850; x_wconf 86' lang='lat' dir='ltr'><strong>confessarius</strong></span> <span class='ocrx_word' id='word_1_100' title='bbox 972 1787 1135 1850; x_wconf 84' lang='lat' dir='ltr'><strong>hortatus</strong></span> <span class='ocrx_word' id='word_1_101' title='bbox 1159 1787 1284 1849; x_wconf 88' lang='lat' dir='ltr'><strong>merito</strong></span> <span class='ocrx_word' id='word_1_102' title='bbox 1309 1785 1439 1860; x_wconf 88' lang='lat' dir='ltr'><strong>suerat,</strong></span> <span class='ocrx_word' id='word_1_103' title='bbox 1461 1784 1555 1863; x_wconf 90' lang='lat' dir='ltr'><strong>quod</strong></span> 
     </span>
     <span class='ocr_line' id='line_1_14' title="bbox 327 1891 1558 1974; baseline -0.002 -19"><span class='ocrx_word' id='word_1_104' title='bbox 327 1893 428 1956; x_wconf 89' lang='lat' dir='ltr'><strong>daret</strong></span> <span class='ocrx_word' id='word_1_105' title='bbox 443 1910 601 1973; x_wconf 89' lang='lat' dir='ltr'><strong>operam,</strong></span> <span class='ocrx_word' id='word_1_106' title='bbox 618 1910 688 1974; x_wconf 88' lang='lat' dir='ltr'><strong>qua</strong></span> <span class='ocrx_word' id='word_1_107' title='bbox 700 1893 838 1956; x_wconf 89' lang='lat' dir='ltr'><strong>ratione</strong></span> <span class='ocrx_word' id='word_1_108' title='bbox 849 1894 997 1957; x_wconf 88' lang='lat' dir='ltr'><strong>honeste</strong></span> <span class='ocrx_word' id='word_1_109' title='bbox 1010 1904 1129 1973; x_wconf 90' lang='lat' dir='ltr'><strong>posset</strong></span> <span class='ocrx_word' id='word_1_110' title='bbox 1141 1892 1187 1956; x_wconf 93' lang='lat' dir='ltr'><strong>ad</strong></span> <span class='ocrx_word' id='word_1_111' title='bbox 1197 1892 1401 1956; x_wconf 88' lang='lat' dir='ltr'><strong>necessaria</strong></span> <span class='ocrx_word' id='word_1_112' title='bbox 1413 1891 1479 1954; x_wconf 91' lang='lat' dir='ltr'><strong>sibi</strong></span> <span class='ocrx_word' id='word_1_113' title='bbox 1490 1907 1558 1954; x_wconf 91' lang='lat' dir='ltr'><strong>suo</strong></span> 
     </span>
     <span class='ocr_line' id='line_1_15' title="bbox 326 2000 874 2081; baseline 0.002 -19"><span class='ocrx_word' id='word_1_114' title='bbox 326 2000 447 2063; x_wconf 91' lang='lat' dir='ltr'><strong>labore</strong></span> <span class='ocrx_word' id='word_1_115' title='bbox 463 2010 497 2063; x_wconf 90' lang='lat' dir='ltr'><strong>et</strong></span> <span class='ocrx_word' id='word_1_116' title='bbox 513 2000 686 2064; x_wconf 88' lang='lat' dir='ltr'><strong>industria</strong></span> <span class='ocrx_word' id='word_1_117' title='bbox 702 2000 874 2081; x_wconf 91' lang='lat' dir='ltr'><strong>paranda.</strong></span> 
     </span>
    </p>

    <p class='ocr_par' dir='ltr' id='par_1_4' title="bbox 324 2105 1562 3258">
     <span class='ocr_line' id='line_1_16' title="bbox 377 2105 1562 2186; baseline -0.001 -16"><span class='ocrx_word' id='word_1_118' title='bbox 377 2105 448 2170; x_wconf 82' lang='lat'><strong>381.</strong></span> <span class='ocrx_word' id='word_1_119' title='bbox 493 2106 607 2169; x_wconf 90' lang='lat' dir='ltr'><strong>Valde</strong></span> <span class='ocrx_word' id='word_1_120' title='bbox 617 2105 1148 2186; x_wconf 78' lang='lat' dir='ltr'><strong>animatusfuitP.PelletariuS,</strong></span> <span class='ocrx_word' id='word_1_121' title='bbox 1161 2124 1242 2171; x_wconf 90' lang='lat' dir='ltr'><strong>cum</strong></span> <span class='ocrx_word' id='word_1_122' title='bbox 1254 2124 1461 2172; x_wconf 90' lang='lat' dir='ltr'><strong>successum</strong></span> <span class='ocrx_word' id='word_1_123' title='bbox 1471 2124 1562 2170; x_wconf 62' lang='lat' dir='ltr'><strong>suae,</strong></span> 
     </span>
     <span class='ocr_line' id='line_1_17' title="bbox 324 2213 1555 2295; baseline 0 -19"><span class='ocrx_word' id='word_1_124' title='bbox 324 2213 603 2293; x_wconf 86' lang='lat' dir='ltr'><strong>praedicationis</strong></span> <span class='ocrx_word' id='word_1_125' title='bbox 614 2223 771 2294; x_wconf 90' lang='lat' dir='ltr'><strong>tempore</strong></span> <span class='ocrx_word' id='word_1_126' title='bbox 783 2215 902 2277; x_wconf 89' lang='lat' dir='ltr'><strong>carnis</strong></span> <span class='ocrx_word' id='word_1_127' title='bbox 914 2215 1020 2295; x_wconf 92' lang='lat' dir='ltr'><strong>privii</strong></span> <span class='ocrx_word' id='word_1_128' title='bbox 1034 2214 1190 2292; x_wconf 87' lang='lat' dir='ltr'><strong>vidisset;</strong></span> <span class='ocrx_word' id='word_1_129' title='bbox 1207 2213 1268 2277; x_wconf 92' lang='lat' dir='ltr'><strong>sed</strong></span> <span class='ocrx_word' id='word_1_130' title='bbox 1286 2213 1391 2277; x_wconf 89' lang='lat' dir='ltr'><strong>valde</strong></span> <span class='ocrx_word' id='word_1_131' title='bbox 1405 2214 1474 2295; x_wconf 92' lang='lat' dir='ltr'><strong>ipsi</strong></span> <span class='ocrx_word' id='word_1_132' title='bbox 1486 2231 1555 2276; x_wconf 91' lang='lat' dir='ltr'><strong>mo-</strong></span> 
     </span>
     <span class='ocr_line' id='line_1_18' title="bbox 325 2321 1558 2402; baseline 0 -18"><span class='ocrx_word' id='word_1_133' title='bbox 325 2323 453 2384; x_wconf 88' lang='lat' dir='ltr'><strong>lestum</strong></span> <span class='ocrx_word' id='word_1_134' title='bbox 467 2331 544 2384; x_wconf 87' lang='lat' dir='ltr'><strong>erat</strong></span> <span class='ocrx_word' id='word_1_135' title='bbox 558 2322 653 2400; x_wconf 88' lang='lat' dir='ltr'><strong>quod</strong></span> <span class='ocrx_word' id='word_1_136' title='bbox 671 2323 802 2400; x_wconf 85' lang='lat' dir='ltr'><strong>exiguo</strong></span> <span class='ocrx_word' id='word_1_137' title='bbox 824 2339 906 2385; x_wconf 89' lang='lat' dir='ltr'><strong>cum</strong></span> <span class='ocrx_word' id='word_1_138' title='bbox 920 2321 1037 2385; x_wconf 84' lang='lat' dir='ltr'><strong>fructu</strong></span> <span class='ocrx_word' id='word_1_139' title='bbox 1061 2322 1106 2385; x_wconf 92' lang='lat' dir='ltr'><strong>ad</strong></span> <span class='ocrx_word' id='word_1_140' title='bbox 1127 2321 1171 2386; x_wconf 90' lang='lat' dir='ltr'><strong>D.</strong></span> <span class='ocrx_word' id='word_1_141' title='bbox 1193 2322 1394 2402; x_wconf 88' lang='lat' dir='ltr'><strong>Aloysium,</strong></span> <span class='ocrx_word' id='word_1_142' title='bbox 1413 2322 1558 2402; x_wconf 89' lang='lat' dir='ltr'><strong>Episco-</strong></span> 
     </span>
     <span class='ocr_line' id='line_1_19' title="bbox 325 2427 1558 2508; baseline 0.001 -17"><span class='ocrx_word' id='word_1_143' title='bbox 325 2445 422 2508; x_wconf 89' lang='lat' dir='ltr'><strong>pum,</strong></span> <span class='ocrx_word' id='word_1_144' title='bbox 439 2428 545 2491; x_wconf 88' lang='lat' dir='ltr'><strong>officii</strong></span> <span class='ocrx_word' id='word_1_145' title='bbox 559 2427 700 2492; x_wconf 90' lang='lat' dir='ltr'><strong>dicendi</strong></span> <span class='ocrx_word' id='word_1_146' title='bbox 719 2429 838 2507; x_wconf 85' lang='lat' dir='ltr'><strong>gratia</strong></span> <span class='ocrx_word' id='word_1_147' title='bbox 858 2431 911 2493; x_wconf 88' lang='lat' dir='ltr'><strong>ire</strong></span> <span class='ocrx_word' id='word_1_148' title='bbox 931 2429 1079 2492; x_wconf 88' lang='lat' dir='ltr'><strong>debebat</strong></span> <span class='ocrx_word' id='word_1_149' title='bbox 1102 2429 1122 2487; x_wconf 89' lang='lat'><strong>¹.</strong></span> <span class='ocrx_word' id='word_1_150' title='bbox 1145 2429 1234 2492; x_wconf 91' lang='lat' dir='ltr'><strong>Cum</strong></span> <span class='ocrx_word' id='word_1_151' title='bbox 1258 2430 1351 2493; x_wconf 89' lang='lat' dir='ltr'><strong>enim</strong></span> <span class='ocrx_word' id='word_1_152' title='bbox 1366 2429 1424 2492; x_wconf 92' lang='lat' dir='ltr'><strong>ille</strong></span> <span class='ocrx_word' id='word_1_153' title='bbox 1438 2429 1475 2492; x_wconf 89' lang='lat' dir='ltr'><strong>in</strong></span> <span class='ocrx_word' id='word_1_154' title='bbox 1496 2429 1558 2492; x_wconf 92' lang='lat' dir='ltr'><strong>du·</strong></span> 
     </span>
     <span class='ocr_line' id='line_1_20' title="bbox 326 2534 1556 2616; baseline 0.001 -19"><span class='ocrx_word' id='word_1_155' title='bbox 326 2534 423 2597; x_wconf 93' lang='lat' dir='ltr'><strong>bium</strong></span> <span class='ocrx_word' id='word_1_156' title='bbox 444 2535 619 2598; x_wconf 91' lang='lat' dir='ltr'><strong>adductus</strong></span> <span class='ocrx_word' id='word_1_157' title='bbox 639 2546 733 2598; x_wconf 91' lang='lat' dir='ltr'><strong>esset</strong></span> <span class='ocrx_word' id='word_1_158' title='bbox 752 2553 836 2598; x_wconf 91' lang='lat' dir='ltr'><strong>num</strong></span> <span class='ocrx_word' id='word_1_159' title='bbox 859 2537 896 2598; x_wconf 91' lang='lat' dir='ltr'><strong>in</strong></span> <span class='ocrx_word' id='word_1_160' title='bbox 918 2545 1014 2598; x_wconf 86' lang='lat' dir='ltr'><strong>statu</strong></span> <span class='ocrx_word' id='word_1_161' title='bbox 1033 2536 1289 2614; x_wconf 89' lang='lat' dir='ltr'><strong>ecclesiastic0,</strong></span> <span class='ocrx_word' id='word_1_162' title='bbox 1310 2553 1356 2599; x_wconf 91' lang='lat' dir='ltr'><strong>an</strong></span> <span class='ocrx_word' id='word_1_163' title='bbox 1378 2537 1496 2616; x_wconf 91' lang='lat' dir='ltr'><strong>potius</strong></span> <span class='ocrx_word' id='word_1_164' title='bbox 1519 2536 1556 2598; x_wconf 88' lang='lat' dir='ltr'><strong>in</strong></span> 
     </span>
     <span class='ocr_line' id='line_1_21' title="bbox 328 2641 1556 2721; baseline 0 -16"><span class='ocrx_word' id='word_1_165' title='bbox 328 2643 515 2721; x_wconf 85' lang='lat' dir='ltr'><strong>saeculari,</strong></span> <span class='ocrx_word' id='word_1_166' title='bbox 531 2642 642 2706; x_wconf 88' lang='lat' dir='ltr'><strong>vitam</strong></span> <span class='ocrx_word' id='word_1_167' title='bbox 656 2651 750 2707; x_wconf 87' lang='lat' dir='ltr'><strong>esset</strong></span> <span class='ocrx_word' id='word_1_168' title='bbox 764 2653 910 2706; x_wconf 91' lang='lat' dir='ltr'><strong>acturus</strong></span> <span class='ocrx_word' id='word_1_169' title='bbox 929 2641 951 2721; x_wconf 80' lang='lat'><strong>¹²,</strong></span> <span class='ocrx_word' id='word_1_170' title='bbox 973 2643 1054 2706; x_wconf 88' lang='lat' dir='ltr'><strong>dum</strong></span> <span class='ocrx_word' id='word_1_171' title='bbox 1071 2644 1177 2707; x_wconf 89' lang='lat' dir='ltr'><strong>rebus</strong></span> <span class='ocrx_word' id='word_1_172' title='bbox 1195 2643 1439 2707; x_wconf 89' lang='lat' dir='ltr'><strong>saecularibus</strong></span> <span class='ocrx_word' id='word_1_173' title='bbox 1461 2661 1499 2707; x_wconf 90' lang='lat' dir='ltr'><strong>se</strong></span> <span class='ocrx_word' id='word_1_174' title='bbox 1519 2643 1556 2707; x_wconf 92' lang='lat' dir='ltr'><strong>li-</strong></span> 
     </span>
     <span class='ocr_line' id='line_1_22' title="bbox 328 2749 1556 2830; baseline 0.001 -18"><span class='ocrx_word' id='word_1_175' title='bbox 328 2750 452 2813; x_wconf 90' lang='lat' dir='ltr'><strong>benter</strong></span> <span class='ocrx_word' id='word_1_176' title='bbox 467 2749 628 2828; x_wconf 88' lang='lat' dir='ltr'><strong>dedebat,</strong></span> <span class='ocrx_word' id='word_1_177' title='bbox 645 2752 697 2812; x_wconf 91' lang='lat' dir='ltr'><strong>sic</strong></span> <span class='ocrx_word' id='word_1_178' title='bbox 712 2750 748 2813; x_wconf 92' lang='lat' dir='ltr'><strong>in</strong></span> <span class='ocrx_word' id='word_1_179' title='bbox 763 2752 1006 2830; x_wconf 85' lang='lat' dir='ltr'><strong>spiritualibus</strong></span> <span class='ocrx_word' id='word_1_180' title='bbox 1028 2750 1253 2829; x_wconf 80' lang='lat' dir='ltr'><strong>frigescebat,</strong></span> <span class='ocrx_word' id='word_1_181' title='bbox 1279 2761 1317 2812; x_wconf 91' lang='lat' dir='ltr'><strong>ut</strong></span> <span class='ocrx_word' id='word_1_182' title='bbox 1332 2760 1471 2829; x_wconf 88' lang='lat' dir='ltr'><strong>tempus</strong></span> <span class='ocrx_word' id='word_1_183' title='bbox 1489 2750 1556 2815; x_wconf 90' lang='lat' dir='ltr'><strong>sibi</strong></span> 
     </span>
     <span class='ocr_line' id='line_1_23' title="bbox 328 2856 1555 2937; baseline 0 -18"><span class='ocrx_word' id='word_1_184' title='bbox 328 2865 444 2919; x_wconf 92' lang='lat' dir='ltr'><strong>terere</strong></span> <span class='ocrx_word' id='word_1_185' title='bbox 457 2857 639 2921; x_wconf 89' lang='lat' dir='ltr'><strong>videretur</strong></span> <span class='ocrx_word' id='word_1_186' title='bbox 655 2856 691 2919; x_wconf 91' lang='lat' dir='ltr'><strong>P.</strong></span> <span class='ocrx_word' id='word_1_187' title='bbox 711 2857 929 2935; x_wconf 79' lang='lat' dir='ltr'><strong>PelletariuS‚</strong></span> <span class='ocrx_word' id='word_1_188' title='bbox 954 2858 1143 2937; x_wconf 88' lang='lat' dir='ltr'><strong>quodcum</strong></span> <span class='ocrx_word' id='word_1_189' title='bbox 1158 2874 1200 2920; x_wconf 91' lang='lat' dir='ltr'><strong>eo</strong></span> <span class='ocrx_word' id='word_1_190' title='bbox 1219 2857 1451 2937; x_wconf 86' lang='lat' dir='ltr'><strong>expendebat;</strong></span> <span class='ocrx_word' id='word_1_191' title='bbox 1473 2857 1555 2937; x_wconf 89' lang='lat' dir='ltr'><strong>quia</strong></span> 
     </span>
     <span class='ocr_line' id='line_1_24' title="bbox 329 2963 1557 3043; baseline 0.002 -18"><span class='ocrx_word' id='word_1_192' title='bbox 329 2972 448 3027; x_wconf 88' lang='lat' dir='ltr'><strong>tamen</strong></span> <span class='ocrx_word' id='word_1_193' title='bbox 464 2965 645 3027; x_wconf 86' lang='lat' dir='ltr'><strong>consultus</strong></span> <span class='ocrx_word' id='word_1_194' title='bbox 662 2963 699 3026; x_wconf 92' lang='lat' dir='ltr'><strong>P.</strong></span> <span class='ocrx_word' id='word_1_195' title='bbox 715 2965 875 3043; x_wconf 86' lang='lat' dir='ltr'><strong>ignatius</strong></span> <span class='ocrx_word' id='word_1_196' title='bbox 891 2981 961 3027; x_wconf 91' lang='lat' dir='ltr'><strong>non</strong></span> <span class='ocrx_word' id='word_1_197' title='bbox 977 2964 1144 3027; x_wconf 88' lang='lat' dir='ltr'><strong>censebat</strong></span> <span class='ocrx_word' id='word_1_198' title='bbox 1159 2966 1234 3027; x_wconf 90' lang='lat' dir='ltr'><strong>sine</strong></span> <span class='ocrx_word' id='word_1_199' title='bbox 1250 2963 1361 3027; x_wconf 87' lang='lat' dir='ltr'><strong>Ducis</strong></span> <span class='ocrx_word' id='word_1_200' title='bbox 1382 2980 1557 3027; x_wconf 90' lang='lat' dir='ltr'><strong>consensu</strong></span> 
     </span>
     <span class='ocr_line' id='line_1_25' title="bbox 329 3069 1557 3151; baseline -0.001 -17"><span class='ocrx_word' id='word_1_201' title='bbox 329 3088 419 3134; x_wconf 90' lang='lat' dir='ltr'><strong>onus</strong></span> <span class='ocrx_word' id='word_1_202' title='bbox 433 3069 520 3134; x_wconf 90' lang='lat' dir='ltr'><strong>illud</strong></span> <span class='ocrx_word' id='word_1_203' title='bbox 534 3088 612 3134; x_wconf 93' lang='lat' dir='ltr'><strong>esse</strong></span> <span class='ocrx_word' id='word_1_204' title='bbox 626 3069 881 3151; x_wconf 91' lang='lat' dir='ltr'><strong>deponendum,</strong></span> <span class='ocrx_word' id='word_1_205' title='bbox 898 3079 934 3134; x_wconf 90' lang='lat' dir='ltr'><strong>et</strong></span> <span class='ocrx_word' id='word_1_206' title='bbox 948 3071 1006 3133; x_wconf 92' lang='lat' dir='ltr'><strong>ille</strong></span> <span class='ocrx_word' id='word_1_207' title='bbox 1019 3070 1201 3134; x_wconf 85' lang='lat' dir='ltr'><strong>videretur</strong></span> <span class='ocrx_word' id='word_1_208' title='bbox 1216 3088 1288 3133; x_wconf 90' lang='lat' dir='ltr'><strong>non</strong></span> <span class='ocrx_word' id='word_1_209' title='bbox 1303 3086 1557 3149; x_wconf 78' lang='lat' dir='ltr'><strong>consensuruS,</strong></span> 
     </span>
     <span class='ocr_line' id='line_1_26' title="bbox 331 3176 1079 3258; baseline -0.003 -17"><span class='ocrx_word' id='word_1_210' title='bbox 331 3177 487 3257; x_wconf 89' lang='lat' dir='ltr'><strong>oportuit</strong></span> <span class='ocrx_word' id='word_1_211' title='bbox 500 3187 539 3240; x_wconf 93' lang='lat' dir='ltr'><strong>ut</strong></span> <span class='ocrx_word' id='word_1_212' title='bbox 553 3176 732 3257; x_wconf 87' lang='lat' dir='ltr'><strong>quomodo</strong></span> <span class='ocrx_word' id='word_1_213' title='bbox 747 3186 887 3258; x_wconf 91' lang='lat' dir='ltr'><strong>poterat</strong></span> <span class='ocrx_word' id='word_1_214' title='bbox 902 3186 1079 3256; x_wconf 84' lang='lat' dir='ltr'><strong>pergeret.</strong></span> 
     </span>
    </p>

    <p class='ocr_par' dir='ltr' id='par_1_5' title="bbox 330 3281 1565 4325">
     <span class='ocr_line' id='line_1_27' title="bbox 390 3281 1559 3365; baseline -0.003 -17"><span class='ocrx_word' id='word_1_215' title='bbox 390 3283 462 3347; x_wconf 86' lang='lat'><strong>382.</strong></span> <span class='ocrx_word' id='word_1_216' title='bbox 505 3283 576 3348; x_wconf 89' lang='lat' dir='ltr'><strong>Sub</strong></span> <span class='ocrx_word' id='word_1_217' title='bbox 596 3284 748 3347; x_wconf 91' lang='lat' dir='ltr'><strong>medium</strong></span> <span class='ocrx_word' id='word_1_218' title='bbox 770 3285 903 3358; x_wconf 86' lang='lat' dir='ltr'><strong>mensis</strong></span> <span class='ocrx_word' id='word_1_219' title='bbox 923 3283 1109 3347; x_wconf 88' lang='lat' dir='ltr'><strong>Februarii</strong></span> <span class='ocrx_word' id='word_1_220' title='bbox 1129 3282 1168 3345; x_wconf 89' lang='lat' dir='ltr'><strong>P.</strong></span> <span class='ocrx_word' id='word_1_221' title='bbox 1184 3284 1339 3365; x_wconf 88' lang='lat' dir='ltr'><strong>Joannes</strong></span> <span class='ocrx_word' id='word_1_222' title='bbox 1354 3281 1475 3362; x_wconf 86' lang='lat' dir='ltr'><strong>Niger,</strong></span> <span class='ocrx_word' id='word_1_223' title='bbox 1499 3300 1559 3345; x_wconf 87' lang='lat' dir='ltr'><strong>aa·</strong></span> 
     </span>
     <span class='ocr_line' id='line_1_28' title="bbox 330 3388 1560 3471; baseline -0.002 -18"><span class='ocrx_word' id='word_1_224' title='bbox 330 3390 427 3453; x_wconf 91' lang='lat' dir='ltr'><strong>tione</strong></span> <span class='ocrx_word' id='word_1_225' title='bbox 440 3392 568 3470; x_wconf 86' lang='lat' dir='ltr'><strong>gallus,</strong></span> <span class='ocrx_word' id='word_1_226' title='bbox 586 3391 647 3471; x_wconf 92' lang='lat' dir='ltr'><strong>qui</strong></span> <span class='ocrx_word' id='word_1_227' title='bbox 660 3390 809 3469; x_wconf 90' lang='lat' dir='ltr'><strong>Perusii,</strong></span> <span class='ocrx_word' id='word_1_228' title='bbox 826 3404 863 3453; x_wconf 92' lang='lat' dir='ltr'><strong>ut</strong></span> <span class='ocrx_word' id='word_1_229' title='bbox 879 3391 1033 3454; x_wconf 86' lang='lat' dir='ltr'><strong>diximus</strong></span> <span class='ocrx_word' id='word_1_230' title='bbox 1047 3388 1069 3465; x_wconf 81' lang='lat'><strong>³,</strong></span> <span class='ocrx_word' id='word_1_231' title='bbox 1091 3388 1239 3453; x_wconf 89' lang='lat' dir='ltr'><strong>fideliter</strong></span> <span class='ocrx_word' id='word_1_232' title='bbox 1261 3389 1414 3453; x_wconf 90' lang='lat' dir='ltr'><strong>Domino</strong></span> <span class='ocrx_word' id='word_1_233' title='bbox 1429 3391 1560 3453; x_wconf 90' lang='lat' dir='ltr'><strong>servie-</strong></span> 
     </span>
     <span class='ocr_line' id='line_1_29' title="bbox 332 3495 1560 3576; baseline -0.001 -16"><span class='ocrx_word' id='word_1_234' title='bbox 332 3505 400 3576; x_wconf 86' lang='lat' dir='ltr'><strong>rat,</strong></span> <span class='ocrx_word' id='word_1_235' title='bbox 416 3507 451 3560; x_wconf 92' lang='lat' dir='ltr'><strong>et</strong></span> <span class='ocrx_word' id='word_1_236' title='bbox 470 3495 620 3560; x_wconf 88' lang='lat' dir='ltr'><strong>Romam</strong></span> <span class='ocrx_word' id='word_1_237' title='bbox 635 3497 741 3560; x_wconf 91' lang='lat' dir='ltr'><strong>studii</strong></span> <span class='ocrx_word' id='word_1_238' title='bbox 761 3498 878 3576; x_wconf 86' lang='lat' dir='ltr'><strong>gratia</strong></span> <span class='ocrx_word' id='word_1_239' title='bbox 897 3506 1098 3573; x_wconf 70' lang='lat' dir='ltr'><strong>reuocatus</strong></span> <span class='ocrx_word' id='word_1_240' title='bbox 1120 3497 1155 3559; x_wconf 91' lang='lat' dir='ltr'><strong>in</strong></span> <span class='ocrx_word' id='word_1_241' title='bbox 1178 3497 1367 3560; x_wconf 88' lang='lat' dir='ltr'><strong>adversam</strong></span> <span class='ocrx_word' id='word_1_242' title='bbox 1387 3497 1560 3559; x_wconf 89' lang='lat' dir='ltr'><strong>inciderat</strong></span> 
     </span>
     <span class='ocr_line' id='line_1_30' title="bbox 331 3602 1562 3684; baseline 0 -19"><span class='ocrx_word' id='word_1_243' title='bbox 331 3603 581 3681; x_wconf 85' lang='lat' dir='ltr'><strong>valetudinem,</strong></span> <span class='ocrx_word' id='word_1_244' title='bbox 604 3612 749 3684; x_wconf 90' lang='lat' dir='ltr'><strong>propter</strong></span> <span class='ocrx_word' id='word_1_245' title='bbox 768 3621 875 3684; x_wconf 91' lang='lat' dir='ltr'><strong>quam</strong></span> <span class='ocrx_word' id='word_1_246' title='bbox 890 3604 926 3666; x_wconf 89' lang='lat' dir='ltr'><strong>in</strong></span> <span class='ocrx_word' id='word_1_247' title='bbox 941 3602 1093 3667; x_wconf 86' lang='lat' dir='ltr'><strong>Galliam</strong></span> <span class='ocrx_word' id='word_1_248' title='bbox 1109 3603 1340 3667; x_wconf 89' lang='lat' dir='ltr'><strong>remittendus</strong></span> <span class='ocrx_word' id='word_1_249' title='bbox 1359 3603 1562 3681; x_wconf 87' lang='lat' dir='ltr'><strong>videbatur,</strong></span> 
     </span>
     <span class='ocr_line' id='line_1_31' title="bbox 331 3710 1561 3791; baseline -0.001 -17"><span class='ocrx_word' id='word_1_250' title='bbox 331 3721 366 3774; x_wconf 92' lang='lat' dir='ltr'><strong>et</strong></span> <span class='ocrx_word' id='word_1_251' title='bbox 379 3710 581 3785; x_wconf 85' lang='lat' dir='ltr'><strong>Ferrariae,</strong></span> <span class='ocrx_word' id='word_1_252' title='bbox 596 3722 742 3791; x_wconf 91' lang='lat' dir='ltr'><strong>propter</strong></span> <span class='ocrx_word' id='word_1_253' title='bbox 756 3710 832 3774; x_wconf 91' lang='lat' dir='ltr'><strong>vim</strong></span> <span class='ocrx_word' id='word_1_254' title='bbox 850 3710 1094 3790; x_wconf 65' lang='lat' dir='ltr'><strong>aegritudinis</strong></span> <span class='ocrx_word' id='word_1_255' title='bbox 1116 3711 1330 3789; x_wconf 90' lang='lat' dir='ltr'><strong>substiterat,</strong></span> <span class='ocrx_word' id='word_1_256' title='bbox 1353 3720 1388 3773; x_wconf 90' lang='lat' dir='ltr'><strong>et</strong></span> <span class='ocrx_word' id='word_1_257' title='bbox 1402 3711 1561 3791; x_wconf 90' lang='lat' dir='ltr'><strong>aliquan·</strong></span> 
     </span>
     <span class='ocr_line' id='line_1_32' title="bbox 331 3816 1564 3897; baseline 0 -18"><span class='ocrx_word' id='word_1_258' title='bbox 331 3816 392 3881; x_wconf 90' lang='lat' dir='ltr'><strong>diu</strong></span> <span class='ocrx_word' id='word_1_259' title='bbox 406 3835 545 3881; x_wconf 91' lang='lat' dir='ltr'><strong>cumea</strong></span> <span class='ocrx_word' id='word_1_260' title='bbox 559 3819 713 3882; x_wconf 90' lang='lat' dir='ltr'><strong>luctatus</strong></span> <span class='ocrx_word' id='word_1_261' title='bbox 734 3817 861 3896; x_wconf 84' lang='lat' dir='ltr'><strong>iuerat,</strong></span> <span class='ocrx_word' id='word_1_262' title='bbox 877 3818 914 3881; x_wconf 92' lang='lat' dir='ltr'><strong>in</strong></span> <span class='ocrx_word' id='word_1_263' title='bbox 935 3818 1115 3881; x_wconf 91' lang='lat' dir='ltr'><strong>meliorem</strong></span> <span class='ocrx_word' id='word_1_264' title='bbox 1130 3817 1241 3881; x_wconf 89' lang='lat' dir='ltr'><strong>vitam</strong></span> <span class='ocrx_word' id='word_1_265' title='bbox 1261 3817 1441 3897; x_wconf 88' lang='lat' dir='ltr'><strong>migravit;</strong></span> <span class='ocrx_word' id='word_1_266' title='bbox 1464 3825 1499 3879; x_wconf 93' lang='lat' dir='ltr'><strong>et</strong></span> <span class='ocrx_word' id='word_1_267' title='bbox 1514 3817 1564 3879; x_wconf 93' lang='lat' dir='ltr'><strong>ab</strong></span> 
     </span>
     <span class='ocr_line' id='line_1_33' title="bbox 332 3924 1563 4004; baseline -0.002 -17"><span class='ocrx_word' id='word_1_268' title='bbox 332 3924 432 3988; x_wconf 91' lang='lat' dir='ltr'><strong>initio</strong></span> <span class='ocrx_word' id='word_1_269' title='bbox 453 3926 569 3989; x_wconf 89' lang='lat' dir='ltr'><strong>noctis</strong></span> <span class='ocrx_word' id='word_1_270' title='bbox 590 3924 741 4001; x_wconf 90' lang='lat' dir='ltr'><strong>sabbati,</strong></span> <span class='ocrx_word' id='word_1_271' title='bbox 765 3924 950 3988; x_wconf 92' lang='lat' dir='ltr'><strong>duodecim</strong></span> <span class='ocrx_word' id='word_1_272' title='bbox 970 3926 1128 4004; x_wconf 87' lang='lat' dir='ltr'><strong>integras</strong></span> <span class='ocrx_word' id='word_1_273' title='bbox 1148 3924 1256 3987; x_wconf 89' lang='lat' dir='ltr'><strong>horas</strong></span> <span class='ocrx_word' id='word_1_274' title='bbox 1275 3926 1312 3988; x_wconf 93' lang='lat' dir='ltr'><strong>in</strong></span> <span class='ocrx_word' id='word_1_275' title='bbox 1332 3924 1481 3987; x_wconf 91' lang='lat' dir='ltr'><strong>transitu</strong></span> <span class='ocrx_word' id='word_1_276' title='bbox 1504 3925 1563 3987; x_wconf 91' lang='lat' dir='ltr'><strong>vel</strong></span> 
     </span>
     <span class='ocr_line' id='line_1_34' title="bbox 333 4030 1565 4112; baseline 0.002 -18"><span class='ocrx_word' id='word_1_277' title='bbox 333 4033 465 4111; x_wconf 85' lang='lat' dir='ltr'><strong>agonia</strong></span> <span class='ocrx_word' id='word_1_278' title='bbox 479 4031 532 4095; x_wconf 92' lang='lat' dir='ltr'><strong>sic</strong></span> <span class='ocrx_word' id='word_1_279' title='bbox 547 4033 710 4109; x_wconf 88' lang='lat' dir='ltr'><strong>certavit,</strong></span> <span class='ocrx_word' id='word_1_280' title='bbox 728 4042 766 4094; x_wconf 94' lang='lat' dir='ltr'><strong>ut</strong></span> <span class='ocrx_word' id='word_1_281' title='bbox 781 4032 1022 4112; x_wconf 89' lang='lat' dir='ltr'><strong>spectaculum</strong></span> <span class='ocrx_word' id='word_1_282' title='bbox 1038 4031 1170 4094; x_wconf 91' lang='lat' dir='ltr'><strong>nostris</strong></span> <span class='ocrx_word' id='word_1_283' title='bbox 1189 4031 1294 4094; x_wconf 89' lang='lat' dir='ltr'><strong>valde</strong></span> <span class='ocrx_word' id='word_1_284' title='bbox 1316 4030 1565 4097; x_wconf 88' lang='lat' dir='ltr'><strong>admirandum</strong></span> 
     </span>
     <span class='ocr_line' id='line_1_35' title="bbox 333 4136 1563 4219; baseline -0.001 -18"><span class='ocrx_word' id='word_1_285' title='bbox 333 4137 449 4201; x_wconf 88' lang='lat' dir='ltr'><strong>suerit.</strong></span> <span class='ocrx_word' id='word_1_286' title='bbox 467 4136 685 4201; x_wconf 90' lang='lat' dir='ltr'><strong>Cernebatur</strong></span> <span class='ocrx_word' id='word_1_287' title='bbox 703 4137 797 4218; x_wconf 93' lang='lat' dir='ltr'><strong>quod</strong></span> <span class='ocrx_word' id='word_1_288' title='bbox 811 4137 1014 4217; x_wconf 88' lang='lat' dir='ltr'><strong>disputabat</strong></span> <span class='ocrx_word' id='word_1_289' title='bbox 1029 4155 1110 4201; x_wconf 91' lang='lat' dir='ltr'><strong>cum</strong></span> <span class='ocrx_word' id='word_1_290' title='bbox 1125 4138 1297 4201; x_wconf 90' lang='lat' dir='ltr'><strong>daemone</strong></span> <span class='ocrx_word' id='word_1_291' title='bbox 1319 4147 1353 4201; x_wconf 90' lang='lat' dir='ltr'><strong>et</strong></span> <span class='ocrx_word' id='word_1_292' title='bbox 1367 4138 1460 4219; x_wconf 94' lang='lat' dir='ltr'><strong>quod</strong></span> <span class='ocrx_word' id='word_1_293' title='bbox 1481 4137 1563 4200; x_wconf 89' lang='lat' dir='ltr'><strong>viri·</strong></span> 
     </span>
     <span class='ocr_line' id='line_1_36' title="bbox 334 4244 1565 4325; baseline 0.002 -18"><span class='ocrx_word' id='word_1_294' title='bbox 334 4244 414 4308; x_wconf 90' lang='lat' dir='ltr'><strong>liter</strong></span> <span class='ocrx_word' id='word_1_295' title='bbox 429 4246 465 4307; x_wconf 93' lang='lat' dir='ltr'><strong>in</strong></span> <span class='ocrx_word' id='word_1_296' title='bbox 480 4244 613 4324; x_wconf 90' lang='lat' dir='ltr'><strong>praelio</strong></span> <span class='ocrx_word' id='word_1_297' title='bbox 628 4245 756 4323; x_wconf 88' lang='lat' dir='ltr'><strong>stabat,</strong></span> <span class='ocrx_word' id='word_1_298' title='bbox 776 4245 939 4308; x_wconf 90' lang='lat' dir='ltr'><strong>manibus</strong></span> <span class='ocrx_word' id='word_1_299' title='bbox 951 4256 985 4308; x_wconf 92' lang='lat' dir='ltr'><strong>et</strong></span> <span class='ocrx_word' id='word_1_300' title='bbox 997 4247 1096 4308; x_wconf 90' lang='lat' dir='ltr'><strong>vultu</strong></span> <span class='ocrx_word' id='word_1_301' title='bbox 1108 4244 1361 4325; x_wconf 85' lang='lat' dir='ltr'><strong>disputantium</strong></span> <span class='ocrx_word' id='word_1_302' title='bbox 1376 4246 1411 4308; x_wconf 91' lang='lat' dir='ltr'><strong>in</strong></span> <span class='ocrx_word' id='word_1_303' title='bbox 1423 4244 1565 4309; x_wconf 90' lang='lat' dir='ltr'><strong>modum</strong></span> 
     </span>
    </p>
   </div>
   <div class='ocr_carea' id='block_1_3' title="bbox 375 4554 1474 4757">
    <p class='ocr_par' dir='ltr' id='par_1_6' title="bbox 375 4554 1474 4757">
     <span class='ocr_line' id='line_1_37' title="bbox 378 4554 802 4610; baseline 0 -12"><span class='ocrx_word' id='word_1_304' title='bbox 378 4554 386 4587; x_wconf 84' lang='lat'><strong>¹</strong></span> <span class='ocrx_word' id='word_1_305' title='bbox 415 4554 480 4599; x_wconf 87' lang='lat' dir='ltr'><strong>Vide</strong></span> <span class='ocrx_word' id='word_1_306' title='bbox 491 4566 579 4610; x_wconf 76' lang='lat' dir='ltr'><strong>supra.</strong></span> <span class='ocrx_word' id='word_1_307' title='bbox 590 4567 650 4610; x_wconf 77' lang='lat' dir='ltr'><strong>pag.</strong></span> <span class='ocrx_word' id='word_1_308' title='bbox 664 4557 710 4609; x_wconf 79' lang='lat'><strong>130,</strong></span> <span class='ocrx_word' id='word_1_309' title='bbox 721 4570 745 4600; x_wconf 87' lang='lat' dir='ltr'><strong>n.</strong></span> <span class='ocrx_word' id='word_1_310' title='bbox 755 4558 802 4600; x_wconf 92' lang='grc'><strong>366</strong></span> 
     </span>
     <span class='ocr_line' id='line_1_38' title="bbox 375 4627 863 4683; baseline 0.006 -13"><span class='ocrx_word' id='word_1_311' title='bbox 375 4627 388 4660; x_wconf 77' lang='lat'><strong>¹</strong></span> <span class='ocrx_word' id='word_1_312' title='bbox 415 4627 484 4671; x_wconf 87' lang='lat' dir='ltr'><strong>Vide</strong></span> <span class='ocrx_word' id='word_1_313' title='bbox 493 4638 582 4681; x_wconf 79' lang='lat' dir='ltr'><strong>supra.</strong></span> <span class='ocrx_word' id='word_1_314' title='bbox 593 4634 612 4671; x_wconf 90' lang='lat' dir='ltr'><strong>t.</strong></span> <span class='ocrx_word' id='word_1_315' title='bbox 623 4640 659 4683; x_wconf 79' lang='grc' dir='ltr'><strong>ιν,</strong></span> <span class='ocrx_word' id='word_1_316' title='bbox 669 4641 729 4683; x_wconf 75' lang='lat' dir='ltr'><strong>pag.</strong></span> <span class='ocrx_word' id='word_1_317' title='bbox 739 4630 773 4675; x_wconf 72' lang='lat' dir='ltr'><strong>oi.</strong></span> <span class='ocrx_word' id='word_1_318' title='bbox 781 4642 805 4672; x_wconf 89' lang='lat' dir='ltr'><strong>n.</strong></span> <span class='ocrx_word' id='word_1_319' title='bbox 816 4630 863 4673; x_wconf 78' lang='grc'>103.</span> 
     </span>
     <span class='ocr_line' id='line_1_39' title="bbox 377 4699 1474 4757; baseline 0.005 -15"><span class='ocrx_word' id='word_1_320' title='bbox 377 4699 389 4731; x_wconf 73' lang='lat'><strong>³</strong></span> <span class='ocrx_word' id='word_1_321' title='bbox 420 4699 486 4743; x_wconf 81' lang='lat' dir='ltr'><strong>Vide</strong></span> <span class='ocrx_word' id='word_1_322' title='bbox 497 4710 585 4753; x_wconf 80' lang='lat' dir='ltr'><strong>supra,</strong></span> <span class='ocrx_word' id='word_1_323' title='bbox 595 4709 613 4743; x_wconf 87' lang='lat' dir='ltr'><strong>t.</strong></span> <span class='ocrx_word' id='word_1_324' title='bbox 625 4711 662 4753; x_wconf 80' lang='lat'><strong>111,</strong></span> <span class='ocrx_word' id='word_1_325' title='bbox 674 4712 734 4755; x_wconf 72' lang='lat' dir='ltr'><strong>pag.</strong></span> <span class='ocrx_word' id='word_1_326' title='bbox 744 4702 779 4755; x_wconf 72' lang='grc'><strong>62,</strong></span> <span class='ocrx_word' id='word_1_327' title='bbox 790 4702 816 4745; x_wconf 80' lang='lat' dir='ltr'><strong>tt</strong></span> <span class='ocrx_word' id='word_1_328' title='bbox 826 4710 851 4745; x_wconf 85' lang='lat' dir='ltr'><strong>et</strong></span> <span class='ocrx_word' id='word_1_329' title='bbox 861 4702 896 4751; x_wconf 73' lang='lat'><strong>45,</strong></span> <span class='ocrx_word' id='word_1_330' title='bbox 907 4711 932 4745; x_wconf 85' lang='lat' dir='ltr'><strong>ct</strong></span> <span class='ocrx_word' id='word_1_331' title='bbox 945 4708 962 4745; x_wconf 87' lang='lat' dir='ltr'><strong>t.</strong></span> <span class='ocrx_word' id='word_1_332' title='bbox 973 4713 1009 4757; x_wconf 79' lang='lat' dir='ltr'><strong>tv,</strong></span> <span class='ocrx_word' id='word_1_333' title='bbox 1021 4714 1080 4757; x_wconf 80' lang='lat' dir='ltr'><strong>rag.</strong></span> <span class='ocrx_word' id='word_1_334' title='bbox 1090 4702 1124 4757; x_wconf 81' lang='lat'><strong>55,</strong></span> <span class='ocrx_word' id='word_1_335' title='bbox 1136 4707 1222 4746; x_wconf 78' lang='lat' dir='ltr'><strong>annot.</strong></span> <span class='ocrx_word' id='word_1_336' title='bbox 1233 4704 1254 4757; x_wconf 81' lang='lat'><strong>2,</strong></span> <span class='ocrx_word' id='word_1_337' title='bbox 1265 4712 1290 4749; x_wconf 84' lang='lat' dir='ltr'><strong>et</strong></span> <span class='ocrx_word' id='word_1_338' title='bbox 1302 4715 1360 4757; x_wconf 77' lang='lat' dir='ltr'><strong>pag.</strong></span> <span class='ocrx_word' id='word_1_339' title='bbox 1374 4703 1474 4747; x_wconf 75' lang='lat' dir='ltr'><strong>tto-252.</strong></span> 
     </span>
    </p>
   </div>
   <div class='ocr_carea' id='block_1_4' title="bbox 0 0 1880 5400">
    <p class='ocr_par' dir='ltr' id='par_1_7' title="bbox 0 0 1880 5400">
     <span class='ocr_line' id='line_1_40' title="bbox 0 0 1880 5400; baseline 0 0"><span class='ocrx_word' id='word_1_340' title='bbox 0 0 1880 5400; x_wconf 95' lang='lat' dir='ltr'><strong> </strong></span> 
     </span>
    </p>
   </div>
  </div>
 </body>
</html>
