3717 5400
798 511 862 570 Aa.
889 510 960 568 1555
1441 506 1495 567 139

323 657 395 722 391.
438 657 660 722 intercetera
671 667 904 740 autem,quae
915 667 1196 721 eammoverunt
1207 666 1245 720 ut
1257 673 1384 736 agrum
1395 673 1494 736 prae·

263 765 400 830 dictum
414 765 596 844 venderet,
613 764 697 828 illud
712 775 801 844 erat,
817 766 912 846 quod
927 766 1054 830 merito
1071 764 1186 828 timeri
1200 771 1339 844 poterat
1355 781 1399 826 ne
1414 772 1498 844 post⁴

263 872 376 953 ipsius
390 873 503 936 vitam
514 871 653 935 difficile
665 891 711 937 ex
722 873 1070 952 consanguineorum
1083 873 1138 934 vel
1150 869 1305 934 affinium
1316 869 1492 946 manibus,

263 990 326 1043 aut
339 981 456 1060 ipsum
471 997 611 1060 agrum,
627 991 688 1044 aut
703 980 840 1044 fructus
855 979 930 1060 ejus
950 981 1132 1061 percipere
1153 978 1266 1042 nostri
1279 986 1436 1059 possent;
1458 987 1495 1041 et

264 1087 315 1150 ita
339 1105 385 1151 ex
405 1087 550 1151 vendito
572 1105 660 1167 agro
683 1089 834 1168 pretium
855 1097 1064 1151 convertere
1090 1087 1124 1150 in
1147 1087 1216 1148 alia
1238 1086 1332 1148 bona
1354 1084 1493 1148 stabilia

264 1193 414 1273 Collegii
428 1193 599 1273 decrevit,
616 1196 711 1275 quod
725 1204 759 1258 et
773 1195 868 1258 iecit.

323 1301 394 1367 392.
439 1301 534 1365 Inter
549 1302 639 1365 alias
653 1303 918 1382 occupationes,
936 1304 1028 1366 hanc
1043 1303 1150 1365 etiam
1165 1300 1321 1380 suscepit
1332 1299 1369 1363 P.
1387 1299 1496 1363 Pelle-

263 1409 377 1471 tarius
391 1420 429 1471 ut
443 1410 660 1490 theologiam
674 1420 709 1474 et
724 1411 964 1474 conscientiae
985 1426 1090 1472 casus
1105 1409 1236 1472 nostris
1259 1410 1491 1488 praelegerat.

263 1511 354 1578 'l'res
368 1516 476 1579 etiam
490 1534 535 1579 ex
550 1518 602 1580 eis
616 1517 652 1580 in
668 1518 799 1597 templo
813 1528 935 1580 nostro
952 1515 1157 1580 concionari
1171 1515 1294 1590 voluit,
1311 1533 1356 1578 ex
1368 1515 1495 1596 quibus

264 1623 436 1700 magister
450 1623 662 1687 Ambrosius
676 1623 866 1687 Pollicinus
877 1623 1032 1686 maxime
1044 1623 1188 1703 placuit,
1201 1632 1236 1683 et
1248 1621 1403 1685 secundo
1414 1623 1495 1684 loco

263 1727 452 1793 Fabricius
473 1728 622 1810 Vignes,
647 1731 709 1811 qui
731 1739 766 1793 et
786 1740 991 1794 nostrorum
1013 1742 1048 1793 et
1071 1729 1190 1810 populi
1211 1728 1494 1808 expectationem

263 1835 370 1914 longe
384 1837 579 1916 superavit.
1091 1851 1099 1868 ³

323 1941 395 2006 393.
438 1943 505 2007 Hic
530 1943 717 2007 Fabricius
741 1945 866 2007 hernia
890 1945 996 2024 gravi
1018 1943 1213 2018 laborabat,
1238 1955 1271 2006 et
1297 1940 1494 2020 Septembri
1521 1953 1523 1959 '

262 2065 384 2111 mense
399 2049 435 2112 in
450 2050 612 2114 manibus
626 2051 845 2114 medicorum
860 2052 1015 2130 relictus,
1032 2051 1204 2114 scissione
1217 2049 1410 2113 remedium
1423 2047 1494 2127 ipsi

264 2156 502 2223 adhibendum
516 2176 594 2222 esse
606 2157 822 2237 judicarunt,
838 2167 872 2222 et
895 2159 1105 2222 admiranda
1126 2157 1202 2238 eius
1223 2157 1394 2237 patientia
1413 2155 1492 2218 visa

263 2263 341 2342 fuit,
358 2264 416 2344 qui
431 2283 511 2329 cum
526 2265 755 2328 acerbissime
770 2266 990 2329 cruciaretur
1005 2266 1041 2328 in
1056 2283 1099 2328 ea
1115 2259 1285 2328 scissione
1297 2275 1331 2327 et
1346 2263 1426 2326 aliis
1440 2279 1492 2324 re-

263 2371 401 2450 mediis,
418 2381 555 2438 tantum
570 2373 606 2435 in
620 2391 663 2435 eo
678 2391 806 2436 nomen
820 2371 905 2454 Jesu
926 2372 1102 2435 submissa
1118 2389 1207 2435 voce
1227 2370 1447 2447 audiebatur,
1470 2386 1491 2432 a

263 2495 334 2558 quo
348 2480 520 2544 auxilium
533 2481 686 2560 petebat,
703 2491 738 2543 et
753 2482 905 2561 quinque
921 2480 1061 2556 medici,
1079 2480 1138 2559 qui
1153 2478 1301 2542 aderant
1313 2488 1347 2540 et
1359 2475 1492 2541 chirur-

263 2601 332 2664 gus
344 2586 420 2666 ipse
435 2587 543 2650 talem
557 2587 713 2651 animum
724 2585 866 2667 juvenis
885 2586 1193 2669 obstupescebant,
1218 2585 1278 2666 qui
1298 2601 1365 2648 nec
1386 2584 1421 2647 in
1439 2581 1491 2662 ju·

264 2710 356 2757 vene
370 2694 453 2773 ullO,
470 2712 537 2757 nec
550 2713 634 2758 sene
650 2695 756 2758 talem
771 2695 903 2759 vidisse
917 2695 1125 2777 patientiam
1140 2693 1372 2757 affirmabant.
1396 2690 1492 2755 Intra
1544 2766 1546 2772 Ι

264 2818 399 2881 paucos
414 2815 535 2865 autem
553 2802 628 2866 dies
643 2802 732 2866 febri
753 2812 932 2878 cessante,
950 2813 1052 2867 extra
1067 2803 1261 2883 periculum
1281 2800 1495 2863 constitutus

265 2916 330 2987 est,
346 2918 381 2972 ct
401 2911 507 2989 paulo
527 2919 608 2991 post
622 2926 765 2975 sanuse
784 2912 876 2973 lecto
895 2914 1062 2988 surrexit,
1083 2910 1247 2990 quamvis
1270 2919 1344 2971 tota
1365 2908 1492 2987 hyeme

265 3015 361 3078 domi
374 3033 424 3093 se,
442 3033 486 3078 ac
499 3015 574 3081 fere
594 3017 630 3079 in
643 3018 823 3096 cubiculo,
844 3018 1024 3080 continere
1044 3016 1162 3079 debuit
1180 3027 1214 3079 et
1229 3015 1418 3094 aliquando
1433 3014 1492 3077 do-

265 3121 358 3185 lores
372 3122 480 3202 aliqui
500 3140 581 3185 eum
595 3124 829 3187 retentabant.

323 3228 395 3292 394.
440 3228 607 3293 Charitas
621 3229 659 3292 P.
677 3228 856 3294 Pelletarii
869 3231 916 3294 ad
932 3230 1212 3295 subveniendum
1233 3228 1394 3293 Romano
1416 3226 1492 3293 Col·

265 3336 370 3415 legio,
387 3353 517 3416 magna
530 3340 679 3417 penuria
690 3339 861 3418 pecuniae
873 3340 909 3402 in
919 3338 1144 3430 gravissimis
1155 3338 1320 3419 expensis
1332 3336 1493 3399 laboran-

266 3444 305 3521 ti,
320 3443 356 3505 in
372 3461 414 3506 eo
430 3445 528 3507 cerni
550 3445 675 3524 potuit,
696 3446 887 3525 quodcum
908 3445 1081 3525 magister
1099 3444 1254 3527 Joannes
1277 3444 1464 3507 Tristanus
1483 3443 1492 3477 ¹

265 3561 407 3613 centum
422 3568 563 3625 aureOS,
580 3569 626 3614 ex
646 3552 799 3615 venditis
814 3552 1024 3632 quibusdam
1038 3552 1111 3616 suis
1133 3554 1248 3627 sebna,
1272 3548 1492 3614 Ferrariensi

265 3656 425 3737 Collegio
441 3658 621 3738 applicare
636 3660 839 3739 cogitasset,
856 3672 890 3723 et
906 3660 950 3722 ab
960 3660 1038 3740 ipso
1053 3660 1238 3723 consilium
1253 3667 1399 3738 peteret,
1415 3658 1494 3720 hor·

265 3772 361 3826 tatus
376 3776 429 3827 est
444 3778 482 3829 ut
497 3766 647 3828 Romam
668 3767 788 3845 potius
806 3768 971 3843 mitteret,
996 3779 1030 3830 ct
1049 3768 1098 3829 ita
1118 3769 1222 3830 simul
1238 3783 1317 3829 cum
1337 3765 1415 3827 aliis
1434 3763 1493 3827 du-

266 3872 380 3935 centis
398 3891 443 3935 ex
463 3873 565 3937 bonis
583 3873 753 3953 ejusdem,
774 3875 875 3938 brevi
896 3876 933 3938 in
956 3874 1150 3938 subsidium
1174 3872 1324 3938 Romani
1346 3871 1496 3950 Collegii

266 3978 457 4042 mittendos
472 3980 626 4060 scripsit.

323 4084 395 4148 395.
438 4086 476 4150 lu
490 4086 644 4166 J'ubilaeo
660 4089 725 4151 sub
740 4090 879 4152 initium
896 4088 1114 4169 Septembris
1132 4088 1161 4151 F
1163 4089 1320 4151 errariae
1340 4086 1495 4168 publica·

265 4202 303 4255 to
317 4195 471 4273 operarii
487 4193 638 4273 Collegii
659 4197 783 4271 nostri,
804 4197 933 4259 tamin
954 4196 1120 4281 ecclesia,¹
1140 4212 1247 4275 quam
1262 4194 1298 4257 in
1320 4208 1414 4270 arce,
1435 4194 1495 4256 ubi

265 4311 342 4363 erat
367 4300 532 4379 Ducissa,
554 4320 706 4366 messem
729 4304 872 4367 uberem
898 4304 1109 4383 habuerunt;
1132 4302 1271 4367 namin
1296 4300 1496 4382 hujusmodi

265 4408 514 4472 occasionibus
528 4410 602 4472 iere
617 4410 652 4471 in
668 4409 851 4490 praedicta
866 4427 950 4473 arce
965 4410 1003 4473 P.
1022 4410 1229 4473 Pelletarius
1241 4409 1493 4490 occupabatur,

267 4532 340 4577 non
360 4515 475 4578 solum
495 4516 531 4578 in
552 4515 748 4580 ministerio
770 4528 1077 4580 sacramentorum
1098 4517 1330 4581 confessionis
1349 4526 1384 4580 et
1404 4533 1497 4580 com-

307 4761 317 4793 ¹
345 4754 411 4802 Vide
421 4770 510 4813 snpra,
519 4769 580 4812 pag.
592 4758 631 4801 tao
640 4764 667 4802 et
680 4758 726 4811 137,
736 4769 760 4803 n.
772 4758 824 4801 836.
