3717 5400
351 459 408 518 330
805 458 934 517 Canon.
955 458 1031 516 Soc.
1052 459 1123 530 Jes.

346 607 431 670 dam
445 607 631 670 doctorum
646 605 794 668 consilio
810 606 982 683 revocati,
1000 605 1082 668 ltuic
1093 606 1297 685 tempestati
1308 617 1503 682 ccszerunt3
1516 624 1582 669 nec

350 713 445 778 enim
464 713 622 791 deerant,
651 713 711 792 qui
739 713 877 776 technis
902 723 937 774 et
963 721 1041 775 arte
1065 715 1197 792 ma'gna
1221 722 1364 776 nostros
1387 713 1523 776 invisos
1546 723 1583 777 et

347 829 536 900 suspectos
562 819 726 882 omnibus
751 819 907 882 omnium
938 819 1103 882 ordinum
1128 820 1331 882 hominibus
1364 828 1400 882 et
1430 820 1582 884 statibus

348 928 497 991 reddere
511 927 726 1004 nitebantur;
740 937 774 990 et
789 927 820 990 si
835 925 912 990 Rex
931 926 1037 990 fidem
1052 927 1121 989 illis
1140 927 1389 1008 praestitisset,
1404 927 1502 990 haud
1518 927 1580 990 du-

347 1035 403 1098 bie
414 1052 460 1098 ex
474 1033 591 1097 Gallia
605 1035 753 1098 fuissent
768 1035 883 1097 nostri
895 1033 1085 1114 profligate
1101 1052 1183 1096 nam
1199 1045 1233 1097 et
1245 1034 1344 1114 ipsae
1356 1035 1493 1097 aulicae
1505 1051 1580 1098 mu·

344 1143 461 1220 lieres,
475 1143 520 1204 ab
536 1143 590 1204 bis
605 1143 805 1205 hominibus
820 1143 1027 1219 instructae,
1044 1142 1081 1204 in
1096 1155 1238 1204 nostros
1249 1159 1372 1204 coram
1387 1141 1464 1220 ipso
1481 1141 1579 1220 Rege

348 1248 562 1312 debacchari
576 1267 647 1310 non
663 1248 935 1326 erubescebant;
951 1248 1116 1312 doctores
1137 1249 1281 1310 enimet
1303 1248 1471 1327 religiosi,
1488 1248 1582 1310 sicut

351 1357 482 1435 vulgus
496 1365 533 1418 ct
550 1355 787 1436 jurisperitos,
812 1356 862 1418 ita
887 1366 922 1418 et
947 1357 1099 1434 aulicos,
1122 1365 1248 1418 contra
1263 1366 1405 1418 nostros
1424 1355 1582 1416 concita·

348 1464 444 1541 bant,
458 1480 561 1526 suum
576 1463 756 1526 decretum
768 1473 802 1526 et
817 1462 987 1543 Episcopi
1006 1463 1162 1526 edictum
1178 1461 1368 1540 jactantes;
1388 1479 1454 1524 nec
1469 1463 1580 1524 ullum

345 1570 552 1633 convivium
567 1569 683 1648 tiebat,
699 1570 759 1633 ubi
770 1571 812 1634 de
828 1571 961 1633 nostris
972 1587 1044 1632 non
1054 1581 1234 1648 ageretur,
1247 1573 1307 1650 qui
1319 1567 1582 1648 quodammodo

349 1677 506 1741 omniurn
521 1695 564 1739 eo
581 1688 739 1757 tempore
754 1676 874 1740 sabula
890 1687 1004 1740 erant.

407 1783 478 1847 885.
522 1783 632 1847 Immo
648 1794 682 1846 et
698 1784 766 1864 ipsi
781 1783 1002 1864 professores
1016 1784 1217 1862 theologiae
1233 1784 1268 1846 in
1284 1785 1358 1847 suis
1370 1782 1582 1846 lectionibus

348 1901 510 1955 nostrum
524 1892 722 1953 institutum
737 1908 810 1953 non
821 1908 903 1953 raro
914 1890 1202 1970 proscindebant,
1215 1890 1464 1970 Inquisitorem
1475 1889 1582 1952 etiam

347 1998 536 2078 quemdam
566 1997 710 2060 Ordinis
738 1996 860 2060 Sancti
888 1996 1092 2076 Augustini,
1122 1998 1319 2074 sorbonici,
1350 1997 1396 2059 ad
1424 2005 1580 2074 nostros,

347 2107 450 2186 quasi
465 2105 724 2179 schismaticos,
737 2102 947 2167 mittendum
962 2108 1143 2182 curarunt,
1158 2104 1416 2184 virumaiioqui
1430 2104 1583 2183 probum

345 2221 383 2274 et
398 2222 632 2290 mansuetum,
649 2211 720 2292 qui,
737 2230 782 2274 ne
797 2228 862 2274 suo
879 2212 1018 2274 deesset
1038 2211 1168 2290 officio,
1190 2213 1299 2274 aliurn
1320 2211 1510 2274 accersivit
1531 2211 1581 2272 vi·

350 2336 428 2382 rum
444 2320 687 2382 doctissimum
703 2337 745 2382 ac
761 2319 865 2382 valde
881 2318 1071 2397 sincerum,
1087 2329 1126 2382 ut
1140 2328 1287 2398 uterque
1302 2319 1405 2381 simui
1421 2326 1583 2381 nostrum

349 2425 546 2488 institutum
570 2427 809 2506 explorarent.
834 2424 1031 2504 Quemdam
1053 2437 1172 2489 autem
1194 2443 1239 2488 ex
1260 2435 1392 2487 nostrus
1418 2432 1427 2463 ¹
1453 2440 1583 2486 conve·

350 2532 461 2609 niunt,
479 2533 537 2594 cui
551 2533 716 2595 diuturna
733 2533 953 2612 experientia
975 2541 1099 2595 nostra
1114 2532 1232 2594 omnia
1256 2532 1343 2594 satis
1361 2540 1445 2593 nota
1467 2541 1581 2608 erant,

349 2655 454 2719 quem
470 2657 549 2703 cum
564 2639 607 2702 de
623 2639 742 2703 multis
756 2640 1057 2719 interrogassent,
1074 2657 1117 2702 ac
1131 2639 1355 2720 potissimum
1377 2639 1420 2701 de
1443 2639 1583 2702 ratione

350 2748 468 2809 victus
483 2757 517 2810 et
532 2748 673 2811 habitus
687 2758 722 2809 ct
737 2766 783 2810 an
799 2764 922 2811 omnes
937 2748 1013 2810 sine
1028 2748 1146 2827 aliquo
1161 2748 1364 2810 discrimine
1383 2747 1581 2825 religiosos,

350 2852 571 2917 facinorosos
585 2864 619 2918 et
634 2855 669 2917 id
684 2872 808 2933 gennx,
826 2854 1069 2932 admitterent,
1086 2855 1214 2934 quibus
1237 2856 1331 2918 votis
1346 2854 1583 2933 adstringere·

350 2977 439 3038 mur,
458 2962 599 3041 quando
620 2962 876 3041 profiteremur,
894 2978 985 3041 quas
998 2961 1227 3041 probationes
1251 2961 1475 3039 haberemus
1499 2979 1583 3041 quo·

350 3066 456 3131 modo
471 3068 597 3131 studiis
612 3068 778 3131 daremus
798 3085 956 3148 operam.

407 3172 478 3236 886.
523 3174 611 3238 Cum
626 3175 856 3256 responderet
871 3175 928 3237 ille
947 3174 1057 3238 frater
1073 3186 1195 3237 noster
1220 3174 1313 3254 quod
1339 3192 1397 3237 tes
1412 3175 1580 3253 habebat,

351 3282 601 3361 obstupescere
616 3282 732 3361 coepit
747 3281 940 3361 inquisitor
959 3299 1040 3345 cum
1061 3281 1159 3345 socio
1181 3290 1215 3343 et
1235 3282 1404 3345 admirari
1420 3282 1512 3344 unde
1532 3289 1585 3344 tot

347 3388 549 3451 calumniae
564 3398 598 3450 et
613 3405 775 3451 rumores
789 3388 941 3469 improbi
962 3389 1151 3466 orirentur,
1173 3398 1208 3451 et
1223 3406 1330 3468 quarn
1345 3389 1584 3468 periculosum

350 3504 444 3557 esset
460 3496 511 3557 eis
526 3512 711 3558 assensum
726 3496 897 3575 praebere
913 3496 1091 3558 dicebant.
1104 3494 1356 3575 Approbantes
1368 3496 1487 3574 itaque
1503 3512 1585 3557 cum

352 3618 483 3679 magna
496 3603 803 3681 congratulatione
812 3602 1191 3680 nostruminstitutum,
1203 3603 1344 3664 veniam
1355 3603 1399 3664 ab
1408 3603 1467 3665 illo
1475 3602 1585 3664 fratre

352 3710 591 3789 precabantur
607 3708 700 3790 quod
721 3708 810 3772 haec
826 3710 871 3771 ab
886 3726 927 3771 eo
948 3711 1243 3788 interrogassent,
1264 3717 1299 3771 et
1319 3727 1390 3770 non
1410 3711 1585 3771 malevolo

354 3816 472 3880 animo
484 3833 522 3878 se
534 3816 740 3894 accessisse,
754 3815 817 3878 sed
829 3815 895 3878 sibi
907 3834 953 3879 ex
962 3816 1076 3879 officio
1088 3816 1291 3879 incumbere
1300 3814 1538 3890 declararunt;
1550 3824 1585 3878 et

354 3933 437 3986 tunc
454 3922 594 3986 demum
610 3932 824 4002 aperuerunt
840 3924 984 4003 quinam
999 3924 1225 4001 essent(nam
1237 3924 1335 4003 prius
1347 3923 1462 3986 abillo
1474 3922 1585 3985 fratre

355 4040 479 4093 nostro
500 4047 572 4092 non
592 4029 914 4109 cognoscebantur)
938 4038 973 4092 et
995 4030 1123 4093 obnixe
1143 4030 1264 4110 sepiis
1287 4039 1491 4092 nostrorum
1507 4046 1585 4092 ora·

353 4138 507 4201 tionibus
522 4138 825 4200 commendarunt.

394 4414 402 4445 ¹
431 4413 504 4458 Hunc
516 4414 592 4459 iaclle
603 4422 754 4469 putaremus
770 4415 847 4457 luisse
859 4414 901 4456 vel
913 4412 945 4457 tt.
956 4413 1093 4456 Nicolaum
1104 4412 1236 4467 Bellefiiie,
1248 4414 1290 4467 qui
1306 4414 1469 4458 haecomnia
1483 4413 1587 4469 ignatio

351 4486 458 4539 scripsit
467 4486 545 4539 (Vide
556 4486 676 4530 Litterae
686 4486 915 4539 Quadrimcstres,
926 4492 945 4528 t.
956 4496 993 4538 ur,
1004 4496 1064 4539 pag.
1074 4486 1125 4535 617)
1135 4486 1177 4528 vel
1190 4486 1276 4539 potius
1286 4486 1405 4530 fortassis
1417 4486 1449 4530 ii.
1460 4486 1587 4540 Jacobum

354 4556 496 4611 llorelium,
508 4560 547 4603 cui
558 4559 703 4604 diuturnior
713 4561 788 4614 longe
798 4566 855 4603 erat
866 4565 1014 4603 nostrarum
1024 4570 1112 4602 retum
1121 4558 1291 4613 experientia,
1303 4570 1385 4603 annus
1395 4560 1464 4603 enim
1476 4560 1533 4617 jam
1542 4572 1587 4607 uu·

349 4630 468 4673 decimus
478 4632 630 4675 elabebatur
640 4644 671 4675 ex
682 4642 732 4687 quo
743 4631 868 4675 Societatl
883 4642 976 4675 nomeu
991 4633 1014 4676 ls
1024 4632 1133 4675 dederat
1148 4630 1238 4685 (laid,
1248 4644 1308 4687 pag.
1324 4632 1373 4687 5³9,
1384 4637 1410 4675 et
1421 4643 1509 4687 supra,
1524 4644 1587 4689 pag.

350 4702 403 4755 ³20,
414 4714 439 4745 u.
448 4702 505 4757 8⁶⁹„
516 4703 561 4747 sed
572 4704 641 4747 nullo
653 4705 677 4747 ld
687 4704 780 4749 indicio
789 4709 862 4748 certo
873 4704 964 4747 fulcire
976 4704 1102 4747 valemus.
