3717 5400
815 496 878 554 An.
902 495 972 555 1555
1470 495 1504 557 8l

291 677 294 682 ·
339 643 406 706 195.
451 643 539 706 Tres
547 641 698 722 juvenes
707 642 859 723 (praeter
871 641 1122 722 quinquealios
1133 642 1233 704 initio
1243 643 1279 704 in
1290 640 1506 707 Societatem

269 749 464 825 admissos)
491 767 573 812 cum
599 749 748 813 Romam
772 757 891 812 essent
916 749 1093 825 destinati,
1120 747 1288 812 Societati
1313 767 1351 812 se
1376 749 1508 814 dedere

268 858 545 932 constituerunt,
563 858 656 920 inter
671 873 759 938 quos
773 856 903 920 nobilis
917 855 1050 920 siculus
1069 854 1144 919 luit.

339 964 407 1028 196.
450 964 520 1028 Die
535 964 690 1044 quadam
704 964 884 1027 dominica
898 963 1032 1026 mensis
1045 960 1191 1042 Aprilis
1208 963 1362 1044 quinque
1374 965 1433 1026 vel
1444 981 1509 1028 sex

275 1071 386 1136 millia
401 1072 673 1152 peregrinorum
689 1071 724 1134 in
740 1087 844 1135 sacra
860 1071 966 1134 domo
980 1069 1184 1133 Lauretana
1200 1071 1450 1146 versabantur,
1465 1089 1510 1134 ex

270 1179 423 1242 urbibus
447 1178 735 1258 Longobardiae,
762 1177 920 1256 Mantua,
943 1175 1090 1241 Verona
1111 1185 1146 1240 et
1167 1175 1343 1240 Cremona
1365 1187 1400 1240 et
1429 1179 1510 1241 aliis

271 1287 376 1364 locis,
394 1303 546 1366 quorum
560 1286 681 1348 fervor
695 1295 730 1348 et
744 1283 926 1362 beneficia,
945 1301 1035 1366 quae
1050 1283 1252 1347 referebant
1267 1302 1306 1347 se
1327 1285 1509 1365 accepisse

271 1409 340 1474 per
365 1392 514 1456 Beatam
544 1390 749 1472 Virginem,
776 1408 929 1472 magnae
955 1390 1198 1470 spectantibus
1223 1399 1258 1453 et
1283 1390 1509 1455 audientibus

273 1499 516 1564 aedificationi
531 1509 566 1564 et
581 1498 765 1564 devotioni
779 1507 892 1562 erant.
909 1497 1084 1562 Miracula
1098 1506 1217 1562 autem
1231 1499 1384 1579 plurima
1401 1515 1423 1560 a
1436 1500 1510 1579 qui-

269 1607 428 1670 busdam
451 1625 496 1671 ex
519 1607 571 1671 eis
591 1605 846 1670 reserebantur.
870 1605 953 1668 Duo
976 1613 1114 1668 tantum
1134 1604 1243 1668 refert
1264 1606 1340 1686 ipse
1362 1603 1507 1685 Rector,

270 1731 372 1793 quae
397 1714 466 1777 illis
492 1714 711 1792 acciderunt,
737 1729 888 1794 quorum
912 1713 1062 1791 ipsemet
1086 1710 1328 1775 consessiones
1357 1712 1507 1776 audivit.

276 1819 380 1884 Prius
395 1820 460 1884 luit
475 1819 662 1900 cujusdam
676 1819 843 1898 mulieris,
865 1835 972 1898 quam
992 1818 1103 1898 ipsius
1124 1819 1273 1881 maritus
1295 1835 1375 1882 cum
1398 1820 1509 1882 fratre

275 1929 314 1990 in
330 1929 469 2007 sylvam
486 1927 688 2001 deductam,
709 1927 793 2005 gula
809 1925 960 2003 abscisa,
977 1924 1053 1988 sine
1068 1925 1165 1987 vitae
1179 1925 1283 2004 signo
1304 1925 1436 1989 nudam
1457 1943 1510 1989 re·

271 2035 464 2115 liquerant.
483 2033 807 2098 Commendaverat
820 2033 881 2095 illa
895 2049 934 2094 se
948 2031 1080 2094 Beatae
1095 2031 1249 2111 Virgini,
1266 2031 1334 2094 Dei
1356 2032 1509 2098 Genitri·

275 2142 322 2217 ci,
340 2159 431 2222 quae
445 2141 591 2204 Laureti
606 2141 744 2217 colitur,
760 2155 841 2204 cum
855 2139 952 2202 illam
963 2139 1128 2218 J'ugulare
1147 2139 1289 2202 vellent.
1313 2137 1506 2220 Postquam

274 2265 366 2328 ergo
382 2247 569 2313 duodecim
584 2247 660 2311 dies
680 2264 722 2310 eo
742 2248 778 2310 in
794 2248 872 2310 loco
891 2246 1072 2326 jacuisset,
1093 2248 1190 2309 velut
1210 2246 1464 2326 expergefacta
1487 2265 1508 2310 a

272 2373 405 2420 somno
424 2356 591 2434 surrexit,
614 2365 648 2418 et
663 2355 835 2434 paulatim
850 2353 1128 2434 quinquemillia
1147 2353 1310 2431 confecit,
1327 2354 1439 2418 donec
1459 2355 1509 2418 in·

274 2473 387 2526 venta
403 2473 437 2526 et
452 2462 663 2526 Ravennam
678 2461 828 2525 deducta
845 2471 909 2539 est,
925 2461 986 2524 ubi
1000 2458 1121 2539 adjuta
1131 2459 1263 2524 Beatae
1274 2460 1437 2541 Virginis
1449 2480 1509 2543 pa·

273 2569 443 2650 trocini0,
461 2587 482 2632 a
496 2571 604 2650 plaga
619 2586 684 2632 sua
698 2578 825 2632 sanata
841 2577 904 2631 est.

345 2677 412 2741 197.
455 2676 568 2755 Alter,
592 2675 832 2754 bononiensis,
855 2691 962 2739 crura
980 2675 1119 2756 perdita
1141 2676 1302 2757 habebat,
1326 2679 1417 2742 etin
1440 2697 1511 2745 uno

272 2802 403 2849 eorum
423 2783 623 2865 quindecim
643 2786 769 2865 plagas
792 2782 997 2863 profundas.
1024 2781 1158 2847 Votum
1183 2783 1265 2847 fecit
1291 2784 1330 2849 B.
1355 2786 1509 2868 Virgini,

277 2910 348 2957 nec
362 2893 433 2955 alia
448 2908 534 2955 usus
549 2892 735 2969 medicina,
753 2908 791 2954 se
807 2892 843 2954 in
858 2891 924 2953 iter
940 2890 1047 2969 dedit,
1062 2901 1097 2954 et
1112 2890 1215 2955 simul
1230 2900 1336 2972 atque
1355 2896 1510 2973 peregri·

276 3000 460 3063 nationem
476 2999 671 3076 inchoavit,
687 2998 812 3061 melius
826 2997 958 3061 habere
973 2998 1105 3075 coepit;
1121 3006 1248 3061 etcum
1260 3001 1447 3063 ecclesiam
1460 3002 1510 3064 in·

270 3122 428 3187 gressus
450 3116 513 3184 est,
538 3104 612 3185 jam
637 3104 780 3168 omnino
806 3120 914 3166 sanus
938 3104 1115 3182 baculum,
1141 3105 1200 3168 cui
1221 3105 1446 3183 innitebatur,
1475 3110 1511 3171 in

272 3215 392 3278 altum
421 3214 535 3276 erexit
563 3230 644 3275 cum
673 3227 804 3291 magna
830 3212 988 3274 omnium
1015 3211 1266 3291 admiratione;
1297 3222 1332 3276 et
1360 3224 1509 3295 uterque

275 3338 415 3395 eorum,
432 3330 471 3384 ut
485 3319 570 3399 dixi,
588 3318 732 3382 Rectori
750 3318 935 3382 consessus
949 3326 1014 3381 est.

345 3426 411 3490 198.
456 3425 525 3490 Sed
552 3426 596 3489 de
621 3426 812 3503 miraculis,
839 3425 922 3503 quia
943 3433 1136 3489 tractatum
1155 3428 1370 3507 peculiarem
1393 3429 1512 3509 requi·

278 3544 376 3611 runt,
393 3533 432 3595 P.
449 3532 610 3613 Raphael
623 3532 731 3596 Riera
748 3541 940 3595 tractatum
954 3532 1160 3611 singillatim
1176 3534 1327 3597 confecit
1344 3534 1365 3614 ¹3
1379 3544 1414 3598 et
1431 3535 1512 3599 ideo

272 3642 326 3704 ab
341 3643 393 3705 eis
409 3641 621 3704 enarrandis
637 3642 673 3703 in
687 3648 870 3720 posterum
883 3639 1134 3719 supersedebo.

346 3748 412 3810 199.
456 3746 651 3811 Lauretani
674 3746 846 3826 paulatim
873 3745 966 3809 affici
992 3747 1124 3809 nostris
1151 3748 1376 3829 incipiebant,
1404 3760 1439 3813 et
1467 3752 1513 3815 ad

274 3854 546 3936 aegrotantium
561 3853 802 3917 confessiones
817 3852 1012 3916 audiendas
1027 3862 1061 3916 et
1079 3855 1285 3918 eorumdem
1301 3858 1513 3921 consolatio·

271 3980 363 4027 ‘nem
378 3978 439 4025 eos
454 3960 671 4025 evocabant.

341 4066 412 4132 200.
456 4067 510 4131 Ex
525 4067 665 4147 oppidis
684 4064 824 4145 Cinguli
850 4075 885 4129 et
907 4066 1074 4130 Montecii
1100 4066 1111 4098 ¹
1136 4068 1367 4133 confessionis
1393 4074 1513 4151 gratia

282 4184 393 4192 -οο-
404 4185 409 4189 -
443 4183 495 4190 m...-

321 4236 331 4268 ¹
359 4240 386 4277 ·.'
405 4235 451 4279 De·
462 4235 580 4279 miracoli
591 4236 660 4279 della
668 4235 696 4279 B.
708 4236 740 4278 V.
752 4234 785 4279 M.
796 4236 821 4279 di
832 4235 937 4279 Loreto.
946 4235 1087 4290 Maceratn,
1097 4236 1235 4282 slortellini
1247 4240 1307 4291 1573,
1315 4242 1443 4288 8.⁰-lbld.
1453 4246 1512 4297 1575,

276 4306 465 4361 rol=n·2pres
488 4308 511 4351 le
529 4307 558 4350 P.
575 4307 717 4351 Possevino
736 4316 776 4351 cet
794 4319 909 4362 ouvrage
926 4316 964 4351 est
981 4319 1013 4352 en
1023 4309 1122 4362 italien;
1133 4310 1235 4364 d’apras
1258 4310 1364 4357 Sotweil
1384 4316 1401 4358 il
1416 4318 1514 4361 semble

172 4440 176 4446 ι
274 4384 336 4423 erre
348 4390 378 4421 en
388 4378 476 4431 latin...
486 4378 685 4427 Souunarooan,
698 4378 883 4433 mortaliaque
894 4380 943 4422 eles
958 4381 1097 4423 ocrivoins
1112 4381 1145 4424 de
1160 4382 1187 4424 ia
1203 4382 1366 4437 Compagnre
1378 4387 1411 4430 de
1421 4387 1512 4441 Jesus,

277 4460 300 4494 t.
311 4460 348 4500 vr,
359 4449 408 4493 col.
425 4450 703 4493 lSi3.-R1vanasama
718 4452 744 4494 ln
761 4462 808 4495 suo
826 4453 869 4495 illo
889 4451 1012 4505 catologo
1027 4452 1205 4506 Scriptorum,
1222 4458 1266 4509 qui
1276 4458 1347 4501 basis
1363 4467 1402 4503 est
1418 4466 1444 4503 et
1459 4461 1514 4504 inn-

272 4522 429 4565 dnmentnm
439 4522 612 4575 posteriorum
623 4522 786 4576 Allegnmbe,
798 4521 911 4566 Sotwell.
923 4522 1026 4566 Bacirer
1036 4532 1062 4566 et
1074 4523 1269 4580 Sommervogel
1278 4540 1391 4582 operum,
1402 4532 1450 4574 boc
1462 4538 1517 4575 tan·

277 4602 337 4637 anm
354 4592 440 4636 habet:
454 4592 595 4637 “Raetiam-
610 4593 697 4645 kiera,
708 4596 811 4639 natione
830 4594 968 4648 Hispanus,
983 4598 1071 4648 patria
1087 4596 1294 4649 Barcinonensis,
1309 4603 1415 4656 scripsit
1427 4604 1515 4647 italice

279 4662 322 4707 Dr
337 4674 407 4707 anno
417 4663 540 4717 jubilaei
553 4664 681 4709 MDLXX
688 4665 714 4709 1'.
729 4664 801 4715 Item,
812 4666 853 4709 De
868 4665 1011 4709 Miroruiis
1021 4666 1049 4711 B.
1066 4666 1172 4711 Manlau
1193 4668 1312 4725 Vargim's
1330 4674 1515 4721 Laureionoae.

324 4734 336 4765 ί
366 4732 467 4788 ctngotl
476 4742 502 4778 et
515 4734 672 4781 Monreciro.

393 4822 433 4882 T.
449 4840 476 4881 v.
1355 4835 1371 4889 6
