3717 5400
831 503 895 562 Aa.
918 503 988 562 1555
1468 500 1524 560 295

288 649 491 726 hortamini,
504 651 638 729 largaS,
651 650 798 729 scilicet,
812 651 1068 730 eleemosynas,
1081 666 1170 730 quas
1184 667 1248 712 vos
1260 666 1331 712 nou
1342 648 1518 728 accipitis,

283 766 322 820 et
338 755 540 837 frequentes
554 757 806 835 consessiones
822 773 914 837 quae
927 756 1036 819 etiam
1050 756 1087 819 iu
1103 756 1262 836 ipsorum
1276 755 1406 818 cedunt
1425 755 1518 818 utili-

288 872 411 943 tatem,
428 881 509 928 eum
523 880 590 927 vos
604 863 728 928 audire
742 880 814 926 non
837 863 1011 944 possitis,

346 969 417 1034 804.
461 968 521 1036 Sic
535 987 623 1052 ergo
638 987 676 1034 se
690 970 838 1051 gerebat
853 969 888 1034 P.
907 969 1089 1034 Arnoldus
1108 968 1259 1048 HezeuS,
1282 970 1342 1050 qui
1363 969 1409 1032 ad
1428 968 1519 1032 duos

287 1079 344 1140 vel
359 1086 431 1141 tres
444 1095 585 1142 menses
599 1078 729 1142 missus
743 1077 870 1157 suerat,
896 1077 1050 1154 interim,
1077 1075 1161 1141 dum
1186 1076 1331 1158 quidam
1353 1075 1443 1138 alius
1463 1093 1518 1138 sa·

283 1182 449 1247 cerdosa
471 1183 682 1264 quibusdam
705 1183 860 1263 negotiis
884 1201 922 1247 se
948 1183 1168 1264 expediebat,
1196 1184 1255 1246 cui
1277 1182 1316 1247 P.
1339 1181 1519 1264 Jordanus

286 1306 521 1354 successurus
534 1300 612 1354 erat
626 1297 646 1354 ³.
662 1290 834 1371 Quamvis
849 1301 968 1353 autem
983 1290 1015 1353 ei
1029 1290 1202 1354 successit
1221 1300 1259 1353 ut
1274 1290 1480 1369 capellanus
1491 1289 1515 1366 ',

286 1396 515 1461 nihilominus
528 1407 567 1461 ut
582 1399 870 1462 concionatorem
884 1396 1017 1461 diutius
1032 1397 1184 1460 retinere
1196 1396 1234 1459 P.
1243 1395 1444 1461 Arnoldum
1458 1415 1516 1460 cu·

288 1503 441 1584 piebant;
458 1515 493 1568 et
508 1506 553 1568 ob
571 1504 725 1568 fructum
749 1504 970 1585 spiritualem
989 1503 1025 1566 id
1043 1504 1114 1568 illis
1132 1503 1515 1582 Chutembergensibus

285 1627 498 1675 concessum
513 1621 576 1675 est.

347 1716 419 1781 8115.
462 1719 552 1782 Cum
566 1729 685 1782 autem
709 1729 823 1782 mater
836 1717 1000 1782 Rectoris
1023 1717 1176 1783 Adriani
1199 1735 1281 1782 eum
1299 1728 1462 1799 rogasset
1478 1728 1515 1781 ut

288 1823 325 1887 in
340 1824 528 1888 Olandiam
543 1825 587 1888 ad
602 1826 856 1889 monasterium
870 1825 1049 1906 quoddam
1063 1826 1271 1888 monialium
1289 1823 1515 1888 invisendum

286 1932 363 2011 iret,
379 1933 439 1996 ubi
451 1933 586 2012 aliquot
597 1933 749 1996 habebat
761 1932 1057 2012 consanguineas,
1071 1940 1106 1996 et
1120 1933 1399 1996 dissensionibus
1410 1932 1514 1995 valde

285 2039 484 2118 laborabat,
502 2038 691 2103 Schiedam
704 2037 728 2118 ⁸,
743 2039 804 2103 ubi
817 2041 1073 2104 monasterium
1087 2050 1176 2118 erat,
1193 2040 1366 2119 pervenit,
1382 2040 1513 2103 mansit

282 2145 417 2210 ibidem
437 2145 531 2210 diem
546 2165 627 2210 cum
648 2146 803 2224 dimidio,
820 2157 854 2210 et
877 2147 932 2210 bis
957 2148 1190 2210 concionatus
1214 2155 1279 2224 est,
1305 2156 1340 2209 et
1363 2156 1514 2226 utraque

282 2253 395 2318 factio
411 2254 659 2333 religiosarum
674 2255 761 2317 satis
776 2264 953 2318 commota
968 2255 1032 2316 luit
1047 2262 1082 2317 et
1093 2253 1334 2317 deliberarunt
1348 2253 1385 2316 in
1398 2262 1512 2333 poste·

282 2377 366 2423 rum
376 2360 495 2423 facere
507 2360 675 2441 quidquid
689 2362 890 2424 visitatores
901 2360 1102 2424 faciendum
1110 2361 1197 2440 ipsis
1204 2359 1417 2439 judicarent;
1429 2377 1512 2423 nam

279 2466 445 2546 pluribus
460 2467 574 2546 annis,
595 2477 739 2547 propter
759 2467 916 2542 dissidia,
935 2467 1077 2531 induas
1095 2476 1217 2548 partes
1236 2476 1337 2530 erant
1360 2466 1510 2530 divisae.

280 2571 322 2636 ln
337 2575 407 2636 alio
421 2574 638 2638 monasterio
653 2573 809 2653 ejusdem
824 2574 944 2654 oppidi
959 2574 1189 2637 concionatus
1204 2575 1311 2636 etiam
1325 2583 1390 2636 est.

340 2679 411 2744 806.
456 2679 604 2745 Gandae
616 2679 627 2711 ⁴
639 2681 759 2763 itidem
770 2700 839 2745 uno
857 2681 913 2745 die
933 2682 970 2746 in
987 2681 1124 2745 duobus
1138 2680 1364 2746 monasteriis
1375 2680 1512 2745 concio·

282 2806 347 2853 nes
361 2789 495 2867 habuit,
507 2786 816 2870 priusTrajectum
832 2788 980 2853 inferius
991 2789 1003 2821 ³
1014 2798 1173 2869 venerat,
1190 2807 1260 2852 una
1277 2806 1359 2853 eum
1376 2788 1512 2852 decano

280 2896 610 2975 Chutembergensi.
626 2897 688 2960 Est
703 2906 821 2960 autem
836 2916 879 2959 ea
893 2897 1022 2960 civitas
1036 2897 1258 2977 Episcopalis
1272 2896 1385 2972 sedes
1401 2906 1437 2959 et
1451 2896 1511 2958 ibi·

281 3002 412 3067 demin
427 3004 565 3067 duobus
578 3004 778 3084 praecipuis
792 3004 1029 3083 monasteriiS,
1046 3004 1196 3067 multum
1209 3003 1345 3067 favoris
1357 3002 1511 3066 Domino

282 3111 509 3189 concedente,
521 3120 574 3173 est
586 3112 830 3174 concionatus
845 3110 1006 3189 Rogatus
1018 3110 1143 3174 deinde
1153 3111 1197 3173 ab
1208 3112 1345 3190 hospite
1356 3127 1434 3188 suo,
1447 3111 1508 3190 qui

280 3217 476 3281 canonicus
491 3226 567 3281 erat
582 3217 783 3297 primarius,
799 3231 838 3281 ut
859 3218 1029 3297 postridie
1050 3219 1086 3281 in
1104 3218 1321 3283 monasterio
1341 3219 1505 3298 proximo

280 3324 565 3402 concionaretur,
581 3326 715 3405 recepit
731 3343 769 3389 se
779 3326 967 3402 facturum
981 3326 1122 3388 nolebat
1137 3337 1255 3389 tamen
1266 3326 1400 3405 pulsari
1415 3343 1508 3388 cam·

282 3446 414 3510 panam
428 3431 473 3493 ad
486 3432 596 3511 ipsius
612 3432 811 3510 conciones,
828 3432 910 3512 quia
930 3448 1001 3495 non
1022 3441 1084 3495 tan
1101 3432 1319 3510 concionari,
1341 3433 1507 3513 quamde

282 3536 525 3618 spiritualibus
546 3538 652 3602 rebus
675 3539 816 3603 tradere
841 3539 959 3619 aliqua
983 3539 1196 3603 documenta
1214 3538 1328 3602 videri
1350 3540 1505 3602 volebat.

284 3642 428 3708 Plurimi
443 3645 670 3708 nihilominus
684 3646 823 3708 externi
833 3644 1012 3708 auditores
1025 3642 1250 3726 [adfuerunt],
1263 3654 1298 3707 et
1310 3645 1357 3708 ibi
1368 3647 1509 3708 concio-

320 3883 329 3916 ¹
357 3882 408 3937 Sic,
419 3884 463 3927 sed
474 3885 575 3928 librarii
586 3886 705 3929 mendum
715 3886 849 3940 irrepslsse
861 3886 902 3929 hic
915 3886 1021 3930 videtur
1033 3894 1059 3930 et
1070 3896 1118 3940 pro
1133 3896 1308 3931 successurus
1322 3888 1382 3929 erat
1391 3885 1506 3929 scriben-

275 3956 340 4000 dum
349 3962 524 4001 successerat.
537 3956 611 4000 Haud
619 3958 686 4001 enirn
696 3969 755 4011 spes
764 3970 821 4001 esse
830 3966 934 4012 poterat
942 3970 1121 4003 succensurum
1129 3958 1158 4002 P.
1167 3958 1315 4011 Jordauum,
1326 3958 1369 4012 qui
1379 3956 1505 4001 societati

279 4037 307 4069 ee
317 4028 425 4071 dederat
435 4036 461 4071 et
472 4039 558 4071 mense
569 4030 687 4083 Augusto
698 4028 806 4074 Romam
815 4031 976 4085 probationis
985 4041 1065 4074 cause
1079 4030 1199 4085 petierat.
1212 4029 1278 4072 Vide
1287 4040 1375 4084 supra,
1391 4039 1450 4083 pag.
1464 4030 1506 4071 292

271 4104 301 4141 et
311 4098 452 4153 mum.

316 4170 327 4202 ¹
354 4170 466 4215 Scilicet:
477 4175 604 4226 quamvis
619 4175 709 4217 autem
722 4174 800 4215 Patri
815 4173 931 4217 Arnoldo
946 4175 1076 4218 successu
1091 4174 1137 4217 ille
1148 4173 1221 4216 alius
1235 4174 1360 4217 sacerdos
1371 4176 1400 4216 ut
1415 4173 1503 4226 capel·

271 4240 385 4288 danus...

314 4310 326 4346 ⁸
354 4313 441 4359 Primo
459 4315 584 4369 scriptum
598 4322 657 4359 erat
667 4316 805 4369 geuidam,
815 4316 859 4359 sed
874 4317 922 4360 hoc
933 4318 1002 4360 linea
1011 4328 1090 4370 super
1103 4318 1181 4362 ducta
1191 4318 1286 4366 deleto.
1296 4317 1505 4371 suprascriptum

271 4390 325 4437 eet,
337 4386 456 4440 quamvis
465 4388 631 4441 subobscure,
641 4386 787 4431 schiedam.
799 4387 847 4431 Est
857 4395 944 4432 autem
955 4388 1093 4433 Schiedam
1101 4388 1225 4432 Oleudlae
1235 4388 1356 4443 oppidum
1367 4399 1417 4431 nou
1427 4390 1505 4441 longe

272 4455 379 4501 ‘distans
389 4459 422 4501 ab
432 4460 497 4501 urbe
509 4458 673 4503 Rotterdam.

315 4530 328 4562 ⁴
355 4528 455 4583 Gauda,
471 4538 562 4584 postea
578 4531 743 4576 Gandavium
757 4540 783 4576 et
794 4532 957 4586 Gandavum,
972 4532 1051 4586 vulgo
1062 4530 1175 4581 Ghentd,
1185 4532 1269 4576 Gallie
1279 4530 1366 4583 Gand,
1382 4530 1508 4586 Hispanis

272 4606 303 4643 et
314 4600 389 4645 italie
401 4602 495 4654 Gante,
506 4605 567 4647 urbs
578 4612 618 4648 eet
629 4604 768 4649 Flandrlee
779 4614 865 4659 caput.
876 4604 1003 4655 Fanum,
1013 4604 1130 4649 Lexicon
1139 4602 1358 4658 geographiam.

316 4670 328 4703 ⁸
354 4670 504 4728 Traiectum
515 4674 631 4727 inferius,
641 4687 686 4719 seu
696 4674 846 4731 Traiectum
856 4677 888 4719 ad
899 4676 1025 4726 Rhenum,
1035 4682 1061 4719 et
1070 4675 1253 4731 Ultrejectum,
1269 4674 1384 4728 Utrecht,
1394 4680 1456 4721 urbs
1468 4685 1509 4720 est

276 4744 366 4798 ampla
376 4744 469 4799 Belgll,
479 4752 506 4788 et
516 4746 619 4790 dominil
630 4745 830 4802 UltraJeetensls
840 4754 927 4802 caput.
939 4748 982 4799 lo..
995 4748 1059 4791 ibid.
