3717 5400
374 439 428 499 192
831 440 960 500 Cuaou.
981 437 1062 498 Soc.
1083 438 1154 511 Jes.

370 591 416 653 ad
431 591 525 671 quod
540 593 632 654 aliae
646 592 779 653 multae
797 591 1015 670 aspirabant.
1037 588 1119 653 Alia
1138 590 1244 652 etiam
1265 590 1434 652 meretrix
1457 589 1529 654 sere
1551 591 1602 652 vi·

369 701 462 780 giuti
473 717 647 762 annorum
656 700 693 762 in
703 699 863 762 eamdem
874 698 1096 777 probationis
1107 697 1296 760 domumse
1308 699 1452 777 recepit;
1467 707 1501 760 et
1511 700 1602 762 aliae

371 808 605 870 movebantur
621 804 698 885 ejus
722 807 876 884 generis3
902 823 969 868 nec
984 804 1107 869 domus
1133 806 1192 867 illa
1217 805 1436 883 probationis
1462 804 1507 868 ad
1528 817 1601 869 tam

370 916 502 976 multas
515 915 738 993 recipiendas
758 915 845 975 satis
865 922 943 976 erat
963 929 1090 990 capax,
1112 929 1203 991 quae
1220 911 1228 942 ¹
1249 913 1388 990 ingredi
1413 929 1455 974 eo
1471 913 1600 982 voluis·

371 1031 462 1099 sent;
479 1029 513 1083 et
528 1019 704 1083 Panormo
720 1023 809 1083 haec
825 1021 947 1083 ultima
968 1029 1132 1097 venerat,
1153 1029 1191 1081 ut
1206 1018 1217 1048 ²
1236 1019 1422 1082 Messanae
1442 1019 1600 1084 admitte·

369 1136 479 1205 retur,
496 1128 621 1191 favore
636 1127 811 1192 Ducissae
825 1127 983 1190 Bibonae
999 1125 1010 1157 ³
1026 1127 1246 1206 interposito.

429 1236 501 1299 553.
545 1235 658 1299 Varia
684 1237 792 1298 etiam
819 1235 1037 1298 monasteria
1063 1235 1268 1298 monialium
1294 1235 1398 1297 valde
1423 1243 1599 1298 commota

370 1353 483 1422 erant,
500 1352 534 1405 et
547 1342 649 1422 juxta
663 1343 813 1406 instituti
830 1343 885 1406 sui
900 1343 1075 1406 rationem
1091 1360 1133 1404 ac
1156 1353 1260 1421 prout
1280 1342 1466 1419 debebant,
1490 1342 1599 1405 vitam

369 1451 554 1514 instituere
566 1451 766 1531 cupiebant.
778 1451 866 1512 Erat
881 1459 1000 1512 autem
1011 1450 1047 1512 in
1059 1467 1101 1512 ea
1113 1448 1200 1511 urbe
1211 1466 1342 1528 magna
1355 1448 1552 1512 aedificatio
1565 1461 1598 1511 et

368 1559 567 1622 satisfactio
576 1560 788 1622 concionum
797 1556 1054 1635 PatrisOttelli,
1064 1557 1158 1637 quod
1170 1555 1272 1620 facile
1284 1567 1337 1619 est
1349 1557 1505 1634 credere,
1518 1573 1599 1619 cum

369 1675 444 1728 tam
459 1667 558 1729 multi
574 1664 649 1744 cius
663 1665 894 1728 concionibus
911 1663 1022 1743 adjuti
1037 1675 1166 1727 essent.

429 1775 500 1837 554.
544 1775 731 1837 Admissus
749 1771 815 1836 suit
834 1773 871 1834 in
886 1770 1099 1835 Societatem
1119 1773 1286 1834 sacerdos
1306 1771 1449 1851 quidam
1470 1788 1597 1850 neapo·

368 1884 499 1946 litanus
513 1882 662 1946 Carolus
677 1882 837 1958 nomine;
854 1890 889 1942 et
904 1891 977 1943 tres
994 1880 1053 1943 alii
1069 1891 1129 1942 aut
1149 1888 1311 1959 quatuor,
1339 1880 1399 1959 qui
1424 1879 1459 1940 in
1485 1879 1598 1941 sacris

366 1990 552 2054 ordinibus
565 2007 636 2052 non
652 1998 764 2066 erant,
781 1991 874 2050 inter
888 1990 1021 2050 multos
1036 1988 1096 2067 qui
1111 1987 1146 2050 id
1163 1987 1348 2066 optabant,
1366 1985 1510 2048 admissi
1525 1985 1596 2049 lue·

368 2107 466 2175 runt3
484 2098 577 2160 inter
592 2113 692 2176 quos,
713 2112 804 2158 unus
825 2095 890 2157 luit
914 2095 1052 2171 juvenis
1075 2093 1111 2156 18
1131 2110 1244 2156 annos
1266 2102 1382 2170 natuS,
1406 2093 1466 2172 qui
1488 2092 1596 2155 Colle·

366 2207 466 2285 glum
479 2206 673 2284 ingressus
686 2205 781 2266 nulla
793 2203 874 2265 inde
887 2204 1027 2265 ratione
1043 2201 1209 2264 recedere
1222 2202 1373 2278 uolebat,
1387 2209 1421 2262 et
1433 2201 1514 2278 quia
1526 2217 1597 2263 non

368 2313 557 2376 videbatur
572 2310 738 2389 expedire
753 2318 791 2372 ut
811 2328 853 2372 ea
868 2310 1006 2372 ratione
1022 2309 1209 2389 quisquam
1223 2308 1479 2386 admitteretur,
1497 2325 1596 2372 cura-

368 2432 441 2483 tum
457 2428 563 2481 estut
579 2417 753 2482 Straticus
768 2415 780 2446 ⁴
795 2418 947 2496 aliquem
963 2418 1130 2492 mitteret,
1147 2416 1206 2495 qui
1227 2416 1367 2495 publica
1386 2416 1596 2480 auctoritate

367 2531 626 2606 lacrymantem
648 2524 815 2605 juvenem
840 2543 884 2587 ex
910 2523 1069 2602 Collegio
1095 2523 1233 2601 eduxit;
1260 2524 1320 2602 qui
1347 2532 1466 2586 tamen
1494 2540 1596 2586 suum

368 2634 590 2714 propositum
604 2633 747 2694 minime
763 2632 892 2695 omisit.
909 2631 1004 2694 Inter
1020 2633 1085 2693 hos
1100 2631 1218 2708 etiam,
1243 2631 1303 2711 qui
1326 2631 1531 2709 aspirabant
1550 2629 1595 2692 ad

367 2741 593 2817 Societatem,
609 2750 686 2803 erat
700 2740 878 2819 Georgius
892 2738 1125 2817 Ventimiglia
1141 2736 1163 2817 ³,
1181 2739 1241 2819 qui
1256 2748 1378 2818 postea
1394 2739 1429 2800 in
1441 2736 1595 2801 Societa-

366 2857 438 2911 tem
452 2856 506 2910 est
521 2847 707 2910 admissus

425 2956 496 3017 555.
540 2954 652 3017 Erant
668 2964 786 3016 autem
800 2972 846 3016 ex
859 2955 991 3016 nostris
1005 2952 1229 3034 [Messanae],
1243 2954 1356 3016 tribus
1368 2953 1593 3033 computatis,

365 3062 475 3142 quiin
491 3062 621 3140 oppido
635 3061 744 3124 Italae
759 3061 1009 3139 versabantur,
1027 3062 1172 3141 triginta
1189 3071 1324 3140 septem
1339 3061 1405 3123 sub
1425 3060 1463 3123 P.
1486 3060 1593 3123 Anni·

363 3170 444 3231 bale
459 3170 503 3231 de
518 3168 708 3246 Coudreto,
726 3166 878 3231 Rectore
893 3186 1004 3249 usque
1021 3168 1066 3231 ad
1080 3167 1282 3246 Augustum
1303 3184 1471 3230 mensem.
1495 3166 1594 3229 Tunc

362 3276 459 3339 enim
474 3275 512 3336 P.
529 3274 705 3338 Antonius
720 3273 839 3337 Vinck
854 3274 1017 3337 Rectoris
1033 3291 1154 3338 curam
1170 3276 1337 3355 suscepit.

424 3382 495 3444 556.
539 3383 629 3446 Cum
643 3391 761 3445 autem
778 3383 979 3445 Messanam
994 3382 1149 3445 venisset
1161 3383 1316 3464 Joannes
1328 3382 1371 3444 de
1386 3382 1487 3444 Luna
1498 3380 1521 3459 ⁶,
1536 3382 1595 3463 qui

364 3489 412 3552 ad
425 3490 613 3568 pristinum
628 3507 757 3551 nomen
772 3488 985 3551 Asdrubalis
1000 3489 1115 3565 rediit,
1133 3506 1213 3551 cum
1231 3489 1371 3567 Angelo
1393 3488 1542 3569 Joannis
1561 3498 1595 3553 et

363 3594 470 3659 Petro
484 3595 648 3659 Faraone
669 3606 703 3658 et
725 3595 937 3675 quibusdam
960 3596 1039 3657 aliis
1061 3594 1196 3657 Romae
1218 3596 1373 3658 dimissis
1395 3614 1415 3658 a
1438 3594 1593 3659 Societa-

364 3713 399 3765 te
414 3702 442 3781 ⁷,
459 3721 530 3765 non
551 3721 676 3782 parum
701 3704 839 3765 animos
862 3704 1097 3781 quorumdam
1120 3702 1307 3767 Messanae
1330 3704 1591 3781 perturbarunt,

361 3936 365 3939 ·
405 3927 413 3957 ¹
441 3925 488 3970 Ms.
498 3926 577 3969 babet
589 3927 669 3979 quod.

405 3998 416 4026 ²
444 3998 491 4042 Ms.
503 4000 582 4042 nubet
593 4002 617 4041 et
629 4002 667 4041 ut.

404 4071 416 4103 ³
441 4071 508 4114 Vide
520 4082 606 4123 surita,
615 4082 674 4124 pag.
687 4071 733 4118 183,
745 4082 769 4112 n.
779 4070 827 4113 528.

402 4144 414 4177 Ι
441 4143 509 4186 Vide
519 4154 607 4196 supra,
618 4149 636 4186 t.
648 4154 686 4190 ur,
697 4153 758 4196 pag.
770 4143 816 4195 191,
827 4153 851 4184 n.
861 4141 910 4191 402,
921 4148 1009 4184 annot.
1020 4141 1040 4185 2,

403 4241 416 4274 ³
441 4241 547 4284 Polanci
570 4241 692 4284 librarius
707 4240 811 4294 scripsit
823 4225 876 4311 ἐς
887 4240 933 4283 sed
944 4240 1086 4285 Sacclrinus
1097 4241 1122 4285 ln
1132 4252 1179 4284 ora
1190 4242 1300 4295 paginae
1317 4240 1495 4283 Vintimilr'us.

402 4335 415 4369 θ
441 4338 509 4382 Vide
519 4349 607 4391 supra,
616 4344 636 4381 t.
647 4350 684 4388 ιν,
693 4350 753 4393 pag.
764 4340 811 4383 227.
823 4353 847 4383 n.
857 4340 906 4391 509,
918 4346 1005 4383 annot.
1019 4340 1039 4383 1,

403 4410 414 4441 ²
442 4409 572 4452 “Estando
583 4422 616 4466 yo
626 4421 658 4453 en
669 4411 692 4453 el
704 4410 809 4463 Coleglo
819 4412 851 4453 de
862 4411 945 4455 Roma
956 4412 1071 4465 despidio
1082 4412 1103 4455 N
1106 4420 1194 4457 uestro
1210 4413 1306 4464 Padre,
1322 4413 1353 4454 de
1369 4418 1446 4455 sunta
1460 4412 1593 4464 memoria.

361 4493 410 4536 por
419 4481 520 4525 Pascua
530 4482 561 4524 de
573 4480 688 4536 Esplrltu
699 4482 780 4525 Santo
792 4493 854 4525 once
865 4486 880 4525 o
890 4484 954 4525 doce
965 4484 996 4525 de
1007 4484 1032 4525 la
1044 4483 1194 4537 Compuilla,
1204 4486 1242 4527 los
1252 4487 1307 4528 mas
1317 4485 1348 4527 de
1359 4486 1424 4527 ellos
1432 4482 1594 4527 estudiantes

360 4554 498 4611 yalgunos
509 4553 647 4596 hermanos
657 4554 831 4607 coadjutores.
842 4552 866 4596 Y
877 4564 978 4607 aunque
994 4554 1035 4597 lue
1053 4556 1152 4607 grande
1168 4557 1190 4599 el
1209 4558 1314 4599 numero
1331 4557 1362 4599 de
1379 4558 1416 4599 los
1432 4554 1592 4609 despedldos,

361 4635 408 4680 por
419 4626 445 4668 lu
455 4626 601 4668 resoluclon
611 4626 709 4678 grande
720 4636 827 4679 conque
838 4625 951 4669 Nuestro
964 4626 1048 4668 Padre
1059 4628 1099 4669 los
1109 4627 1224 4683 despidio
1234 4640 1251 4684 y
1262 4629 1450 4673 inconstancia
1464 4638 1513 4682 que
1529 4633 1592 4671 turo

359 4707 393 4740 en
403 4708 435 4741 uo
446 4695 552 4739 admitir
563 4697 716 4740 interceslon
728 4697 753 4739 ni
764 4708 858 4751 ruegos
867 4708 915 4751 por
925 4698 1039 4753 ninguuo
1049 4698 1138 4753 dellos,
1150 4712 1177 4746 se
1189 4701 1309 4747 entendio
1320 4712 1369 4755 que
1379 4702 1419 4745 les
1434 4710 1528 4745 causes
1543 4710 1591 4754 que
