3717 5400
810 521 870 579 aa.
894 521 964 579 aas
1445 509 1502 580 aar

273 659 339 746 est,
366 676 401 731 et
422 669 509 731 satis
528 668 699 731 intellexit
721 668 911 731 indomitas
932 668 979 731 ibi
1002 668 1140 749 aliquas
1162 683 1241 731 esse
1265 667 1441 746 mulieres
1466 677 1506 730 et·

270 791 343 846 non
357 792 494 855 paucos
509 793 598 854 esse,
616 776 676 856 qui
691 783 815 838 earum
829 775 1028 838 libertatem
1043 774 1216 838 soverent.

330 879 400 946 963.
446 881 600 963 Optabat
620 893 739 946 autem
758 883 867 945 semel
887 899 1011 946 earum
1031 882 1155 946 audire
1180 871 1438 958 consessiones,
1462 891 1501 944 ut

272 1006 333 1052 eas
352 989 533 1069 sigillatim
553 990 589 1053 in
610 989 765 1052 Domino
788 989 941 1068 Juvaret3
968 989 1031 1052 sed
1056 989 1136 1052 illae
1155 1007 1220 1070 pro
1240 1007 1304 1052 suo
1326 989 1501 1052 arbitratu

271 1097 528 1160 confessarium
542 1097 607 1160 sibi
622 1096 834 1176 deligebant.
851 1095 1003 1160 Prorsus
1018 1105 1136 1160 autem
1150 1096 1321 1160 intellexit
1336 1097 1498 1160 sine'ullu

271 1204 308 1267 vi
320 1203 584 1285 procedendum
599 1223 690 1284 esse,
705 1205 787 1268 licet
802 1221 968 1268 coercere
984 1205 1063 1268 illas
1078 1221 1185 1285 quam
1198 1205 1353 1268 maxime
1368 1215 1502 1285 posset,

207 1309 210 1316 ’
270 1321 305 1374 et
330 1320 473 1390 praeter
498 1311 760 1375 reformationis
786 1311 960 1391 officium,
989 1312 1025 1375 in
1050 1311 1120 1374 alio
1151 1312 1278 1392 quovis
1303 1312 1502 1374 ministerio

270 1419 366 1498 grati
380 1435 458 1482 esse
472 1418 582 1482 futuri
601 1419 828 1498 videbantur;
850 1430 884 1482 et
906 1419 956 1482 ita
979 1418 1160 1483 constituit
1179 1427 1342 1499 patentes
1361 1419 1501 1482 litteras

270 1543 356 1588 suae
371 1527 557 1605 potestatis
580 1527 631 1590 eis
651 1545 721 1615 non
742 1526 939 1590 ostendere.
960 1525 1214 1606 Experimento
1233 1526 1340 1588 etiam
1363 1524 1499 1601 didicit,

270 1632 316 1694 ad
335 1631 535 1711 hujusmodi
554 1633 788 1697 ministerium
806 1635 953 1713 missos,
979 1651 1052 1697 non
1073 1633 1202 1696 debere
1226 1651 1272 1696 ex
1296 1631 1503 1694 mendicato·

270 1739 404 1817 vivere,
430 1740 467 1803 in
492 1740 578 1803 locis
604 1742 814 1820 praesertim
838 1742 1042 1822 Brugnolae
1066 1741 1249 1818 similibus;
1272 1739 1296 1802 ii
1320 1739 1414 1802 enim
1438 1739 1500 1818 qui

270 1849 413 1927 negotia
429 1846 628 1910 Cardinalis
642 1847 725 1911 55³0
740 1847 865 1911 Crucis
882 1849 1036 1928 agebant
1052 1847 1122 1928 (qui
1136 1848 1205 1909 hoc
1219 1855 1377 1926 tempore
1399 1844 1503 1924 Papa·

269 1953 458 2017 Marcellus
473 1955 572 2033 erat),
590 1955 633 2018 de
647 1956 744 2019 victu
761 1956 857 2019 nulla
873 1956 1012 2018 ratione
1025 1954 1157 2017 nostris
1173 1953 1447 2033 prospiciebant,
1461 1963 1498 2016 et

270 2061 480 2124 monialibus
494 2072 635 2140 gratum
650 2062 727 2126 fore
741 2062 940 2141 videbatur,
957 2063 988 2125 si
999 2063 1111 2125 nostri
1126 2061 1218 2124 fame
1230 2061 1402 2140 compulsi
1414 2060 1497 2124 inde

272 2170 489 2231 recederent.
507 2168 589 2232 Alia
605 2178 723 2232 tamen
739 2169 798 2232 via
819 2170 959 2232 cutavit
973 2168 1012 2232 P.
1036 2167 1184 2231 Pontius
1206 2169 1409 2231 necessaria
1431 2169 1500 2233 sibi

271 2275 534 2339 subministrari
549 2276 569 2340 ¹.

330 2381 401 2446 964.
444 2382 518 2447 Sub
538 2384 643 2447 finem
664 2395 783 2448 autem
802 2384 949 2465 Aprilis,
973 2385 1008 2447 in
1030 2386 1284 2465 gravissimam
1309 2383 1500 2464 aegritudi-

270 2507 352 2553 nem
372 2491 548 2568 incidenS‚
574 2493 755 2570 negotium
770 2491 1033 2555 reformationis
1054 2491 1130 2570 ejus
1155 2491 1380 2570 monasterii,
1407 2507 1500 2570 quae
1527 2501 1530 2504 ’

270 2597 443 2677 paulatim
457 2615 662 2662 successum
677 2598 830 2679 aliquem
844 2599 1009 2662 habitura
1024 2599 1223 2677 videbatur,
1241 2599 1392 2678 reliquit.
1416 2597 1500 2661 Fuit

270 2716 389 2769 autem
404 2722 476 2768 tam
490 2706 614 2785 gravis
630 2708 828 2785 aegritudo,
845 2717 987 2788 tamque
1003 2707 1180 2785 diuturna,
1197 2716 1235 2770 ut
1250 2707 1393 2787 saepius
1407 2725 1499 2770 mor·

270 2821 342 2876 tem
360 2832 431 2876 non
456 2830 630 2876 evasurus
649 2832 726 2877 esse
750 2814 942 2894 videretur3
963 2814 1119 2878 refluxus
1138 2813 1282 2895 quidam
1304 2814 1357 2877 sic
1379 2814 1498 2878 omnia

270 2920 345 3000 eJus
369 2920 527 2983 membra
552 2921 756 3001 occupavit,
782 2931 819 2984 ut
844 2931 984 3001 praeter
1009 2922 1169 3000 linguam
1192 2922 1325 2983 nullum
1351 2937 1500 2984 movete

269 3035 400 3107 posset,
427 3044 494 3089 nec
514 3028 676 3089 manibus
702 3028 851 3091 aliorum
873 3028 1021 3090 tractari
1047 3027 1122 3091 iere
1142 3036 1293 3108 poterat·
1314 3027 1403 3091 Tres
1423 3028 1502 3107 ejus

269 3133 411 3213 fratreS,
428 3152 473 3196 ex
494 3134 613 3196 vicino
633 3134 786 3214 quodam
809 3136 937 3215 oppido
959 3136 982 3213 ²,
1006 3146 1040 3197 et
1062 3144 1175 3197 mater
1195 3135 1438 3214 octogenaria,
1461 3144 1499 3199 ut

270 3240 382 3321 ipsius
397 3258 520 3303 curam
536 3249 694 3319 agerent,
711 3251 901 3320 venerunt;
921 3251 956 3305 et
975 3243 1025 3305 ita
1044 3242 1162 3305 socius
1181 3242 1296 3325 Julius
1318 3240 1503 3322 OnoiriuS,

270 3348 330 3427 qui
345 3348 441 3411 solus
456 3365 527 3410 non
541 3348 715 3427 potuisset
737 3366 859 3412 curam
878 3350 972 3411 illius
990 3349 1123 3412 habere
1142 3349 1219 3411 sine
1239 3365 1376 3412 summo
1398 3349 1503 3412 detri-

270 3465 390 3517 mento
404 3454 629 3533 valetudinis
646 3454 778 3517 habere
792 3456 918 3535 potuit.
935 3456 982 3520 Ut
996 3456 1236 3536 paralyticum
1248 3473 1329 3519 eum
1344 3455 1503 3518 medicus

271 3562 371 3624 initio
387 3561 546 3641 curabat,
564 3561 626 3624 sed
640 3572 721 3641 post
736 3564 991 3626 evacuationes
1006 3563 1144 3643 aliquas
1159 3563 1196 3626 in
1211 3562 1344 3643 aliquot
1360 3563 1506 3626 dolores.

272 3668 449 3748 paralysis
463 3680 516 3731 est
537 3686 724 3748 conversa,
748 3670 875 3750 quibus
898 3669 1126 3732 acerbissime
1149 3680 1300 3731 vexatus
1320 3677 1390 3748 est;
1406 3678 1440 3731 et
1456 3687 1501 3732 ex

271 3775 404 3855 vigiliis
420 3794 463 3838 ac
478 3776 726 3856 sollicitudine,
741 3778 798 3840 vir
813 3776 946 3857 alioqui
961 3775 1123 3855 impiger,
1139 3767 1175 3839 in
1196 3775 1341 3855 negotio
1355 3792 1502 3854 magno·

272 3899 356 3963 pere
371 3882 503 3946 difficili
518 3884 679 3947 morbum
695 3884 788 3947 hunc
804 3884 996 3946 contraxit.

331 3988 401 4053 965.
445 3989 617 4053 Moriente
643 3990 783 4054 interim
808 3990 906 4069 Papa
931 3989 1112 4069 Marcello,
1138 4006 1220 4052 cum
1245 3990 1503 4053 monasterium

269 4096 357 4160 illud
387 4095 566 4160 Cardinali
595 4097 721 4178 Crispo
747 4096 870 4162 suisset
896 4100 1086 4175 collatum,
1116 4098 1271 4159 cessavit
1299 4096 1503 4159 commissio

268 4202 307 4265 Ρ.
327 4202 453 4267 Pontio
469 4204 564 4282 data,
581 4222 688 4286 quam
710 4206 867 4285 alioquin
886 4213 1033 4285 propter
1054 4204 1313 4283 aegritudinem
1334 4220 1502 4266 exercere

268 4328 340 4374 non
357 4312 541 4391 potuisset.

328 4418 398 4481 966.
443 4417 534 4481 Toto
556 4420 626 4482 hoc
651 4437 744 4483 anno
765 4421 882 4483 nullas
906 4438 927 4482 a
949 4418 987 4483 Ρ.
1017 4419 1157 4498 Ignatio
1186 4419 1324 4482 litteras
1351 4419 1505 4501 accepit,

309 4622 317 4655 ¹
346 4622 418 4667 Haec
430 4624 484 4678 lpse
495 4624 525 4667 P.
538 4624 646 4669 Pontius
656 4626 751 4669 litteris
759 4626 792 4669 ad
801 4624 931 4679 ignatium
939 4625 1007 4669 datis
1015 4624 1041 4668 in
1053 4624 1124 4668 Cella
1132 4625 1162 4668 di
1171 4623 1310 4678 Brugnola
1318 4624 1359 4669 dle
1370 4625 1419 4669 ts·
1427 4625 1507 4678 Apri-

269 4694 372 4738 lis-1555.

310 4766 321 4797 ἱ
349 4767 416 4812 Vide
428 4768 502 4822 inira,
514 4768 597 4813 nidd.
677 4826 681 4835 ¹
