3717 5400
365 445 421 504 llo
822 443 951 505 Canon.
972 445 1050 506 Soc.
1069 445 1140 519 Jas.

423 587 496 653 320.
540 589 772 654 Morientibus
799 590 944 670 adesse,
980 607 1061 654 cum
1089 592 1202 655 nostri
1231 593 1472 670 vocabantur,
1501 593 1599 656 soliti

271 741 276 753 -
362 706 480 775 erant,
497 706 531 759 et
547 713 628 760 cum
641 696 681 759 P.
697 695 870 760 Violaeus
883 699 986 777 quasi
1000 698 1157 762 triduum
1172 698 1208 762 in
1219 698 1373 779 quodam
1388 699 1534 762 doctore
1541 697 1594 778 ju·

365 804 485 867 vando
498 803 536 866 in
550 821 592 867 eo
607 803 762 866 transitu
776 805 1068 885 consumpsisset,
1085 806 1218 886 aliquot
1233 815 1429 880 matronae,
1443 823 1535 886 quae
1550 805 1598 870 ibi

273 921 277 933 ·
367 919 573 991 praesentes
597 919 710 990 erant,
737 912 900 975 eumdem
926 922 1145 992 rogaverunt
1171 923 1219 987 ut,
1246 930 1327 977 cum
1352 912 1510 977 audisset
1535 931 1597 977 eas

361 1018 473 1082 morti
489 1017 636 1096 vicinas,
653 1017 759 1082 simili
773 1036 883 1099 opera
900 1017 1029 1098 juvare
1044 1019 1162 1082 vellet.

426 1123 497 1188 321.
541 1123 580 1188 In
604 1124 786 1188 exercitiis
811 1125 1055 1204 spiritualibus
1080 1127 1263 1190 tradendis
1288 1127 1382 1190 idem
1407 1125 1596 1206 aliquando

366 1233 619 1312 occupabatur,
636 1240 672 1294 et
685 1232 928 1312 explicaturus
943 1242 1020 1296 erat
1034 1249 1235 1296 sermonem
1257 1231 1400 1296 Domini
1419 1233 1458 1294 in
1480 1238 1599 1296 monte

358 1347 447 1402 ante
462 1339 655 1402 adventurn
669 1337 839 1401 Doctoris
852 1339 995 1415 Loarte;
1012 1339 1076 1402 sed
1091 1339 1280 1418 religiosus
1295 1340 1439 1420 quidam
1463 1340 1599 1403 ordinis

364 1443 425 1509 85¹
439 1443 629 1524 Dominici,
646 1445 807 1508 eamdem
822 1445 1010 1509 lectionem
1027 1447 1133 1525 paulo
1150 1456 1232 1508 ante
1253 1463 1360 1526 quam
1376 1448 1452 1525 ipse
1468 1447 1596 1509 consti·

365 1561 481 1615 tuerat
496 1553 615 1630 legere
630 1568 838 1630 aggressus,
856 1551 972 1614 effecit
988 1561 1025 1614 ut
1041 1553 1228 1616 lectionem
1243 1553 1340 1616 illam
1363 1553 1398 1615 in
1414 1551 1597 1616 doctrinae

359 1657 870 1737 christianaeexplicationem
887 1669 1123 1722 converteret.

422 1765 494 1829 322.
538 1765 627 1828 Cum
641 1763 747 1828 Pater
762 1763 900 1828 Natalis
915 1765 983 1828 boc
1004 1775 1174 1829 autumno
1199 1765 1348 1829 Romam
1369 1767 1527 1829 venisset
1549 1785 1596 1829 ex

364 1873 476 1936 variis
490 1871 705 1936 Germaniae
720 1882 755 1934 et
769 1870 891 1935 Italiae
907 1873 1007 1950 lociS,
1024 1873 1149 1936 eodem
1164 1882 1346 1948 autumno,
1364 1890 1445 1935 cum
1460 1890 1596 1952 paucos

357 1978 439 2042 dies
453 1978 587 2042 Romae
602 1978 876 2058 conquievisset,
894 1979 929 2040 in
946 1977 1172 2059 Hispaniam,
1191 1988 1229 2041 ut
1244 1979 1398 2042 diximus
1417 1977 1442 2057 ¹,
1466 1980 1596 2042 missus

363 2085 439 2164 fuit,
452 2087 544 2148 sicut
557 2094 591 2147 et
602 2083 640 2148 P.
654 2083 859 2148 Ludovicus
872 2083 1051 2148 Gonzalez
1066 2102 1147 2148 cum
1158 2084 1327 2148 tredecim
1339 2085 1520 2149 fratribus.
1535 2083 1595 2148 Se·

358 2193 480 2256 cunda
494 2193 550 2256 die
565 2191 778 2255 Novembris
793 2190 952 2254 Lericem
969 2196 981 2228 ¹
996 2208 1078 2254 cum
1095 2191 1202 2254 sociis
1217 2191 1391 2271 pervenit,
1405 2202 1439 2255 et
1451 2202 1596 2273 propter

363 2308 623 2380 tempsetatem,
648 2299 772 2362 decem
792 2297 868 2360 dies
890 2296 1054 2361 Genuam
1073 2315 1185 2378 usque
1207 2299 1438 2379 consumpsit;
1456 2309 1490 2362 et
1511 2299 1594 2379 quia

361 2406 460 2470 nulla
475 2407 662 2469 commoda
676 2406 861 2485 navigatio
876 2422 955 2468 sese
971 2405 1106 2482 obtulit,
1124 2405 1172 2468 ibi
1186 2405 1275 2468 duos
1290 2407 1363 2468 iere
1378 2423 1518 2469 menses
1533 2424 1590 2469 ex·

362 2523 525 2592 egerunt,
548 2530 620 2575 non
634 2511 777 2592 quidem
797 2511 834 2574 in
854 2511 1013 2590 Collegio
1037 2509 1228 2588 Genuensi,
1253 2512 1348 2592 quod
1369 2530 1496 2592 capere
1519 2521 1593 2576 tan·

363 2629 436 2684 tam
452 2618 631 2699 hospitum
645 2617 904 2682 multitudinem
919 2635 990 2681 non
1009 2626 1160 2699 poterat,
1183 2618 1246 2682 sed
1268 2617 1304 2681 in
1320 2618 1473 2699 quadarn
1488 2618 1592 2682 domo

364 2725 595 2804 Charignani,
612 2742 720 2806 quam
734 2724 778 2788 D.
795 2724 964 2788 Nicolaus
984 2723 1082 2789 Sauli
1105 2726 1142 2787 in
1166 2742 1269 2789 usum
1293 2726 1450 2789 omnium
1466 2726 1592 2789 horum

361 2833 542 2912 hospitum
553 2833 647 2896 dedit
660 2831 683 2910 ³;
696 2841 731 2895 et
743 2832 850 2913 aliqui
862 2831 971 2895 amici
980 2833 1133 2895 lectoset
1143 2831 1262 2895 omnia
1274 2832 1476 2895 necessaria
1490 2832 1592 2895 dede-

361 2951 457 3017 runt,
474 2951 509 3003 et
523 2940 734 3019 quibusdam
749 2958 795 3003 ex
808 2939 989 3018 fratribus
1007 2949 1045 3002 ut
1060 2939 1165 3002 lectio
1180 2940 1299 3017 aliqua
1315 2941 1592 3018 praelegeretur,

358 3056 525 3110 curatum
539 3057 604 3125 est;
619 3064 685 3109 nec
699 3046 793 3109 enim
809 3046 854 3108 ad
869 3045 1020 3125 Collegii
1034 3046 1203 3108 lectiones
1228 3046 1400 3108 accedere
1415 3054 1593 3125 poterant.

360 3154 406 3217 Et
430 3163 639 3234 pergratum
663 3152 727 3215 luit
751 3150 789 3214 P.
816 3151 934 3215 Natali
954 3152 1022 3215 hoc
1041 3160 1198 3232 tempuS,
1221 3160 1258 3215 ut
1281 3152 1350 3215 sibi
1374 3153 1441 3231 ipsi
1463 3170 1595 3216 vacare

361 3261 506 3323 liberius
520 3267 653 3340 posset,
669 3258 730 3338 qui
744 3259 880 3322 tamdiu
899 3260 1149 3339 peregrinatus
1169 3267 1258 3337 erat,
1275 3270 1309 3321 et
1330 3258 1446 3321 adhuc
1462 3277 1595 3323 novam

360 3367 568 3430 instituebat
590 3366 926 3445 peregrinationem.
951 3364 1149 3429 Proiecturi
1169 3364 1310 3445 quidem
1330 3376 1432 3430 erant
1447 3367 1511 3429 sub
1532 3367 1593 3430 ini÷

361 3475 449 3537 tium
464 3472 684 3549 Decembris
701 3472 763 3535 sed
778 3473 907 3551 partim
923 3473 1122 3536 triremium
1138 3470 1247 3553 Regis
1267 3472 1420 3549 Galliae,¹
1434 3474 1494 3553 qui
1511 3482 1594 3537 tunc

360 3596 442 3645 cum
467 3579 621 3643 Caesare
646 3580 776 3642 bellum
801 3581 967 3659 gerebat,
995 3591 1134 3643 certum
1159 3581 1332 3657 nuntium,
1360 3581 1490 3660 partim
1517 3590 1593 3643 orta

359 3698 563 3767 tempestas,
580 3702 680 3747 cosa
695 3685 899 3764 navigando
915 3687 1114 3750 revocavit.

417 3793 487 3856 323.
531 3791 670 3855 Domus
685 3791 833 3871 Collegii
849 3794 962 3855 nostri
975 3794 1124 3857 summis
1139 3803 1215 3856 erat
1236 3794 1469 3857 incommodis
1485 3793 1592 3856 obno-

356 3902 429 3979 xia;
445 3900 557 3963 sedet
572 3898 715 3962 scholae
730 3899 783 3961 sic
799 3907 899 3962 aestu
913 3900 1147 3979 vexabantur,
1162 3910 1198 3963 ut
1214 3901 1322 3981 aliqui
1337 3900 1544 3963 scholastici
1556 3899 1592 3961 in

360 4006 618 4087 aegritudinem
634 4005 841 4083 inciderent,
858 4015 928 4068 eta
944 4007 1017 4069 suis
1032 4007 1237 4086 parentibus
1253 4008 1297 4070 ab
1312 4008 1363 4070 eis
1377 4024 1587 4070 revocaren-

357 4128 427 4179 tur.
455 4112 615 4177 Ecclesia
639 4129 740 4191 ver0,
761 4129 869 4192 quam
891 4113 1066 4193 quaedam
1086 4112 1361 4177 confraternitas
1387 4122 1508 4177 mutuo
1535 4114 1591 4176 de·

359 4222 459 4285 derat
475 4218 519 4282 ad
535 4235 637 4281 usum
652 4217 855 4280 divinorum
876 4216 1072 4281 officiorum
1091 4228 1125 4282 et
1146 4230 1468 4297 sacramentorum,
1491 4220 1595 4281 relin-

357 4325 499 4409 quenda
515 4343 536 4387 a
551 4324 683 4388 nostris
697 4325 841 4387 omnino
856 4324 936 4403 suit;
958 4325 1007 4388 illi
1026 4326 1120 4389 enirn
1142 4326 1341 4389 confratres
1362 4336 1435 4388 tam
1456 4325 1595 4388 molesti

402 4532 410 4563 l
439 4528 633 4583 consumar.

398 4602 410 4633 ¹
437 4600 535 4652 Lerici,
546 4598 638 4653 Erycis
648 4606 747 4654 portus,
758 4598 882 4653 Liguriae
893 4599 1023 4653 oppidum.

397 4673 411 4705 ³
439 4672 504 4715 Vldc
514 4681 603 4725 supra,
614 4677 635 4714 t.
649 4680 686 4724 tu,
697 4681 757 4724 pag.
768 4670 803 4721 74.
813 4682 838 4714 n.
850 4671 901 4714 135.
