3717 5400
805 475 870 535 Aa.
892 474 963 536 1555
1446 480 1504 541 sta

272 630 307 683 et
323 637 519 685 concursus
533 622 714 686 hominurn
730 631 763 685 et
785 622 979 703 applausus
998 630 1033 685 et
1052 621 1189 686 fructus
1209 623 1361 704 insignis
1380 643 1499 690 cerne·

272 727 388 791 batur.

334 835 422 899 1611.
464 835 502 901 P.
531 836 709 918 Georgius
733 836 923 916 Serranus,
951 846 990 901 ut
1012 848 1209 917 occupatus
1229 839 1266 901 in
1289 838 1503 920 theologicis

271 942 481 1008 lectionibus
495 953 529 1008 et
544 945 580 1009 in
595 943 820 1027 praefectura
835 945 1045 1023 studiorum,
1057 946 1180 1036 'minus
1194 945 1398 1026 frequenter
1415 964 1498 1011 con·

272 1050 408 1113 6166611
423 1060 577 1131 poterat,
595 1052 759 1133 quamvis
778 1051 903 1132 etipse
926 1053 1020 1116 dono
1039 1052 1141 1115 verbi
1162 1052 1345 1132 praeditus
1364 1054 1498 1118 videre-

271 1170 340 1235 tur;
357 1158 448 1221 mitti
463 1167 581 1223 tamen
597 1159 661 1223 sub
681 1159 829 1223 aestatis
848 1158 955 1223 finem
975 1159 1011 1222 in
1030 1157 1208 1223 Castellae
1228 1176 1500 1241 regnumopor·

270 1264 336 1327 tuit
356 1264 393 1328 P.
417 1262 587 1329 Sanctam
607 1265 758 1330 Crucem
781 1265 802 1346 ¹,
826 1278 865 1330 ut
890 1265 1118 1347 Methymnae
1138 1263 1262 1346 Campi
1282 1266 1498 1347 aliquamdiu

270 1381 440 1451 maneret,
457 1374 535 1437 loco
549 1372 588 1439 P.
602 1372 835 1437 Maximiliani
850 1372 1030 1453 Capellae,
1044 1374 1104 1453 qui
1122 1373 1167 1438 ad
1186 1389 1330 1436 cursum
1346 1374 1499 1453 philoso-

268 1478 411 1561 phicum
425 1480 461 1543 in
477 1482 627 1561 collegio
642 1480 751 1561 Regis
765 1480 1042 1561 praelegendum
1061 1478 1291 1545 evocabatur.

332 1586 420 1651 1612.
464 1585 558 1652 Satis
572 1588 673 1652 multi
687 1589 722 1652 in
738 1588 981 1669 spiritualibus
995 1587 1185 1651 Exercitiis
1199 1588 1331 1650 exculti
1344 1586 1497 1669 suerunt,

268 1702 307 1756 ut
321 1694 383 1757 vix
399 1694 560 1759 cubicula
580 1712 702 1759 eorum
723 1712 871 1758 numero
892 1693 1109 1768 sufficerent;
1134 1693 1197 1757 sed
1216 1694 1309 1757 bona
1331 1712 1376 1758 ex
1396 1707 1501 1775 parte

268 1800 363 1864 hide
378 1800 555 1866 Societate
570 1811 672 1865 erant
685 1801 708 1861 ¹.

332 1908 420 1973 1613.
464 1910 551 1973 111611
574 1912 681 1974 etiam
703 1910 799 1989 pium
820 1926 909 1989 opus
932 1908 1124 1973 morituros
1142 1907 1303 1989 juvandi,
1324 1918 1501 1989 quatenus

269 2017 521 2096 occupationes
536 2016 796 2096 permittebant,
813 2035 834 2079 a
849 2016 981 2081 nostris
1000 2017 1245 2079 exercebatur.
1267 2016 1355 2079 Cum
1379 2026 1498 2081 autem

268 2123 412 2204 quidam
432 2123 679 2188 conimbricae
698 2133 772 2187 tam
791 2125 896 2205 gravi
916 2124 1096 2187 laboraret
1115 2123 1239 2187 morbo
1261 2122 1363 2203 pedis
1382 2124 1498 2201 unius,
1550 2202 1554 2209 ¹

268 2240 306 2293 ut
325 2228 399 2311 J'am
419 2231 556 2311 medici,
573 2231 639 2295 sub
657 2240 809 2309 noctem,
825 2231 951 2312 pedem
966 2229 1175 2295 abscindere
1190 2230 1236 2294 ad
1251 2231 1500 2310 subsequentis

268 2336 337 2401 diei
353 2340 600 2418 crepusculum
614 2337 867 2418 decrevissent,
884 2339 1028 2403 domum
1041 2347 1202 2402 nostram
1214 2338 1271 2401 ille
1285 2337 1495 2417 1616111666-

268 2454 354 2517 tum.
383 2454 419 2507 ut
439 2462 504 2525 pro
523 2444 600 2527 ipso
619 2461 743 2525 preces
768 2444 923 2509 Domino
948 2444 1178 2509 effunderent.
1204 2444 1353 2509 Curavit
1377 2454 1498 2508 autem

267 2551 306 2613 P.
322 2550 396 2615 Leo
411 2562 449 2615 ut
463 2552 578 2616 oratio
594 2570 659 2633 pro
674 2552 733 2617 illo
752 2552 852 2617 fieret
872 2550 895 2633 ⁸,
918 2552 1045 2633 quibus
1066 2549 1148 2631 (sic)
1168 2552 1390 2632 aegrotantis
1410 2550 1500 2615 fides
1599 2544 1603 2551 '

268 2658 320 2721 sic
345 2668 536 2740 cooperata
561 2668 626 2740 est,
652 2671 691 2724 ut
710 2677 792 2726 cum
813 2660 1006 2726 constituto
1027 2669 1187 2741 tempore
1210 2658 1349 2734 medici,
1370 2658 1495 2740 pedem

267 2767 471 2847 abscissuri,
488 2769 630 2832 domum
645 2767 721 2850 ejus
735 2769 928 2848 venissent,
942 2769 1068 2849 pedem
1080 2767 1274 2832 secandum
1284 2766 1431 2847 perinde
1442 2784 1497 2832 sa·

267 2889 351 2936 num
366 2884 471 2956 atque
486 2877 635 2939 alterum
651 2876 880 2956 invenerunt;
898 2885 1004 2956 atque
1023 2875 1072 2939 ita
1093 2874 1152 2956 qui
1165 2874 1326 2938 infirmus
1346 2883 1436 2952 erat,
1452 2872 1497 2937 de

267 2981 396 3044 collato
412 2982 480 3046 sibi
492 2982 662 3047 beneficio
677 2981 754 3046 Deo
771 2983 908 3064 gratias
923 2999 1047 3063 agens,
1063 2981 1186 3046 statim
1200 2982 1366 3046 surrexit.

329 3086 417 3152 1614.
459 3087 660 3170 Spiritualis
684 3089 792 3153 etiam
816 3091 913 3153 salus
938 3089 1077 3155 reddita
1102 3099 1156 3153 est
1181 3107 1203 3152 a
1223 3087 1301 3153 Deo
1319 3088 1523 3159 foeminae,

265 3195 417 3274 cuidam,
433 3213 537 3276 quae,
552 3214 634 3261 cum
649 3197 867 3262 matrimonii
888 3197 1031 3261 vinculo
1045 3197 1214 3276 colligata
1235 3205 1340 3274 esset,
1357 3194 1497 3260 Conim-

266 3301 399 3366 bricam
416 3303 462 3367 ab
477 3305 592 3368 alieno
607 3305 685 3368 viro
697 3305 848 3368 deducta
861 3314 954 3384 erat3
966 3305 1041 3382 sed,
1054 3303 1132 3368 Deo
1143 3302 1298 3382 favente,
1312 3318 1375 3381 per
1386 3319 1496 3382 opera

264 3409 416 3474 duorum
430 3429 473 3474 ex
491 3411 623 3475 nostris
637 3431 658 3475 a
673 3420 848 3491 potestate
862 3411 1014 3476 rectoris
1032 3409 1045 3440 ⁸
1064 3420 1185 3491 erepta
1207 3409 1283 3488 suit,
1305 3419 1340 3472 et
1359 3408 1437 3489 ipsa
1459 3409 1494 3473 in

266 3518 443 3597 quoddam
459 3519 714 3582 monasterium
728 3537 766 3582 se
782 3519 928 3582 contulit
944 3519 1058 3582 donec
1073 3518 1181 3581 rebus
1191 3517 1267 3581 suis
1277 3515 1403 3580 melius
1414 3533 1496 3580 con·

265 3625 406 3689 suleret.

328 3731 416 3794 1615.
459 3731 539 3796 Non
554 3731 715 3796 omittam
730 3733 823 3814 quod
839 3748 919 3796 cum
933 3730 972 3796 P.
994 3730 1173 3811 Georgius
1194 3729 1371 3796 Serranus
1389 3729 1498 3794 nimis

265 3848 391 3902 exacte
405 3841 649 3919 specularetur
663 3849 698 3903 et
712 3839 870 3903 traderet
884 3838 1083 3920 discipulis,
1099 3856 1190 3918 quae
1204 3837 1301 3902 domi
1315 3839 1494 3918 praelege-

265 3945 335 4025 bat,
353 3945 554 4010 admonitus
569 3957 607 4010 ut
622 3946 865 4011 commoditati
880 3963 1003 4010 eorum
1020 3947 1231 4024 consuleret,
1248 3945 1366 4026 paruit
1377 3954 1498 4014 etma-

260 4051 332 4130 jori
346 4070 427 4118 cum
442 4053 559 4118 fructu
574 4071 617 4116 ac
631 4071 827 4134 progressu
842 4071 926 4118 suas
940 4054 1112 4118 lectiones
1131 4062 1368 4133 prosequutus
1386 4059 1452 4116 est.

285 4299 287 4304 “
305 4297 311 4326 ¹
341 4293 370 4338 P.
381 4293 504 4348 Jacobum
516 4295 547 4339 de
558 4293 788 4340 Sannorum-Hit
799 4301 887 4340 661661
898 4294 1180 4349 66111166161666616,
1194 4305 1254 4348 666.
1262 4293 1311 4348 121,
1321 4299 1410 4338 annot.
1422 4293 1442 4338 1.

303 4368 313 4399 ¹
341 4366 455 4420 Scilicet,
466 4379 498 4411 cx
509 4368 548 4412 116.
557 4369 600 4423 qul
612 4368 636 4412 in
649 4367 805 4413 Societatem
816 4377 908 4412 recens
924 4367 1089 4412 66161661661
1102 4366 1205 4410 admitti
1221 4367 1364 4421 cupientes.
1373 4365 1498 4420 66111166·

262 4440 330 4482 11666
340 4439 473 4484 exercitlls
483 4442 677 4484 excolebantur.
688 4440 756 4484 Vide
766 4439 888 4484 Litterae
898 4439 1129 4492 Quadrimestrts,
1140 4446 1159 4482 t.
1168 4448 1205 4488 111,
1213 4437 1330 4492 666152.

303 4509 314 4543 ³
341 4509 420 4564 “iiico
431 4513 453 4554 61
465 4510 494 4555 Ρ.
506 4511 563 4556 066
573 4511 646 4556 Leon
657 4513 737 4556 lineet
750 4513 860 4566 alnou
870 4511 1007 4556 6166161166
1015 4521 1063 4566 por
1072 4517 1130 4554 6616
1141 4510 1285 4563 1111666166,
1295 4509 1417 4554 Litterae
1425 4507 1495 4563 Qua·

263 4584 455 4636 1111’111661166,1
475 4593 512 4638 m,
523 4595 584 4638 pag.
594 4583 643 4628 tet.

305 4657 317 4690 ⁸
344 4653 441 4700 Rectot·
451 4655 494 4700 hic
504 4665 562 4700 erat
572 4656 649 4700 miser
657 4656 761 4711 66111661
771 4654 1053 4700 666616666666616116.
1061 4653 1128 4698 Vide
1136 4651 1258 4698 litterae
1264 4653 1498 4708 Quaartmestm,

266 4727 875 4784 1.116666.116-111161661166661666161166661
884 4725 1498 4782 11666161611661666616616116666116616666.
