3717 5400
417 458 473 520 68)
874 455 999 514 Csnou.
1019 453 1093 514 Soc.
1113 453 1184 527 Jss.

420 600 611 668 admodum
624 603 756 667 virtute
773 603 805 667 ei
817 619 906 683 opus
918 619 1008 677 esse,
1021 610 1059 665 ut
1070 600 1285 680 gravissima
1297 601 1453 682 pericula
1468 601 1535 665 illis
1547 618 1640 681 prae·

420 711 543 773 sertim
557 710 593 772 in
608 710 697 773 locis
712 710 853 788 evadat,
870 726 952 772 cum
966 708 1175 789 praesertim
1190 709 1257 772 soli
1272 709 1488 784 incederent,
1504 726 1570 772 nec
1584 707 1641 772 ha-

419 817 543 892 berent
558 817 617 897 qui
633 833 696 880 eos
711 818 910 880 animarent
925 825 960 879 et
981 815 1017 878 in
1037 816 1111 879 suis
1131 815 1385 880 tentationibus
1406 815 1640 891 subvenirent,

420 933 544 988 ettam
558 926 669 988 multa
684 924 829 1003 negotia
844 932 1073 987 occurrerent
1090 920 1110 1001 ¹,
1129 931 1166 986 ut
1177 923 1240 986 vix
1250 933 1390 1002 ternpus
1400 921 1565 1001 supersit,
1577 939 1640 1002 quo

421 1046 460 1094 se
487 1030 668 1110 colligant,
692 1031 838 1094 eumad
860 1039 1020 1094 nostrum
1042 1031 1243 1110 exemplum
1263 1028 1426 1093 Christus
1447 1030 1483 1093 in
1506 1029 1640 1092 hortum

422 1138 610 1200 recesserit
626 1145 665 1200 ut
680 1137 805 1200 orandi
820 1138 1021 1216 exemplum
1035 1137 1233 1217 praeberet.

484 1241 572 1306 1880.
617 1242 846 1308 Accedebant
871 1245 1001 1322 gravia
1025 1243 1183 1323 pericula
1210 1252 1455 1322 tyrannorum,
1482 1250 1517 1305 et
1543 1240 1643 1304 falso·

422 1367 502 1416 rum
514 1349 676 1428 fratrum,
695 1349 921 1430 et1latronum
935 1351 1195 1414 maritimorum
1209 1358 1243 1412 et
1257 1349 1490 1426 terrestrium,
1503 1359 1538 1412 et
1549 1365 1643 1429 prae·

421 1457 595 1522 lectorum
612 1459 719 1521 etiam
735 1459 979 1522 lusitanorum:
996 1459 1088 1520 male
1098 1458 1205 1520 etiam
1217 1455 1472 1522 comedendum
1486 1467 1520 1519 et
1532 1457 1645 1519 biben-

423 1565 508 1630 dum
529 1573 619 1644 erat;
640 1565 903 1646 disputandum,
925 1565 1215 1646 praedicandum,
1236 1574 1272 1627 et
1291 1573 1417 1628 contra
1436 1564 1646 1641 haereticos,

424 1688 621 1735 saracenos
643 1681 677 1736 et
701 1673 853 1752 gentiles
870 1682 1016 1737 nostrae
1034 1671 1115 1735 fidei
1134 1671 1308 1735 rationem
1328 1670 1556 1734 reddendam.
1576 1667 1644 1734 Ali·

424 1779 484 1860 qui
498 1795 543 1842 ex
557 1779 689 1842 nostris
705 1780 937 1858 capiebantur
951 1791 986 1842 et
1003 1777 1250 1858 affligebantur
1265 1778 1311 1842 ab
1330 1777 1539 1842 infidelibus.
1561 1776 1645 1840 Pau·

423 1887 478 1949 lus
503 1884 546 1948 de
572 1883 688 1964 Valle,
710 1887 828 1950 socius
852 1885 890 1950 P.
917 1884 1074 1965 Henrici,
1101 1885 1138 1948 in
1162 1901 1344 1948 carcerem
1369 1881 1551 1964 conjectus
1573 1883 1646 1962 suit,

425 1992 485 2059 uhi
504 2009 568 2072 per
593 2010 751 2056 mensem
776 1993 862 2057 nihil
887 1994 997 2071 aliud,
1017 2009 1124 2073 quam
1143 1991 1321 2055 modicum
1340 1991 1459 2054 orizae
1479 1991 1598 2054 siccae
1615 1999 1647 2054 et

427 2115 542 2180 aquae
556 2099 603 2163 ad
617 2100 752 2164 victum
767 2101 900 2179 habuit;
917 2118 960 2164 ac
976 2099 1101 2164 deinde
1116 2117 1161 2162 ex
1176 2099 1300 2164 morbo
1319 2107 1504 2162 contracto
1522 2098 1608 2161 obiit
1625 2105 1647 2156 ⁸.

487 2203 576 2269 1881.
621 2205 771 2287 Quidam
797 2208 904 2271 etiam
932 2207 1010 2272 Rex
1037 2207 1145 2270 alium
1173 2223 1220 2270 ex
1246 2205 1378 2268 nostris
1405 2203 1649 2269 sacerdotibus

424 2310 587 2376 occidere
607 2315 719 2378 voluit
738 2315 832 2397 quod
851 2315 945 2378 diem
965 2313 1178 2378 dominicum
1198 2312 1383 2376 observari
1407 2329 1428 2374 a
1448 2312 1650 2376 christianis

423 2419 584 2499 curabat,
600 2429 636 2484 et
654 2422 792 2502 aliquos
807 2423 969 2501 gentiles,
985 2421 1043 2502 qui
1060 2422 1151 2484 inter
1165 2437 1226 2484 eos
1240 2428 1353 2498 erant,
1374 2429 1587 2483 convertere
1605 2419 1650 2482 ad

423 2524 557 2590 Christi
571 2527 678 2592 tidem
693 2529 867 2592 studebat.

487 2631 574 2696 1882.
620 2633 815 2714 Quemdam
832 2637 941 2701 alium
955 2655 1002 2700 ex
1015 2635 1195 2714 fratribus,
1209 2635 1268 2716 qui
1280 2634 1513 2699 christianam
1524 2633 1649 2699 doctri·

422 2756 507 2805 nam
521 2741 682 2819 docebat,
699 2744 849 2821 gentiles
864 2743 1081 2821 occiderunt;
1096 2754 1131 2807 et
1146 2760 1226 2807 cum
1240 2751 1379 2807 tantum
1388 2741 1547 2822 reliquus
1559 2752 1651 2804 esset

422 2844 462 2910 P.
478 2846 658 2911 Henricus
673 2866 753 2913 cum
769 2850 838 2914 alio
854 2850 1008 2931 quodam
1020 2848 1142 2927 fratre,
1159 2848 1255 2929 capti
1268 2859 1303 2912 et
1317 2848 1447 2911 misere
1460 2848 1563 2927 ligati
1583 2846 1650 2911 fue·

422 2959 507 3017 runt
521 2953 655 3017 circulo
671 2956 826 3034 quodam
839 2956 967 3034 ferreo,
984 2954 1090 3037 [cum]
1107 2972 1235 3019 manus
1245 2956 1351 3019 simul
1364 2963 1400 3017 et
1411 2953 1519 3034 pedes
1529 2970 1652 3017 eorum

424 3058 612 3139 vincirent,
630 3070 665 3125 et
679 3062 730 3125 ita
745 3063 880 3143 aliquot
895 3064 971 3127 dies
985 3072 1186 3142 tenuerunt;
1206 3062 1371 3143 quamvis
1390 3059 1466 3139 eJus
1486 3060 1654 3125 virtutem

424 3166 583 3248 reveriti,
598 3185 670 3231 nou
685 3169 744 3235 diu
759 3171 811 3234 sic
832 3169 868 3235 P.
893 3170 1087 3235 Henricum
1105 3179 1305 3234 tenuerunt.
1326 3168 1449 3246 Immo,
1472 3184 1555 3231 cum
1574 3184 1654 3231 san·

424 3280 521 3337 ctum
546 3274 660 3339 virum
685 3292 766 3340 euru
790 3278 1050 3356 existimarent,
1075 3277 1209 3340 honore
1233 3277 1350 3356 ipsum
1370 3284 1452 3338 sunt
1474 3274 1683 3354 prosecuta

428 3380 542 3445 donec
566 3381 769 3464 redemptus
790 3383 867 3447 fuit.
887 3384 975 3465 Ejus
993 3394 1112 3448 autem
1133 3384 1245 3447 frater
1263 3400 1308 3447 ac
1332 3381 1469 3460 sociuS,
1493 3398 1557 3461 per
1576 3398 1656 3461 spa·

428 3488 517 3551 tium
544 3488 649 3553 unius
678 3490 800 3554 leucae
829 3508 956 3554 versus
983 3508 1095 3555 naves
1120 3490 1292 3571 quasdam
1314 3504 1570 3552 saracenorum
1593 3486 1657 3569 [fu-

428 3592 557 3675 giens],
574 3596 781 3663 servitutem
795 3599 911 3663 evasit
925 3601 948 3658 ⁸.

489 3700 577 3765 1883.
621 3702 870 3769 Perseveravit
885 3706 1113 3769 nihilominus
1127 3705 1165 3768 P.
1179 3703 1356 3768 Henricus
1368 3704 1403 3766 in
1416 3703 1555 3784 populis
1564 3703 1660 3766 chri·

427 3809 626 3873 stianorum
641 3811 856 3875 instruendis
878 3822 913 3875 et
932 3814 969 3875 in
988 3812 1159 3891 religione
1178 3811 1375 3874 christiana
1396 3810 1602 3888 retinendis;
1625 3821 1661 3872 et

430 3915 513 3995 quia
528 3918 700 3981 ecclesiae
716 3919 760 3982 ab
774 3918 935 3982 hostibus
948 3919 1145 3983 infidelibus
1164 3918 1370 3981 combustae
1385 3916 1525 3980 fuerant
1536 3914 1623 3997 [vel]
1639 3932 1661 3977 a

429 4022 552 4101 turcis
570 4040 631 4087 eas
646 4024 897 4089 instaurandas
911 4027 1064 4103 curavit,
1078 4037 1113 4090 et
1128 4026 1164 4089 in
1179 4025 1374 4089 christiana
1386 4024 1547 4087 doctrina
1559 4022 1661 4087 addi·

428 4129 561 4193 scenda
576 4140 610 4193 et
624 4134 824 4195 exercenda
839 4133 988 4196 curabat
1007 4141 1045 4197 ut
1065 4148 1194 4197 causas
1214 4132 1323 4195 etiam
1345 4130 1606 4195 Incarnationis
1626 4138 1663 4192 et

426 4234 608 4301 Passionis
623 4238 755 4303 Christi
770 4240 1019 4321 intelligerem
1041 4249 1076 4305 et
1094 4241 1202 4304 etiam
1223 4240 1323 4320 pueri
1345 4236 1426 4302 fidei
1445 4254 1530 4301 suae
1549 4237 1663 4299 ratio·

469 4480 475 4510 ¹
504 4476 552 4523 lde.
562 4489 710 4525 occurrere.

466 4548 478 4579 ἱ
506 4549 621 4605 Contigit
632 4554 709 4597 beata
719 4552 788 4597 llliun
798 4562 867 4596 mora
876 4563 945 4597 anno
955 4552 1016 4597 1⁵52.
1026 4552 1093 4595 vide
1103 4561 1192 4606 supra,
1201 4558 1219 4595 t.
1235 4562 1262 4607 rr,
1272 4562 1335 4607 pag.
1345 4549 1393 4603 7³0,
1408 4562 1435 4595 a.
1444 4550 1493 4604 07ae
1503 4548 1666 4605 Omont,

428 4619 498 4665 Hist.
508 4620 564 4665 Soc.
574 4622 602 4665 P.
613 4624 656 4675 1.·,
666 4624 709 4668 lib.
719 4634 764 4677 xu,
778 4635 802 4667 n.
819 4624 865 4668 127.

466 4692 478 4721 ³
505 4692 571 4737 Vide
582 4692 683 4745 Jntuc.
694 4694 796 4739 Rerum
808 4694 968 4739 Indicarum
979 4695 1134 4747 thesaurus,
1143 4695 1187 4740 uo.
1197 4705 1225 4747 u,
1235 4704 1295 4749 cap.
1305 4694 1328 4739 7.
