3717 5400
402 473 458 533 594
852 473 980 534 (ῖιιιιοιι.
1005 474 1085 535 Soc.
1110 474 1181 548 ‚ias

403 618 443 683 td
465 620 648 701 cupiebat;
678 622 871 701 prudenter
895 630 1015 687 tamen
1039 619 1240 685 Cardinalis
1269 621 1424 697 timebat,
1444 640 1489 685 ne
1513 623 1640 690 nimiis

405 727 572 794 oneribus
586 726 746 793 Societas
761 737 993 809 premeretur.

467 834 555 899 1634.
599 834 698 899 Vidit
713 834 750 898 P.
767 835 885 899 Miron
899 834 1099 899 aedificium
1108 835 1213 915 Regii
1226 835 1386 915 Collegii,
1403 837 1438 900 in
1450 856 1519 917 quo
1531 856 1631 919 prae·

403 940 517 1007 fectus
540 958 687 1023 operum
706 941 907 1021 quindecim
921 941 1031 1007 millia
1046 942 1256 1007 ducatorum
1271 943 1481 1024 expendisse
1495 943 1637 1025 Regem

403 1046 555 1127 dicebat,
578 1058 613 1113 et
633 1048 778 1113 totidem
800 1058 838 1113 ut
856 1048 1101 1114 absolveretur
1122 1065 1202 1113 esse
1216 1050 1419 1114 necessaria
1438 1052 1496 1113 vel
1515 1053 1636 1132 plura.

403 1154 482 1221 Hoc
497 1164 655 1237 tempore
669 1155 832 1222 coniecta
847 1166 949 1219 erant
967 1156 1225 1237 quinquaginta
1249 1157 1410 1221 cubicula
1436 1166 1472 1221 et
1497 1175 1544 1222 eo⁴
1560 1176 1632 1221 am·

402 1261 511 1343 plius;
538 1262 576 1327 in
600 1260 761 1327 inferiori
782 1271 901 1326 autem
921 1270 1024 1342 parte
1042 1280 1172 1327 novem
1194 1272 1254 1327 ant
1279 1264 1402 1328 decem
1422 1266 1525 1329 aulae
1551 1282 1638 1329 cunr

402 1384 536 1449 magno
551 1372 745 1433 coenaculo
761 1380 823 1433 aut
838 1369 1026 1437 refectorio
1041 1368 1205 1435 coniecta
1219 1380 1337 1449 erant;
1358 1380 1393 1434 et
1412 1371 1496 1452 quia
1509 1371 1546 1434 in
1560 1372 1638 1435 situ

403 1477 544 1557 collegii
559 1476 650 1539 aliae
665 1475 790 1539 domus
815 1487 917 1540 erant
943 1476 1120 1557 antiquae,
1137 1478 1198 1541 ubi
1211 1478 1283 1541 alia
1304 1477 1452 1557 triginta
1466 1477 1630 1542 cubicula

403 1594 606 1652 nostrorum
634 1583 756 1647 usibus
783 1583 959 1647 inservire
983 1592 1167 1665 poterant,
1198 1584 1425 1649 existimabat
1451 1584 1490 1649 P.
1517 1584 1638 1649 Miron

402 1700 516 1755 toturn
545 1690 733 1769 collegium
763 1687 771 1720 ¹
803 1688 949 1755 Octobri
975 1707 1095 1755 mense
1121 1707 1163 1755 eo
1190 1690 1427 1770 commigrare
1451 1708 1566 1771 posse,
1596 1699 1633 1755 et

404 1797 669 1867 convictoribus
691 1796 848 1860 vicinum
873 1797 1063 1875 collegium
1088 1797 1336 1876 religiosorum
1360 1795 1420 1861 gu
1443 1796 1637 1879 Bernardi,

401 1904 498 1985 quod
508 1902 621 1984 Regio
633 1903 790 1967 vicinum
798 1912 875 1967 erat
885 1905 907 1981 ³,
922 1902 1000 1967 dari
1010 1920 1127 1983 posse.
1137 1902 1337 1984 Religiosos
1345 1913 1464 1968 autem
1475 1903 1535 1968 85¹
1547 1903 1633 1969 Ber·

400 2010 504 2073 nardi
520 2010 565 2073 ad
580 2010 768 2091 collegium
783 2019 961 2086 nostrum,
984 2010 1079 2089 quod
1093 2010 1360 2090 relinquendum
1382 2012 1546 2091 putabat,
1568 2012 1630 2075 mi·

400 2134 508 2197 grate
522 2134 643 2197 posse;
661 2127 695 2180 et
717 2118 763 2182 ad
778 2134 887 2197 opera
908 2118 1084 2198 quaedam
1098 2118 1346 2183 concinnanda
1364 2119 1400 2182 in
1420 2117 1532 2199 Regio
1553 2118 1633 2183 Col·

400 2226 496 2309 legio
511 2224 579 2287 tria
593 2224 704 2289 millia
719 2224 931 2289 ducatorum
946 2241 967 2285 a
982 2222 1081 2304 Rege
1094 2224 1309 2304 postulabat.

465 2331 554 2395 1635.
598 2331 710 2395 Erant
736 2339 854 2395 autem
879 2331 1014 2396 reditus
1034 2331 1290 2396 Universitatis
1313 2341 1386 2395 tarn
1410 2332 1570 2412 pingues,
1595 2340 1637 2395 ut

403 2440 592 2505 duodecim
611 2438 722 2502 millia
743 2436 954 2502 ducatorum
975 2438 1204 2516 excederent3
1224 2448 1344 2503 tamen
1362 2437 1439 2503 Rex
1460 2439 1633 2519 praescri·

400 2556 520 2628 pserat
535 2554 571 2609 ut
586 2546 655 2609 tria
677 2545 784 2608 millia
805 2545 1017 2610 ducatorum
1036 2546 1170 2609 exiliis
1192 2546 1342 2625 singulis
1361 2546 1464 2609 annis
1480 2546 1639 2623 collegio

401 2664 525 2723 nostro
540 2653 822 2732 assignarentur.

463 2761 551 2826 1636.
596 2760 684 2827 Cum
710 2769 828 2824 autem
851 2759 967 2830 Roma
990 2777 1200 2840 responsum
1222 2760 1419 2841 accepisset
1440 2757 1477 2823 P.
1501 2759 1633 2836 Miron,

400 2869 495 2950 quod
511 2868 560 2932 illi
574 2870 725 2931 lectores
740 2885 786 2930 ex
800 2867 901 2930 italia
922 2867 1016 2932 mitti
1030 2884 1104 2931 non
1127 2876 1302 2947 poterant,
1319 2884 1407 2948 quos
1428 2865 1637 2946 expetebat,

404 2993 450 3042 ex
465 2975 650 3057 provincia
664 2992 740 3054 sua,
758 2985 791 3037 et
808 2974 965 3044 subsidio
980 2975 1100 3055 aliquo
1115 2991 1161 3038 ex
1175 2973 1329 3039 Castella
1344 2955 1452 3038 misso
1467 2971 1495 3051 ⁸,
1511 2970 1632 3036 debuit

403 3083 565 3148 omnibus
582 3082 756 3145 classibus
772 3090 1023 3161 praeceptores
1036 3081 1252 3162 prospicere.
1273 3081 1411 3145 invenit
1429 3092 1548 3145 autem
1560 3081 1631 3144 col-

400 3190 533 3272 legium
558 3197 720 3252 nostrum
745 3187 877 3267 optime
906 3187 1137 3251 constitutum
1162 3187 1255 3268 quod
1279 3188 1326 3251 ad
1354 3187 1557 3268 collegiales
1580 3195 1632 3251 at»

399 3297 498 3375 tinet,
515 3313 585 3360 non
601 3296 716 3360 solum
730 3295 874 3373 litteris,
891 3293 955 3358 sed
968 3294 1074 3358 etiam
1089 3295 1126 3358 in
1141 3295 1283 3375 spiritu,
1305 3305 1343 3358 ut
1362 3313 1407 3357 ex
1431 3294 1482 3358 eis
1500 3293 1640 3374 eligere·

402 3416 654 3483 praeceptores
675 3401 822 3464 idoneos
845 3398 950 3464 facile
970 3411 1101 3480 posset.

463 3509 551 3573 1637.
595 3508 728 3572 Rector
762 3507 910 3590 Collegii
943 3506 1047 3586 Regii
1075 3505 1088 3538 ⁴
1114 3520 1149 3572 et
1183 3517 1434 3588 praeceptores
1462 3523 1635 3586 magnam

400 3617 657 3681 humanitatem
673 3632 715 3678 ac
729 3615 1013 3679 benevolentiam
1030 3616 1161 3679 nostris
1174 3615 1418 3693 ostendebant,
1434 3630 1498 3696 per
1509 3630 1638 3678 omnes⁴

403 3723 536 3788 classes
558 3721 673 3786 nostri
694 3720 925 3785 circumducti
948 3731 1051 3800 sunt,
1075 3730 1109 3784 et
1131 3721 1365 3786 scholasticos
1390 3739 1514 3788 omnes
1534 3721 1633 3790 vide·

399 3840 492 3910 runt,
512 3830 572 3914 qui
594 3831 672 3909 plus
694 3846 802 3909 quam
823 3828 917 3891 mille
939 3843 1018 3891 esse
1040 3827 1258 3907 dicebantur,
1282 3837 1317 3892 et
1338 3829 1447 3892 eisin
1468 3829 1631 3893 savorem

401 3936 590 4002 Societatis
604 3938 716 3999 muita
730 3935 914 4013 dixerunt,
933 3943 968 3998 et
983 3935 1185 3999 animarunt
1199 3936 1344 4001 eosdem
1356 3947 1395 4000 ut
1411 3938 1503 4000 hanc
1518 3949 1631 4002 muta·

439 4139 448 4174 ¹
480 4139 574 4182 Totum
583 4139 735 4192 collegium,
748 4139 879 4193 videlicet,
888 4149 985 4191 omnes,
995 4138 1039 4194 qni
1049 4139 1075 4182 in
1082 4139 1162 4194 priori
1172 4138 1298 4184 societati
1306 4153 1323 4185 a
1333 4139 1403 4197 Rege
1411 4143 1505 4187 donato
1516 4142 1639 4198 collegio

399 4219 461 4261 tuuc
471 4211 611 4266 degebant.

439 4283 451 4315 ¹
478 4283 560 4328 Unius
572 4289 671 4328 tantum
684 4281 793 4336 Collegli
805 4280 995 4334 Religioaorum
1006 4281 1110 4327 Ordinis
1119 4281 1211 4328 Sancti
1219 4283 1347 4328 Bernardl
1361 4285 1519 4330 mentionem
1529 4285 1628 4330 iactam

398 4354 467 4410 sputi
491 4354 629 4398 historicos
653 4353 805 4408 reperimus.
828 4350 1079 4407 Colteutleacillcet,
1100 4354 1133 4396 do
1148 4354 1274 4409 Espirt'lu
1291 4355 1383 4409 Sunio,
1397 4367 1433 4400 na
1450 4367 1501 4400 rua
1517 4356 1632 4413 Sophia:

396 4425 465 4484 quod
475 4431 562 4469 tumen
571 4425 704 4468 fundatum
716 4425 810 4468 dicitur
821 4435 888 4468 anno
901 4423 953 4468 1570
962 4435 979 4468 a
990 4424 1129 4470 Cardinaie
1146 4425 1266 4479 Henrlco,
1281 4427 1460 4481 portugalliae
1471 4428 1551 4484 Rege.
1561 4428 1635 4471 Vide

397 4497 497 4542 Soanas
511 4498 668 4544 u'Azavaoo.
685 4495 814 4550 Portugai
829 4498 946 4548 uitligoe
961 4497 1097 4548 rnoderno,
1112 4503 1130 4541 t.
1146 4508 1175 4553 tr,
1191 4509 1251 4552 pag.
1266 4499 1316 4552 ³85,
1326 4511 1351 4542 n.
1367 4499 1511 4544 li.-Forte
1520 4500 1576 4556 iarn
1592 4503 1638 4544 in·

396 4569 522 4622 rhoetum
532 4573 590 4612 erat
601 4568 649 4611 hoe
660 4574 785 4622 tempore.

435 4639 447 4670 ³
475 4631 542 4684 Vide
553 4651 640 4694 supra,
652 4649 711 4694 pag.
723 4639 771 4692 586,
784 4651 808 4686 ιι.
821 4640 882 4684 1617.

427 4707 448 4747 '⁴
474 4711 541 4755 Vide
549 4723 636 4765 upra,
649 4723 708 4766 pag.
724 4713 773 4767 59³,
784 4723 808 4756 n.
821 4712 880 4758 luat.
