3717 5400
1486 20 1844 146 q.

379 478 434 537 tao
837 478 966 537 Canon.
987 476 1064 537 Soc.
1086 478 1155 549 jas.

377 620 626 687 Vallisoletum
637 622 786 686 redibat.
795 620 859 685 Est
869 631 989 687 autern
1001 620 1009 653 ¹
1021 623 1057 687 in
1069 624 1129 686 via
1142 621 1154 653 ³
1165 632 1200 686 et
1208 622 1345 687 duabus
1356 624 1466 687 leucis
1474 624 1611 689 distans

377 730 508 810 oppido
527 728 775 809 Septimancis.
799 728 889 793 Cum
914 740 1034 793 autem
1058 730 1096 793 P.
1122 729 1337 793 Franciscus
1362 729 1609 795 Vallisoletum

376 838 544 915 venisset,
561 838 685 901 obtulit
700 837 814 901 eidem
828 836 984 916 Principi
998 852 1127 901 munus
1141 836 1331 917 quoddam;
1349 838 1384 901 id
1399 847 1517 903 autern
1532 848 1609 903 erat

378 943 480 1023 panis
494 960 597 1022 unus,
619 928 700 1007 cum
719 944 832 1007 frusto
852 945 1023 1023 porcinae
1043 944 1172 1022 carnis,
1195 961 1300 1024 quem
1319 962 1364 1008 ex
1382 946 1607 1027 eleemosyna

375 1051 453 1131 ipse
467 1060 667 1131 acceperat3
684 1060 720 1114 et
745 1070 787 1113 ea
803 1068 884 1115 curn
900 1050 1007 1115 animi
1023 1050 1202 1115 hilaritate
1217 1052 1348 1115 donum
1367 1051 1520 1129 admisit,
1537 1069 1607 1132 qua

375 1156 468 1221 forte
480 1158 649 1222 donatam
663 1158 847 1221 civitatem
857 1175 927 1220 non
941 1158 1153 1237 admisisset,
1167 1176 1250 1221 narn
1265 1176 1403 1223 summa
1420 1159 1607 1223 devotione

376 1263 414 1327 P.
429 1264 663 1328 Franciscum
678 1265 972 1344 prosequebatur.

437 1371 526 1435 1169.
569 1370 722 1435 Demum
738 1372 827 1436 haec
842 1370 970 1435 domus
985 1373 1111 1451 ubique
1131 1374 1261 1452 optime
1282 1374 1446 1437 audiebat
1467 1384 1501 1436 et
1517 1372 1607 1453 opti·

372 1496 453 1543 mus
467 1477 543 1559 eius
558 1480 648 1543 odor
662 1481 732 1543 late
745 1477 818 1558 jam
833 1478 978 1557 patebat
992 1476 1013 1537 ³.
1032 1478 1066 1541 A
1081 1478 1185 1542 Patre
1201 1490 1319 1543 tamen
1338 1480 1477 1559 ignatio
1501 1480 1607 1543 ratio·

374 1603 456 1650 nem
470 1587 704 1650 institutionis
722 1585 950 1665 expetebant,
973 1586 1113 1649 interim
1133 1588 1237 1651 simul
1257 1586 1347 1651 duas
1368 1588 1476 1651 horas
1495 1588 1607 1667 quoti-

372 1694 441 1773 die,
456 1696 606 1758 alteram
620 1712 736 1772 mane,
752 1709 903 1772 vespere
918 1696 1068 1757 alteram
1083 1694 1187 1757 simul
1209 1696 1370 1769 orabant
1395 1694 1605 1759 matutinum

369 1800 648 1865 etiamofficium
662 1801 793 1865 Beatae
808 1800 970 1879 Virginis
985 1801 1089 1863 simul
1104 1799 1282 1879 dicebant,
1295 1820 1341 1865 ne
1352 1804 1431 1883 quis
1444 1801 1604 1865 occasio·

365 1925 455 1971 -nem
469 1908 616 1972 haberet
629 1909 715 1973 illud
730 1908 917 1972 omittendi
932 1906 953 1971 ⁴.
972 1906 1042 1973 Sed
1057 1907 1146 1970 haee
1160 1920 1283 1988 postea
1305 1927 1350 1973 ex
1366 1920 1467 1989 parte
1487 1909 1606 1990 aliqua

373 2015 560 2079 immutata
581 2026 675 2079 sunt.

435 2122 523 2187 1170.
567 2123 727 2186 Marcbio
738 2121 782 2185 de
794 2120 938 2185 Tavora
952 2120 973 2201 ³,
987 2124 1046 2203 qui
1058 2124 1189 2187 nostris
1201 2124 1306 2187 valde
1318 2123 1504 2188 familiaris
1514 2131 1604 2201 erat,

372 2232 586 2294 monachum
602 2229 789 2310 quemdam
805 2227 949 2292 Ordinis
963 2228 1023 2293 Sssl
1043 2228 1237 2309 Francisci,
1255 2231 1315 2312 qui
1330 2231 1475 2310 triginta
1491 2246 1605 2293 annos

372 2348 409 2401 et
422 2356 465 2401 eo
489 2337 641 2417 amplius
655 2338 691 2399 in
706 2336 878 2414 religione
902 2346 1083 2415 exegerat,
1111 2338 1156 2401 ad
1178 2340 1270 2401 nanc
1294 2337 1516 2418 probationis
1542 2337 1603 2400 do·

372 2462 480 2521 mum,
502 2454 540 2507 ut
559 2443 737 2507 exercitiis
751 2443 994 2523 spiritualibus
1010 2445 1242 2519 excoleretur,
1260 2445 1419 2517 adduxit;
1437 2445 1509 2525 qui,
1524 2444 1607 2507 licet

371 2553 535 2616 doctrina
549 2561 584 2615 et
598 2560 715 2614 aetate
729 2551 956 2615 venerandus
971 2562 1076 2628 esset,
1100 2568 1180 2614 cum
1202 2568 1333 2630 magna
1357 2561 1475 2615 tamen
1495 2551 1605 2615 humi·

372 2662 472 2724 litate
485 2658 740 2723 institutionem
756 2659 965 2740 accipiebat.
982 2658 1072 2723 Cum
1087 2668 1205 2724 autem
1220 2660 1255 2723 in
1268 2661 1399 2723 sacello
1412 2669 1535 2724 nostro
1548 2676 1603 2722 su·

371 2768 503 2848 periori
518 2767 664 2830 Missam
683 2768 891 2842 celebraret,
909 2766 1021 2830 nostri
1045 2766 1175 2830 fratres
1195 2767 1320 2830 eodem
1345 2768 1381 2830 in
1406 2770 1484 2831 loco
1499 2783 1604 2831 suum

371 2893 534 2951 examen,
551 2875 645 2955 quod
660 2885 743 2938 ante
758 2873 945 2954 prandium
961 2873 1036 2937 lieri
1050 2876 1150 2944 solet.
1172 2872 1360 2938 faciebant.
1382 2872 1471 2937 Cum
1486 2883 1603 2938 autem

371 2985 575 3048 elevaturus
600 2993 694 3045 esset
720 2979 794 3060 jam
817 2980 891 3060 iarn
916 2997 1049 3059 corpus
1073 2979 1230 3060 Domini,
1261 2980 1380 3045 audito
1406 2999 1602 3062 campanae

370 3091 487 3170 pulsu,
504 3107 595 3171 quae
620 3090 699 3152 illos
725 3089 772 3152 ad
796 3087 1020 3151 relectorium
1046 3088 1210 3162 vocabat,
1237 3089 1341 3151 simul
1364 3105 1487 3152 omnes
1501 3107 1547 3152 ex
1561 3108 1604 3153 eo

376 3201 508 3261 sacello
522 3205 757 3260 recesserunt.
774 3195 874 3258 Dixit
889 3204 1009 3257 autem
1032 3195 1087 3257 vir
1109 3195 1166 3257 ille
1188 3196 1376 3274 religiosus
1398 3197 1538 3261 cuidam
1560 3215 1605 3260 ex

371 3305 524 3368 nostris:
543 3302 615 3366 “De
638 3301 828 3365 Societatis
849 3301 1048 3364 obedientia
1070 3301 1252 3365 audieram
1273 3319 1340 3379 ego
1363 3303 1518 3382 quidem;
1542 3304 1604 3366 sed

372 3430 442 3475 non
459 3411 659 3475 credebam.
673 3409 743 3473 Sed
753 3409 826 3488 jam
838 3410 1002 3488 experior
1015 3408 1184 3488 majorem
1196 3411 1292 3474 illam
1303 3427 1381 3473 esse
1393 3427 1497 3491 quam
1509 3411 1605 3476 fama

369 3518 579 3597 referebat,;
595 3531 630 3581 et
645 3517 736 3582 dixit
750 3533 788 3580 se
803 3516 895 3578 lianc
911 3517 1149 3580 obedientiam
1164 3517 1377 3581 admiratum
1389 3517 1509 3596 fuisse,
1523 3536 1605 3582 cum

373 3625 507 3690 Christi
530 3643 671 3707 corpus,
689 3625 739 3687 eis
754 3622 1012 3702 recedentibus,
1029 3625 1233 3688 elevaturos
1248 3633 1352 3704 esset,
1369 3624 1530 3705 quodque
1545 3645 1604 3689 ve·

373 3743 475 3797 nerat
491 3734 522 3796 ei
537 3733 573 3796 in
590 3742 742 3795 mentem
756 3730 851 3810 quod
866 3729 909 3794 de
927 3731 1103 3794 monacho
1120 3729 1273 3811 quodam
1293 3731 1525 3812 intellexerat,
1546 3734 1603 3797 cui

374 3857 456 3904 curn
474 3858 562 3921 puer
576 3841 680 3923 Jesus
694 3839 919 3919 apparuisset
934 3847 968 3901 et
984 3855 1159 3917 campana
1174 3839 1367 3917 sonuisset,
1391 3835 1463 3920 [et,]
1479 3841 1603 3906 relicto

368 3948 466 4030 Jesu,
483 3967 554 4030 quo
570 3950 629 4012 illa
641 3948 796 4010 vocabat
807 3947 942 4025 ivisset,
958 3963 1038 4009 cum
1050 3957 1168 4009 autem
1180 3957 1304 4026 postea
1319 3947 1492 4028 rediisset,
1507 3950 1603 4013 inve·

371 4057 424 4121 nit
438 4057 600 4121 eumdem
615 4071 765 4135 puerum
779 4055 912 4136 Jesum,
929 4055 989 4134 qui
1004 4053 1093 4118 dixit
1108 4055 1151 4116 ei:
1170 4051 1225 4118 “Si
1241 4063 1278 4118 tu
1293 4071 1364 4118 non
1379 4057 1602 4137 recessisses,

367 4165 489 4228 audita
506 4181 699 4242 campana,
715 4177 782 4242 ego
797 4160 1040 4240 recedebam„

413 4376 420 4404 ⁸
451 4372 577 4428 Oppidum
588 4371 756 4415 Tordesillns.

410 4448 421 4478 ¹
449 4442 770 4499 QunValllsoletumltur.

410 4517 423 4548 ⁸
450 4517 518 4561 Vide
529 4515 625 4561 cartas
634 4515 668 4559 de
679 4514 734 4556 San
744 4513 892 4566 anaema.
901 4524 927 4568 v,
938 4523 998 4568 pag.
1007 4511 1056 4556 20⁰.

410 4589 420 4619 ⁴
447 4589 515 4634 Vlde
524 4598 612 4643 snpra,
622 4599 683 4643 pag.
694 4587 743 4638 tut,
753 4597 777 4629 n.
790 4585 851 4630 1153.

407 4663 421 4695 ⁸
448 4662 500 4712 Slc:
516 4663 613 4706 rectlur
628 4669 714 4706 tamen
729 4661 755 4704 ln
772 4658 895 4704 Litterae
909 4659 1140 4712 Quadrimestres,
1152 4665 1171 4704 t.
1185 4669 1221 4711 nr,
1232 4671 1292 4715 pag.
1302 4661 1329 4705 tt
1340 4663 1424 4718 etboe,
1434 4663 1561 4718 Narque
1569 4664 1603 4708 ae

372 4735 489 4781 Tartara.
498 4733 675 4780 bernardinus
685 4734 717 4778 de
728 4733 865 4778 leantel.
