3717 5400
356 471 407 529 184
810 467 939 528 Canon.
959 465 1037 526 Soc.
1058 473 1128 539 jus.

354 617 510 697 quinque
529 615 639 680 millia
659 626 695 678 et
714 633 756 677 eo
777 615 930 693 amplius
950 615 1144 678 ascendere
1159 613 1404 678 credebantur.
1423 611 1523 692 Quae
1537 616 1584 675 le-

355 724 438 802 ctio,
455 741 537 787 cum
551 724 598 786 ad
612 723 683 786 alia
697 723 818 800 multa,
832 732 906 785 tum
923 723 970 784 ad
987 722 1217 802 extirpandas
1231 721 1498 802 superstitiones
1509 721 1582 800 plu·

353 831 476 909 rimaS,
493 831 622 909 quibus
644 839 723 893 erat
747 830 807 892 illa
832 829 961 892 civitas
986 829 1128 908 infecta,
1150 846 1221 892 non
1242 828 1465 892 mediocriter
1486 828 1586 891 utilis

354 938 432 1017 fuit,
448 956 470 1000 a
485 939 613 1018 quibus
627 939 727 1000 multi
742 937 952 1017 resipiscere
967 947 1169 1018 coeperunt.

415 1044 487 1108 530.
530 1044 667 1108 Floruit
682 1045 750 1106 hoc
765 1062 858 1108 anno
876 1043 1064 1108 Messanae
1086 1044 1271 1108 doctrinae
1290 1043 1505 1106 christianae
1523 1059 1582 1104 ex·

355 1153 519 1232 plicatio;
536 1151 724 1214 cnmenim
739 1152 833 1215 eain
847 1152 935 1214 urbe
952 1151 1074 1214 decem
1093 1162 1212 1214 essent
1233 1150 1438 1230 paroeciae,
1463 1149 1498 1212 iu
1519 1165 1583 1212 eas

355 1260 472 1323 edicto
487 1258 679 1338 Pro-regiS,
697 1259 798 1337 pueri
812 1275 946 1337 omneS,
961 1258 1053 1320 intra
1069 1267 1208 1320 sextum
1223 1268 1257 1320 et
1269 1257 1516 1320 duodecimum
1527 1273 1583 1318 ae·

355 1367 440 1430 tatis
451 1383 595 1442 annum,
609 1366 802 1429 convenire
812 1365 987 1428 debebant
999 1365 1142 1444 (alioqui
1153 1377 1318 1445 parentes
1331 1366 1485 1444 ipsorum
1498 1365 1584 1426 mul·

355 1472 477 1536 ctandi
500 1472 613 1550 erant)
642 1481 681 1534 ut
709 1473 909 1534 doctrinam
935 1471 1029 1534 hanc
1055 1488 1075 1533 a
1101 1472 1385 1551 praelegentibus
1407 1470 1586 1547 audirent,

354 1579 528 1659 siquidem
549 1579 700 1641 honesta
725 1579 762 1642 in
786 1579 1006 1641 institutione
1030 1595 1222 1659 puerorum
1247 1595 1344 1658 spem
1367 1577 1583 1658 reipublicae

356 1687 444 1749 bene
453 1685 632 1765 gerendae
644 1685 872 1749 constitutam
883 1703 962 1748 esse
972 1685 1123 1750 Pro-rex
1135 1686 1386 1749 arbitrabatur.
1400 1684 1584 1748 Commisit

357 1803 475 1857 autem
490 1795 559 1856 hoc
574 1793 802 1872 praelegendi
817 1810 947 1856 munus
961 1793 1059 1856 Patri
1078 1793 1294 1858 Provinciali
1320 1792 1329 1824 ¹
1356 1802 1500 1856 nostrae
1524 1791 1584 1856 So·

357 1903 508 1980 cietatiS,
525 1903 585 1981 qni
599 1901 749 1980 singulis
763 1902 939 1981 paroeciis
954 1902 1044 1964 duos
1059 1921 1103 1964 ex
1117 1901 1249 1964 nostris
1264 1900 1443 1981 praefecit,
1457 1900 1583 1980 quibus

356 2007 557 2088 hujusmodi
587 2008 770 2070 doctrinae
797 2008 992 2070 tradendae
1022 2025 1149 2071 munus
1176 2008 1404 2070 incumberet.
1429 2006 1504 2070 Nec
1527 2023 1586 2070 res

356 2116 447 2178 haec
470 2115 600 2194 frigide
625 2115 787 2178 instituta
808 2123 863 2178 est
885 2124 991 2194 atque
1013 2123 1196 2194 suscepta;
1220 2113 1405 2178 dominicis
1426 2113 1520 2178 enim
1542 2132 1585 2176 ac

356 2222 457 2285 sestis
473 2222 596 2284 diebus
615 2223 718 2301 pulsu
741 2238 948 2301 campanae,
970 2221 1116 2300 quaein
1138 2239 1275 2284 summo
1295 2223 1426 2300 templo
1443 2221 1585 2300 signum

357 2325 461 2407 hujus
475 2327 528 2390 rei
546 2327 665 2404 dabat,
689 2328 877 2406 paroeciae
896 2345 1019 2390 omnes
1038 2327 1141 2390 officii
1166 2328 1221 2391 sui
1240 2329 1494 2406 praemonitae,
1521 2328 1585 2390 cir-

359 2435 523 2498 cumlatis
538 2451 600 2514 per
615 2434 715 2497 vicos
731 2434 984 2512 tintinnabulis
1002 2452 1131 2513 pueros
1147 2451 1269 2496 omnes
1289 2435 1526 2498 advocabant.
1548 2434 1588 2498 In

359 2543 452 2604 hanc
467 2542 627 2618 trecenti,
643 2542 680 2605 in
695 2541 791 2604 illam
806 2542 1002 2620 quingenti,
1027 2543 1063 2603 in
1088 2542 1184 2603 illam
1209 2542 1318 2604 multo
1340 2544 1459 2620 plures
1484 2557 1587 2620 coge·

359 2649 501 2713 bantur.

420 2755 491 2819 531.
535 2754 790 2819 Admirabatur
811 2759 962 2835 populus
984 2757 1187 2819 inusitatam
1208 2758 1299 2819 hanc
1319 2756 1591 2832 institutionem,

360 2874 396 2925 et
411 2862 550 2925 felicem
564 2862 789 2925 existimabat
802 2880 992 2942 puerorum
1005 2872 1168 2939 aetatem,
1182 2864 1317 2942 quaein
1332 2863 1416 2925 talia
1429 2871 1588 2941 tempora

360 2969 553 3046 incidisset,
576 2981 611 3031 et
632 2968 832 3048 hujusmodi
846 2970 1100 3033 institutionem
1117 2970 1213 3033 vitae
1235 2988 1278 3032 ac
1298 2971 1480 3033 doctrinae
1500 2969 1589 3031 chri·

362 3077 500 3139 stianae
521 3094 543 3138 a
566 3076 695 3139 talibus
713 3078 893 3155 magistris
912 3078 1088 3153 hauriret,
1112 3089 1146 3140 et
1167 3077 1427 3157 quodammodo
1448 3076 1515 3155 ipsi
1537 3094 1589 3137 re-

362 3200 576 3264 puerascere
596 3184 797 3263 cupiebant;
819 3202 885 3248 nec
905 3186 1056 3263 exiguus
1077 3185 1258 3248 hominum
1277 3200 1445 3247 numerus
1464 3182 1587 3246 eadem

363 3292 538 3353 elementa
553 3290 769 3353 christianae
785 3290 968 3353 doctrinae
983 3291 1160 3354 audiebat.
1181 3292 1225 3354 Et
1244 3292 1274 3355 si
1296 3291 1380 3371 quid
1399 3291 1516 3353 minus
1534 3290 1592 3351 in-

363 3398 595 3474 tellexissent,
612 3398 763 3461 lectione
778 3400 939 3461 absoluta
955 3399 1022 3462 sibi
1037 3399 1213 3461 declarari
1228 3400 1406 3478 petebant.

424 3503 496 3566 532.
540 3502 746 3568 Communis
769 3504 842 3567 sere
868 3523 940 3567 vox
951 3514 1039 3584 erat,
1063 3506 1166 3584 quasi
1189 3524 1209 3567 a
1237 3506 1390 3568 tenebris
1415 3504 1589 3578 eductam,

363 3610 446 3675 fidei
463 3612 648 3674 veritatem
663 3612 844 3675 hominurn
859 3612 1018 3676 coetibus
1032 3613 1199 3675 illuxisse.
1216 3612 1412 3691 Impressus
1427 3622 1481 3675 est
1499 3611 1592 3675 libel·

365 3719 422 3781 lus
436 3716 541 3797 huJ'us
555 3718 738 3781 doctrinae
756 3720 915 3781 carmine
937 3720 1056 3782 italico
1083 3720 1373 3799 comprehensae,
1400 3728 1437 3781 ut
1462 3719 1593 3781 teneris

366 3842 558 3905 puerorum
582 3824 758 3888 mentibus
782 3824 920 3887 facilins
945 3836 979 3888 et
1000 3826 1136 3889 firmius
1157 3826 1343 3889 haererent
1363 3844 1417 3903 ea,
1438 3842 1529 3905 qnae
1548 3824 1594 3887 ad

367 3931 601 3995 christianam
616 3932 814 3994 doctrinam
829 3942 991 4011 spectant
1006 3932 1027 3994 ¹.
1049 3932 1236 4012 Postquam
1257 3932 1302 3994 ad
1322 3934 1490 4012 templum
1512 3948 1594 3995 ven·

367 4049 442 4103 tum
457 4050 545 4116 erat,
563 4056 633 4101 uno
648 4056 693 4101 ex
709 4038 992 4116 provectioribus
1009 4041 1081 4101 alta
1096 4056 1184 4101 voce
1201 4039 1383 4116 recitante,
1407 4040 1538 4101 caeteri
1553 4038 1596 4101 si·

370 4200 572 4209 ...ι-...κῇ

408 4281 417 4312 ¹
447 4280 520 4325 Patri
532 4280 691 4336 Hieronymo
703 4278 858 4323 Domenech.

410 4354 421 4384 ¹
449 4352 554 4396 Nullam
564 4352 640 4406 hujus
650 4352 730 4395 libelli
742 4352 862 4395 notitiam
872 4352 1014 4405 reperimus
1024 4353 1091 4405 apud
1105 4352 1290 4401 Rivadeneira,
1300 4352 1467 4405 Allegarnbe,
1483 4352 1598 4403 Sotwell,

369 4424 480 4474 Baclrer,
492 4422 687 4477 Sommervogel
698 4434 743 4466 nec
754 4424 780 4466 in
791 4423 857 4466 libro
867 4423 955 4466 Patris
965 4422 1060 4475 Gustu,
1074 4424 1288 4467 Sulcaterlrlsmt'
1297 4424 1426 4467 intruderat.
1435 4423 1549 4468 Meminit
1557 4424 1599 4465 hic

368 4497 481 4551 quidem,
489 4507 550 4549 pag.
560 4496 608 4545 ³20,
620 4494 799 4539 “Catechlsmo
809 4496 851 4538 del
861 4495 889 4538 P.
898 4495 1032 4539 Girolamo
1044 4496 1191 4539 Domenech
1201 4495 1309 4539 Gesuita
1321 4496 1501 4551 pubblicatodl
1510 4494 1599 4539 ordine

369 4569 412 4611 del
422 4566 488 4611 Vlce
498 4566 571 4609 Redi
583 4566 671 4609 Sicilia
684 4566 756 4619 1517„
768 4567 809 4620 qui
821 4567 888 4609 idem
898 4578 955 4609 esse
967 4568 1070 4611 videtur
1080 4578 1111 4611 ac
1121 4566 1314 4611 “catechismus
1329 4568 1354 4611 in
1370 4575 1425 4611 toto
1441 4568 1544 4611 Siciliae
1559 4576 1599 4608 re·

369 4652 421 4695 gno
431 4640 590 4683 auctoritate
602 4638 723 4692 Proregls
733 4646 873 4693 usurpatus
883 4650 950 4681 anno
963 4640 1036 4694 1547„
1047 4650 1122 4693 quem
1132 4646 1260 4684 memorat
1269 4640 1471 4692 Sonuenvoonr„
1480 4647 1499 4684 t.
1507 4651 1543 4692 ιιι,
1550 4644 1605 4699 col,

371 4714 419 4766 luta
430 4723 521 4755 verum
531 4717 619 4753 noster
630 4710 681 4762 blc,
692 4712 764 4764 culus
774 4710 890 4753 meminit
900 4710 1036 4765 Polancur,
1047 4723 1096 4755 non
1107 4722 1175 4755 anno
1186 4712 1238 4755 1547
1247 4712 1292 4755 sed
1303 4713 1356 4755 tubo
1364 4713 1450 4757 cdltus
1464 4714 1603 4763 assentur,
