3717 5400
728 507 731 513 ’
779 490 865 550 'Am
887 491 958 550 1555
994 547 996 553 ,
1446 491 1498 558 107

265 633 391 711 ctrina,
406 633 590 697 sedetiam
606 635 642 697 in
656 635 815 699 moribus
830 637 974 715 egregie
989 637 1232 717 proticiebant,
1249 649 1285 700 et
1300 647 1372 701 tam
1387 637 1495 702 liben-

265 750 319 804 ter
330 739 602 817 confitebantur,
616 751 665 819 ut,
678 758 760 805 cum
770 744 880 806 semel
890 742 1039 822 singulis
1050 742 1230 824 mensibus
1238 741 1340 822 Juxta
1351 754 1496 810 nostrae

266 846 410 910 scholae
423 847 585 912 instituta
600 848 643 912 ,id
656 848 776 912 facere
796 857 1013 928 tenerentur,
1034 850 1197 912 certatim
1218 859 1337 922 tamen
1357 851 1403 916 ad
1423 869 1496 916 cre·

267 953 403 1018 briorcs
422 954 665 1018 confessiones
686 973 725 1019 se
746 955 924 1035 offerrent,
942 966 976 1020 et
991 957 1070 1036 quis
1084 957 1182 1036 prior
1204 957 1389 1028 accederet
1410 977 1497 1024 non·

266 1077 458 1141 numquam
472 1060 737 1140 contenderent,
754 1073 788 1126 et
802 1077 974 1142 magnum
988 1062 1154 1128 candoris
1164 1082 1208 1127 ac
1223 1065 1387 1145 puritatis
1398 1067 1494 1131 testi·

265 1167 423 1232 monium
438 1186 461 1230 a
475 1169 608 1232 nostris
618 1185 766 1248 prorsus
776 1169 966 1233 habebant.
980 1168 1017 1234 Si
1028 1171 1106 1250 quis
1117 1180 1237 1234 tamen
1249 1171 1285 1234 in
1297 1180 1396 1236 tanta
1408 1175 1495 1237 mul·

266 1273 426 1352 titudine,
441 1285 479 1338 ut
493 1273 570 1338 fieri
583 1278 684 1354 solet,
701 1276 823 1340 rudior
837 1277 982 1357 ingenio
997 1277 1244 1342 inveniebatur
1258 1295 1365 1359 quam
1376 1288 1414 1343 ut
1424 1289 1494 1344 stu·

265 1379 333 1444 diis
346 1380 433 1444 dare
448 1398 594 1461 operam
608 1382 767 1447 inutilem
782 1382 938 1460 deberet,
955 1384 1142 1448 advocatis
1161 1385 1378 1465 parentibus
1396 1395 1434 1449 ut
1450 1387 1496 1451 ad

264 1489 335 1551 alia
357 1505 504 1551 munera
526 1489 686 1552 obeunda
707 1491 1011 1571 eosapplicarent
1031 1491 1280 1569 hortabantur;
1306 1501 1340 1556 et
1361 1493 1411 1557 ita
1430 1495 1495 1558 sub

264 1594 479 1674 annifinem,
495 1597 660 1676 quamvis
680 1598 782 1662 multi
803 1598 1049 1675 accessissent,
1068 1599 1113 1662 ad
1134 1599 1305 1664 ducentos
1325 1617 1492 1664 numerus

263 1703 430 1766 redactus
445 1715 511 1782 est;
527 1715 561 1766 et
576 1704 627 1767 ita
642 1704 768 1767 melius
782 1714 947 1783 poterant
962 1715 1213 1786 praeceptores
1229 1707 1394 1787 quinque,
1411 1723 1493 1772 cum

265 1826 334 1872 uno
351 1808 524 1890 adjutore,
541 1810 594 1872 eis
607 1810 827 1874 satisfacere.

323 1915 395 1978 293:
438 1915 708 1997 Proponebatur
722 1929 842 1982 autem
858 1919 909 1981 eis
923 1917 1048 1982 diebus
1063 1921 1204 1983 veneris
1220 1920 1415 1984 christiana
1435 1921 1494 1984 do·

264 2024 389 2104 ctrina,
406 2034 441 2088 et
455 2025 517 2105 qui
530 2025 666 2088 inventi
679 2037 762 2089 sunt
777 2024 893 2089 idonei
908 2043 971 2106 per
987 2037 1150 2105 aetatem,
1169 2028 1214 2092 ad
1225 2028 1491 2092 sanctissimum

263 2130 510 2195 Eucharistiae
525 2142 789 2196 sacramentum
804 2132 961 2211 admissi,
983 2151 1025 2196 ea
1045 2151 1127 2196 cum
1141 2135 1315 2199 modestia
1335 2152 1373 2198 se
1394 2151 1492 2214 gere-

262 2237 348 2301 bant
361 2255 405 2301 ac
420 2237 621 2318 devotione,
645 2250 683 2302 ut
698 2240 807 2320 aliqui
827 2240 985 2304 dicerent
1004 2241 1253 2321 propensiores
1271 2241 1346 2321 jam
1364 2259 1493 2323 pueros

263 2345 310 2408 ad
330 2345 498 2408 virtutem
518 2364 624 2425 quam
645 2363 749 2412 senes
769 2347 895 2411 videri.
919 2348 1039 2428 Aliqui
1062 2366 1107 2411 ex
1128 2349 1198 2412 illis
1219 2359 1292 2412 tam
1313 2348 1493 2412 ferventer

261 2469 353 2532 quae
367 2450 435 2515 Dei
448 2463 530 2516 sunt
545 2454 798 2535 percipiebant,
815 2463 852 2517 ut
866 2454 1008 2532 fratres
1025 2471 1179 2533 sorores,
1193 2457 1300 2519 immo
1315 2465 1350 2519 et
1364 2472 1487 2536 paren·

265 2568 330 2638 teS,
346 2559 392 2624 ad
407 2561 579 2624 honorem
602 2572 637 2623 et
656 2562 789 2626 cultum
809 2559 888 2640 Dei,
909 2563 967 2624 vel
983 2564 1157 2642 exemplu,
1178 2564 1235 2624 vel
1249 2563 1359 2626 verbo
1373 2563 1492 2628 horta·

262 2676 396 2746 reatum
412 2677 448 2732 et
462 2667 651 2732 constabat
665 2667 829 2749 aliquem,
843 2667 917 2748 jam
933 2678 1125 2747 provectae
1141 2669 1269 2733 aetatis
1286 2670 1414 2749 virum,
1430 2669 1489 2733 ad·

260 2775 433 2840 monitum
448 2794 469 2839 a
483 2774 595 2839 fratre
607 2775 881 2854 adolescentulo,
896 2776 990 2857 quod
1001 2776 1206 2841 chartarum
1219 2778 1300 2841 ludo
1313 2778 1417 2841 nimis
1429 2796 1489 2841 va·

260 2891 370 2956 caret,
385 2882 505 2945 ludum
521 2882 694 2945 omisisse.
711 2882 965 2947 Gloriabantur
982 2893 1100 2946 autern
1114 2893 1280 2963 parentes
1295 2883 1390 2964 quod
1408 2884 1490 2949 libe·

259 2990 291 3052 ri
305 2989 463 3069 ipsorum
486 2990 521 3052 in
541 2990 672 3053 bonam
692 2989 831 3068 frugem
852 3007 891 3052 se
910 2990 1139 3068 recepissent;
1163 3000 1197 3053 et
1223 3000 1259 3053 ut
1280 2992 1489 3055 miraculum

259 3096 437 3175 quoddam
450 3096 486 3158 id
500 3094 764 3176 amplificabant
782 3097 820 3159 in
840 3097 1062 3176 quibusdam,
1088 3114 1176 3176 quos
1196 3114 1277 3161 cum
1297 3098 1398 3177 prius.
1417 3116 1487 3163 non

256 3204 347 3266 bene
360 3220 398 3265 se
412 3214 590 3283 gererent,
610 3221 743 3267 novam
769 3216 803 3267 et
828 3203 1025 3267 studiosam
1039 3204 1184 3268 vivendi
1199 3206 1373 3268 rationem
1396 3224 1488 3270 sum·

258 3310 564 3391 psissevidebant.

267 3476 273 3482 .
310 3416 381 3479 294.
419 3416 603 3497 Quaedam
614 3417 1014 3481 autemexercitationes
1024 3418 1258 3483 scholasticae
1268 3418 1488 3483 habitaefue·

256 3533 339 3587 runt
351 3524 389 3587 in
402 3523 600 3587 studiorum
617 3524 848 3589 renovatione
859 3540 980 3587 mense
993 3523 1149 3601 Octobri,
1167 3541 1257 3604 quae
1269 3542 1488 3605 magnopere

255 3632 458 3694 scholarum
473 3632 603 3693 bonum
618 3647 747 3694 nomen
761 3642 951 3694 auxerunt.
967 3630 1146 3695 Defensae
1161 3642 1242 3694 sunt
1257 3632 1352 3697 enim
1366 3651 1484 3714 aquo·

257 3737 341 3800 dam
353 3736 579 3812 scholastico,
595 3739 633 3801 in
647 3737 735 3800 aede
749 3736 794 3800 D.
811 3737 1005 3815 Laurentii,
1022 3739 1196 3818 quaedam
1212 3758 1257 3801 ex
1273 3739 1484 3804 humaniori·

256 3846 322 3907 bus
340 3844 466 3908 litteris
486 3843 615 3923 theseS,
638 3862 729 3924 quae
748 3842 864 3908 triduo
884 3854 966 3908 ante
985 3844 1260 3925 disputationem
1282 3848 1318 3910 in
1339 3847 1487 3927 publicis

256 3952 344 4015 locis
368 3952 466 4015 urbis
491 3950 618 4015 affixae
642 3951 799 4029 fuerant,
827 3961 865 4014 ut
890 3952 1005 4015 cuivis
1031 3952 1151 4017 liceret
1178 3970 1239 4015 eas
1265 3970 1484 4034 oppugnare.

255 4058 413 4139 Cumque
427 4057 504 4122 dies
522 4059 728 4138 designatus
742 4058 957 4138 advenisset,
974 4070 1118 4140 propter
1139 4061 1191 4123 rei
1213 4060 1407 4127 novitatem
1421 4061 1487 4140 (ni-

256 4166 305 4228 hil
325 4165 421 4228 enim
440 4165 553 4228 simile
576 4164 722 4228 Genuae
744 4166 861 4229 visum
882 4164 992 4229 fuisse
1015 4166 1225 4245 dicebatur),
1252 4182 1404 4245 magnus
1426 4169 1487 4232 ad-

254 4272 322 4337 fuit
345 4272 529 4336 hominum
554 4290 760 4336 concursus.
783 4272 946 4337 Interfuit
967 4274 1073 4337 etiam
1096 4274 1292 4355 Episcopus
1313 4274 1486 4355 suffraga-

148 4378 157 4393 '
253 4396 343 4443 neus
358 4378 384 4457 ⁸,
411 4391 446 4442 et
470 4378 621 4443 Senatus
646 4396 726 4443 cum
750 4380 828 4459 ipso
852 4378 954 4443 Duce
970 4378 990 4459 ¹,
1014 4382 1074 4461 qui
1095 4382 1249 4445 maxima
1271 4400 1352 4446 cum
1375 4393 1486 4447 atten-

296 4656 307 4689 Ι
334 4656 400 4701 Vide
412 4668 498 4712 supra.
510 4656 623 4712 piarat.
634 4656 716 4701 ΜΒ.

334 4727 400 4773 Vide
410 4740 497 4785 supra.
506 4740 567 4784 pag.
578 4730 618 4773 105
637 4742 661 4774 n.
671 4730 720 4773 287.
