3717 5400
373 486 426 544 alt
833 484 1058 544 6111011800.
1085 487 1149 556 Jas.

375 632 411 694 vi
426 642 461 694 et
478 633 701 695 commodam
718 633 972 697 habitationem
987 632 1197 712 quibusdam
1218 649 1264 695 ex
1283 632 1417 695 nostris
1437 632 1523 696 dare
1547 650 1610 712 po·-

375 747 479 801 terat.
506 737 550 802 Et
575 739 733 803 adhibita
760 757 845 803 cura
867 740 901 801 in
922 738 1123 819 huiusmodi
1144 740 1260 817 rebuS,
1283 739 1398 802 effecit
1416 747 1455 802 ut
1469 739 1606 802 reditus

373 844 561 924 Abbatiae,
580 846 640 927 qui
655 845 929 926 quingentorum
944 854 1127 909 scutorum
1140 863 1218 910 esse
1237 846 1410 917 solebant,
1434 843 1605 910 Societati

375 953 653 1032 applicarentur,
678 963 712 1016 et
733 953 778 1015 ad
804 955 897 1016 mille
913 970 1042 1017 aureos
1056 969 1193 1017 annuos
1208 962 1243 1017 et
1257 972 1300 1016 eo
1315 953 1466 1033 amplius
1481 969 1603 1016 ascen·

374 1059 510 1122 derent.

432 1165 503 1229 624.
548 1165 663 1247 Prope
677 1166 869 1230 Marsalam
885 1178 958 1230 tres
972 1167 1078 1231 habet
1094 1167 1212 1230 unitas
1228 1167 1410 1243 ecclesias,
1424 1176 1605 1245 tamquam

375 1273 532 1336 membra
548 1290 625 1351 sua,
643 1273 785 1337 abbatia
797 1275 909 1337 nostri
923 1273 1083 1352 Collegit
1096 1291 1167 1337 una
1178 1291 1303 1336 earum
1313 1273 1442 1337 dicitur
1454 1272 1520 1336 Si⁸
1532 1271 1604 1336 Ma-

374 1380 429 1442 ria
445 1379 536 1442 della
552 1379 697 1458 Grotta3
714 1389 749 1443 et
765 1389 838 1443 tota
855 1382 1005 1444 ecclesia
1019 1381 1140 1444 excisa
1154 1392 1208 1443 est
1222 1381 1257 1442 in
1278 1397 1364 1460 rupe
1379 1379 1544 1459 quadam,
1564 1381 1604 1443 li-

374 1495 431 1550 cet
456 1488 562 1550 valde
588 1505 719 1568 magna
744 1489 807 1566 sit,
835 1499 869 1551 et
895 1489 931 1552 in
951 1488 1076 1552 eadem
1100 1505 1186 1568 rupe
1211 1489 1345 1568 aliquot
1369 1486 1606 1550 habitationes

373 1594 480 1656 etiam
507 1596 650 1658 excisae
674 1606 772 1675 sunt;
799 1613 883 1659 nam
907 1595 1012 1659 facile
1037 1611 1150 1674 genus
1170 1595 1254 1659 illud
1276 1595 1355 1657 saxi
1379 1594 1474 1657 ferro
1499 1593 1606 1657 cedit.

373 1700 465 1763 Huic
480 1703 652 1764 ecclesiae
667 1703 770 1766 datus
787 1703 852 1766 luit
876 1720 964 1782 ager
988 1703 1201 1782 praecipuus
1225 1702 1389 1765 abbatiae
1401 1701 1513 1764 nostri
1528 1700 1603 1764 Col·

374 1808 468 1886 legib
485 1808 610 1872 deinde
627 1811 724 1872 unita
738 1810 804 1873 fuit
819 1811 907 1873 haec
923 1810 1074 1873 ecclesia
1095 1827 1175 1873 cum
1195 1810 1266 1872 alia
1285 1808 1344 1873 S.¹¹
1362 1808 1524 1888 Philippi,
1546 1807 1606 1872 ubl

374 1924 534 1978 nostrum
548 1915 745 1995 Collegium
760 1917 926 1980 Panormi
940 1917 1134 1980 habitabat.
1151 1917 1250 1980 Haec
1265 1917 1417 1980 ecclesia
1432 1913 1514 1980 Sitit
1532 1913 1605 1978 Ma·

374 2022 470 2101 riae,
497 2033 643 2103 propter
658 2024 833 2087 incuriam
855 2024 1035 2100 abbatum,
1062 2023 1215 2086 alienata
1231 2023 1346 2086 fuerat
1372 2033 1406 2086 et
1422 2023 1609 2089 inmanus

374 2129 540 2210 Episcopi
552 2131 756 2210 deveneram
769 2148 850 2195 cum
865 2132 948 2194 olim
959 2141 1066 2211 caput
1077 2140 1170 2194 esset
1185 2130 1371 2194 Abbatiae.
1386 2129 1475 2194 Cum
1487 2140 1605 2192 autem

373 2236 588 2318 Episcopum
614 2239 851 2319 alloqueretur
877 2238 1130 2316 Prouincialis,
1164 2251 1310 2317 paratus
1339 2247 1415 2300 erat
1446 2236 1607 2314 Collegio

373 2345 577 2420 restituere,
606 2345 796 2409 dummodo
820 2347 994 2426 quaedam
1019 2346 1113 2409 levia
1139 2363 1249 2408 onera
1274 2344 1468 2424 Collegium
1485 2343 1605 2420 ferret,

375 2469 465 2531 quae
481 2451 594 2514 eidem
610 2453 781 2516 ecclesiae
798 2453 1048 2516 incumbebant
1063 2452 1084 2516 ¹.

434 2559 506 2621 625.
549 2559 681 2638 Magna
706 2559 894 2623 devotione
920 2560 1098 2624 Marsalae
1132 2560 1284 2640 populus
1319 2559 1400 2621 huic
1433 2558 1610 2622 ecclesiae·

376 2664 536 2744 afficitur,
559 2674 594 2729 et
613 2666 658 2729 ibi
679 2676 751 2730 tres
770 2667 928 2745 religiosi
947 2666 1132 2748 capuccini
1152 2667 1317 2747 agebant,
1335 2666 1395 2746 qui
1415 2664 1603 2745 cupiebant

376 2774 517 2836 nomine
532 2774 680 2853 Collegii
696 2775 824 2838 ibidem
841 2792 996 2852 manere,
1013 2775 1178 2854 quamvis
1192 2774 1438 2853 relinquebant
1452 2774 1488 2834 in
1502 2789 1604 2835 usum

376 2890 578 2945 nostrorum
593 2892 742 2960 quatuor
758 2892 818 2944 aut
830 2882 982 2962 quinque
994 2882 1157 2944 cubicula
1168 2880 1203 2943 in
1216 2898 1303 2960 rupe
1314 2880 1448 2955 excisa;
1461 2890 1605 2959 puteum

380 3096 496 3103 --—----
503 3096 592 3103 ----

418 3230 426 3261 ¹
457 3229 638 3282 lntelltgentur
650 3230 714 3272 haec
726 3230 825 3282 plenius
836 3230 885 3271 hac
896 3228 994 3272 Roccut
1006 3229 1088 3281 Prast,
1100 3228 1216 3272 “Nomia
1233 3229 1352 3272 secunda
1368 3228 1484 3272 Sanciae
1500 3228 1612 3271 Mariae·

378 3300 412 3343 de
424 3300 531 3355 Crypia,
541 3312 589 3343 seu
602 3300 712 3354 Gracia,
725 3300 863 3355 Panormi,
873 3312 934 3345 cum
946 3301 1097 3345 annexione
1108 3302 1223 3344 alterius
1234 3301 1356 3355 ejusdem
1368 3300 1486 3343 nominis
1496 3300 1525 3343 in
1534 3299 1609 3355 Lily-

379 3374 451 3417 baeo.
463 3371 519 3416 Duo
530 3375 594 3415 haec
606 3372 703 3416 ordlnls
714 3370 794 3416 etlam
808 3370 896 3416 Sancti
913 3372 1003 3417 Basilii
1017 3372 1103 3427 Magni
1120 3372 1250 3417 Coenobia
1265 3377 1324 3426 post
1339 3380 1446 3416 exactos
1461 3371 1605 3415 Saracenos

378 3445 463 3499 prima
473 3446 497 3487 ln
508 3444 693 3488 Panormitam
704 3444 818 3499 Regione
829 3452 926 3499 erecta,
937 3456 1004 3488 anno
1014 3446 1062 3488 sal.
1074 3444 1126 3488 1197
1135 3455 1183 3498 per
1198 3445 1286 3499 privil.
1301 3445 1356 3487 dat.
1372 3442 1492 3487 Panormi
1508 3442 1531 3489 8.
1548 3442 1609 3488 [(111ι

379 3514 448 3571 Majl,
460 3516 543 3569 2ind.,
553 3518 586 3559 ab
598 3514 710 3559 ilenrico
724 3515 760 3559 Vi
771 3516 876 3570 ejusque
887 3528 968 3560 uxore
979 3516 1131 3561 Constantia
1139 3516 1221 3571 lmpp.
1233 3524 1260 3559 et
1271 3516 1375 3559 Siciliae
1390 3515 1511 3569 Regibus,
1521 3514 1558 3558 111
1568 3513 1607 3558 In·

378 3588 497 3632 nocentio
508 3586 582 3630 Pont.
593 3586 661 3630 Max.
671 3588 692 3631 1,
705 3588 737 3631 id.
750 3589 816 3643 Aug.
829 3589 888 3632 anni
900 3588 1014 3642 eiusdem
1025 3587 1201 3639 confirmante,
1210 3588 1286 3629 simul
1295 3587 1458 3639 copulantem
1468 3596 1534 3630 anno
1542 3597 1608 3630 vero

379 3659 432 3703 tntu
440 3670 457 3703 a
467 3658 551 3713 Regis
561 3658 649 3703 Caroli
661 3658 693 3701 V.
704 3658 879 3703 munificentia
889 3660 1100 3715 praeclarissimo
1110 3659 1250 3703 societatis
1259 3658 1320 3711 ,111111
1331 3658 1515 3702 Panormitano
1523 3658 1606 3701 Colle·

376 3732 420 3786 glo
430 3729 741 3785 praetentae-Primum
751 3731 853 3785 quidem
870 3732 895 3775 ln
912 3732 1009 3785 Regiae
1025 3732 1104 3775 Urbis
1118 3733 1175 3774 loco
1187 3732 1264 3785 juxta
1279 3730 1373 3773 Forum
1388 3733 1482 3774 venale
1499 3729 1607 3773 Sarace-

377 3806 435 3848 nice
443 3814 508 3846 voce
518 3802 726 3856 Segeballsrath,
737 3810 796 3857 post
807 3802 941 3846 Gallorum
950 3803 1062 3855 caedem,
1075 3813 1122 3856 per
1132 3802 1298 3856 aphaeresim
1308 3807 1334 3844 et
1344 3812 1486 3857 syncopen,
1502 3800 1607 3846 Bellero

377 3882 561 3930 nuncupatum.
572 3875 614 3917 ubl
626 3874 701 3917 hodie
711 3884 790 3927 supra
800 3874 867 3927 qnod
878 3874 1014 3918 visendum
1029 3882 1055 3917 et
1072 3875 1210 3927 superbum
1226 3872 1323 3916 Domus
1338 3873 1475 3916 Prolessae
1492 3872 1606 3926 ejusdem

378 3946 518 3991 societatis
528 3948 575 3989 sub
586 3946 661 3989 titulo
673 3944 762 3988 Sanctl
774 3944 884 3999 Philippi
896 3946 1019 3998 templum
1029 3946 1142 3999 exurgit.
1158 3944 1216 3987 Dux
1231 3944 1361 3987 Robertus
1376 3942 1535 3987 Guiscardus
1551 3949 1605 3986 sta·

377 4019 425 4062 tlm
439 4028 479 4069 ac,
497 4027 538 4060 an.
555 4016 677 4064 1111111112.
692 4014 819 4059 Panormo
835 4024 874 4059 est
891 4017 996 4070 potitus.
1012 4026 1110 4059 summa
1132 4016 1255 4069 religione
1276 4016 1381 4068 ductus,
1401 4014 1608 4069 antiquissimum

378 4090 520 4134 Baslllense
535 4091 583 4133 sub
599 4088 763 4131 invocatione
775 4086 864 4131 Sancti
876 4086 987 4141 Philippi
998 4088 1144 4143 aryrensta
1154 4087 1342 4141 reaedificavit,
1351 4087 1476 4141 novisque
1484 4084 1613 4131 aedificiis

377 4173 408 4205 ac
424 4162 548 4205 foecundo
564 4162 747 4205 monachorum
762 4160 877 4203 incolatu
892 4159 1049 4211 nobilitavit,
1067 4168 1146 4213 atque
1163 4160 1212 4214 piis
1227 4160 1341 4203 donariis
1358 4159 1523 4213 praediisque
1538 4158 1607 4213 apud

377 4232 532 4289 Lilybaeum
547 4232 654 4279 ditavit.
670 4238 727 4286 post
739 4232 808 4275 illins
823 4232 916 4287 conjux
927 4230 1088 4284 sichelgaita
1098 4232 1158 4275 allis
1172 4232 1245 4275 bonis
1261 4240 1286 4274 et
1304 4230 1384 4274 tertia
1401 4230 1547 4274 reddituum
1562 4227 1609 4282 Ja-

377 4305 502 4348 daeornm
511 4310 587 4358 parte
598 4304 714 4347 adauxit.
727 4303 764 4346 De
775 4304 822 4347 boc
833 4303 992 4347 monasterio
1000 4307 1043 4352 (ex
1052 4302 1232 4357 conjonctione
1243 4303 1353 4346 alterius
1368 4304 1416 4346 sub
1431 4302 1532 4346 nomine
1548 4300 1611 4345 Sen-

378 4382 438 4419 ctae
446 4374 543 4419 Mariae
552 4376 583 4418 de
592 4374 699 4423 Grutta)
707 4373 891 4419 Panormitano
899 4375 987 4417 breuis
996 4375 1021 4417 ln
1032 4375 1074 4417 lib.
1085 4374 1132 4417 rde
1143 4374 1264 4418 Abbatlis
1276 4374 1394 4418 Panorm.
1406 4374 1505 4425 101217,
1516 4374 1562 4417 sed
1573 4376 1611 4417 la·

380 4449 431 4491 1101
441 4446 489 4491 luit
499 4457 584 4490 sermo
594 4446 637 4489 lib.
649 4456 678 4489 111
688 4446 718 4489 de
730 4446 843 4500 Mazara,
859 4446 895 4489 lol
907 4445 1130 4489 bsh-Secundum
1146 4457 1210 4489 vero
1226 4445 1252 4489 ln
1273 4445 1408 4502 Lilybaeo,
1424 4457 1470 4489 seu
1485 4444 1615 4499 Marsua,

380 4519 446 4573 quod
458 4519 556 4573 pietate
567 4524 593 4561 et
610 4518 774 4561 Antiocheno
789 4528 884 4571 genere
899 4516 1009 4560 illustris
1020 4516 1200 4562 christodolus
1215 4518 1287 4569 (alibi
1303 4517 1494 4573 christodolus)
1506 4518 1616 4573 Rozlns,

380 4590 485 4635 Siciliae
494 4590 637 4639 amiratus.
649 4602 681 4632 ex
691 4590 746 4644 ejus
756 4600 835 4633 uxore
846 4589 966 4645 Nympha
976 4596 1050 4643 pater
1061 4588 1167 4643 Georgii
1178 4589 1292 4633 Amirati
1300 4588 1436 4643 magnifice
1446 4596 1473 4633 et
1482 4590 1611 4637 excitavit

380 4670 405 4706 et
421 4662 598 4717 locupletavit,
610 4663 646 4705 uti
658 4668 771 4705 testatur
782 4662 909 4714 Rogerius
919 4661 974 4703 Rex
984 4673 1030 4715 per
1040 4662 1154 4716 diploma
1167 4672 1254 4705 mense
1268 4661 1347 4705 bladii
1364 4662 1388 4704 16
1402 4662 1615 4716 11111111011111111.8λ

381 4746 448 4779 anno
458 4734 529 4779 data..
540 4766 551 4788 „
563 4734 658 4777 Sicilia
670 4734 763 4787 Sacra,
773 4736 821 4778 col.
833 4734 958 4778 1193-1196.
