3717 5400
857 487 985 548 Cunnu-
1006 488 1082 548 Soc.
1104 488 1173 562 Jns.

399 633 612 697 evadebant.
635 632 706 698 Sex
726 643 844 698 autem
863 650 910 697 ex
927 634 1060 698 nostris
1083 633 1255 715 usquead
1273 645 1484 698 mortemer
1503 637 1628 699 eodem

396 755 528 818 genere
544 740 668 819 morbi,
685 740 782 820 quod
795 741 900 804 facile
913 758 960 803 ex
974 740 1225 808 consuetudine
1237 758 1318 804 cum
1329 739 1529 820 hujusmodi
1542 759 1624 822 pau·

395 846 539 926 peribus
566 846 761 910 adhaerere
789 848 876 928 ipsis
903 846 1033 927 potuit,
1064 856 1323 928 pervenerunt;
1353 865 1388 910 et
1418 849 1628 912 miraculum

395 951 575 1034 quoddam
588 954 706 1017 visum
721 963 774 1017 est
795 955 887 1035 quod
907 955 1069 1017 omnibus
1089 954 1276 1018 sanitatem
1297 954 1394 1017 Deus
1418 956 1623 1034 restituerit,

392 1058 536 1140 praeter
552 1061 693 1124 unicum
708 1060 855 1124 fratrem
869 1071 1031 1125 nostrum
1046 1060 1205 1140 Paulum,
1221 1063 1279 1124 cui
1294 1061 1439 1124 dederat
1450 1060 1626 1125 Dominus

393 1177 476 1230 ante
493 1168 629 1248 aliquot
645 1167 731 1243 dies,
749 1177 939 1249 antequam
954 1169 991 1230 in
1006 1163 1166 1230 morbum
1179 1159 1362 1246 incideret,
1379 1169 1535 1248 gratiam
1555 1167 1623 1232 dis·

392 1274 579 1337 solutionis
607 1275 780 1354 petendae
808 1285 845 1338 ut
874 1285 967 1339 esset
992 1291 1072 1338 cum
1097 1274 1255 1354 Christo,
1287 1277 1393 1338 immo
1422 1285 1456 1338 et
1485 1276 1623 1354 praevi·

391 1380 542 1471 dendae.

451 1485 522 1550 262.
566 1483 729 1551 Alius‘ex
744 1487 875 1550 nostris
889 1487 1068 1566 fratribus
1084 1488 1227 1550 nomine
1249 1487 1542 1550 Bartholomaeus
1559 1488 1622 1550 Be-

392 1594 495 1672 dula,
525 1595 713 1672 helvetius,
743 1605 892 1658 mortem
918 1594 1137 1674 spiritualem
1161 1596 1287 1658 eodem
1310 1603 1469 1674 tempore
1494 1596 1622 1658 evasit.

391 1701 482 1764 Cum
501 1702 595 1765 enim
614 1700 689 1780 ejus
708 1709 823 1782 pater,
844 1701 903 1782 qui
924 1700 1104 1763 Bononiae
1130 1701 1231 1764 miles
1255 1701 1508 1781 praesidiarius
1532 1709 1621 1776 erat,

390 1792 608 1872 Florentiam
622 1807 668 1870 ad
683 1807 719 1870 id
734 1807 906 1884 venisset,
924 1816 961 1869 ut
977 1824 997 1869 a
1012 1807 1183 1886 religione
1198 1817 1337 1884 nostra,
1354 1808 1410 1869 cui
1426 1825 1464 1870 se
1484 1824 1546 1887 per
1561 1825 1621 1869 vo·

388 1920 465 1976 tum
480 1925 767 1986 consecraverat,
785 1915 900 1994 ipsum
915 1923 1110 1991 averteret3
1127 1930 1208 1976 cum
1228 1914 1259 1976 ei
1279 1913 1369 1976 iilius
1392 1914 1622 1994 responderet

390 2031 607 2101 constanter,
624 2025 718 2105 quod
734 2034 881 2104 paratus
895 2033 989 2087 esset
1003 2021 1119 2103 potius
1135 2032 1285 2084 mortem
1305 2032 1487 2100 oppetere,
1512 2037 1618 2100 quam

388 2129 502 2208 patris
527 2130 702 2193 voluntati
722 2132 756 2193 in
772 2132 839 2194 hac
858 2140 960 2212 parte
980 2128 1225 2210 acquiescere,
1250 2127 1454 2207 indignatus
1474 2127 1552 2204 ille,
1576 2144 1620 2189 ac

388 2235 672 2300 maledictionem
695 2237 767 2302 lilio
786 2239 987 2318 imprecans
1006 2237 1130 2316 (quam
1151 2235 1320 2296 tamenin
1338 2233 1619 2298 benedictionem

388 2343 671 2407 convertendam
687 2362 765 2407 esse
779 2345 905 2408 merito
920 2342 1156 2423 sperabatur),
1173 2339 1368 2403 Bononiam
1382 2340 1496 2405 rediit.

448 2447 519 2512 263.
566 2449 868 2532 Archipresbyter
882 2451 939 2513 ille
954 2448 1135 2514 Pratensis
1154 2447 1177 2525 ¹,
1201 2463 1304 2526 quem
1327 2446 1519 2511 admissum
1542 2463 1622 2510 esse

388 2556 453 2617 sub
470 2555 576 2620 finem
598 2559 682 2621 anni
700 2557 884 2638 praeteriti
903 2556 1074 2636 diximus,
1096 2558 1140 2620 ad
1160 2574 1261 2620 suum
1285 2553 1620 2634 Archipresbytera·

387 2671 463 2726 tum
477 2663 736 2744 resignandum
750 2665 870 2730 statim
885 2675 1086 2745 promptum
1101 2683 1139 2728 se
1154 2663 1288 2728 obtulit.
1407 2733 1411 2741 ‚

451 2770 522 2834 264.
568 2771 715 2834 Genuae
730 2773 941 2836 versabatur
957 2772 1056 2835 initio
1071 2771 1173 2851 hujus
1189 2772 1271 2835 anni
1291 2770 1328 2834 P.
1351 2768 1505 2853 Jacobus
1526 2766 1616 2847 Lay-

386 2895 463 2958 nez,
496 2888 530 2941 et
556 2871 772 2942 Florentiam
794 2878 867 2958 jam
893 2889 1064 2943 venturus
1089 2889 1177 2957 erat,
1209 2895 1289 2942 cum
1317 2877 1454 2956 accepit
1482 2876 1619 2955 litteras

388 2983 425 3047 P.
443 2984 576 3063 Ignatii
599 2993 636 3046 ut
655 2983 755 3064 juxta
775 2984 956 3049 Pontificis
974 2985 1211 3049 obedientiam
1229 2983 1446 3048 Florentiam
1466 2983 1614 3058 veniret,

385 3101 424 3153 ut
442 3092 490 3155 ibi
505 3100 568 3154 aut
583 3090 763 3154 Bononiae
778 3090 960 3156 Cardinali
975 3090 1122 3156 lllorono
1142 3108 1220 3155 sese
1239 3090 1488 3181 conjungeret,
1512 3098 1546 3151 et
1569 3088 1618 3149 ita

384 3198 509 3261 ultima
526 3194 760 3278 dielJanuarii
773 3197 990 3262 Florentiam
1004 3198 1177 3280 pervenit,
1194 3208 1228 3262 et
1243 3198 1346 3261 simul
1360 3196 1530 3259 salutavit
1546 3193 1619 3257 Du·

385 3304 530 3383 cissam,
552 3322 594 3368 ac
609 3304 715 3367 simul
729 3305 763 3368 ei
776 3305 948 3369 valedixit
962 3304 984 3368 ¹.
1001 3305 1047 3369 Et
1065 3305 1206 3385 quidem
1225 3313 1431 3384 suggestum
1450 3301 1521 3381 jam
1545 3302 1616 3364 fue·

385 3420 442 3474 rat
458 3408 650 3490 Ducissae,
666 3421 704 3475 ut
719 3411 1017 3490 concionatorem,
1031 3413 1090 3493 qui
1101 3411 1196 3493 apud
1205 3410 1374 3475 Sanctum
1385 3408 1617 3473 Laurentium

385 3517 675 3597 concionaretur,
691 3518 871 3598 provideri
883 3517 1032 3597 juberet,
1048 3517 1335 3599 quandoquidem
1350 3517 1456 3579 alium
1476 3516 1553 3595 ipsa
1567 3515 1616 3578 di·

384 3624 477 3687 mitti
488 3622 662 3703 jusserat,
678 3624 819 3687 omnino
833 3625 960 3687 volens
978 3633 1016 3687 ut
1036 3624 1085 3687 ibi
1104 3622 1142 3687 P.
1166 3624 1310 3703 Laynez
1330 3622 1614 3685 concionaretur.

384 3728 455 3795 Sed
470 3731 534 3795 illa
551 3747 660 3810 aegre
675 3729 864 3794 admodum
879 3731 996 3794 serens
1010 3732 1102 3794 hanc
1117 3729 1227 3810 ipsius
1241 3728 1448 3807 absentiam,
1462 3728 1554 3791 serio
1567 3728 1614 3790 di·

384 3839 488 3901 cebat
519 3838 615 3918 quod
635 3836 790 3900 civitatis
808 3846 932 3918 portas
950 3837 1018 3917 ipsi
1039 3836 1157 3901 claudi
1172 3833 1314 3915 jussura
1339 3844 1427 3897 erat.
1453 3834 1615 3897 Addebat

383 3946 490 4007 etiam
515 3942 670 4007 dubitari
696 3942 739 4005 de
764 3943 984 4023 profectione
1004 3943 1141 4022 Legati,
1163 3942 1246 4022 quia
1266 3940 1448 4020 Principes
1469 3939 1613 4004 Germa·

424 4147 432 4179 ¹
468 4145 603 4201 Philippus
613 4146 772 4200 Guaznlotrl,
783 4150 826 4191 vel
835 4147 995 4191 Gunzalotti.
1005 4146 1072 4191 Vide
1088 4156 1176 4200 supra,
1191 4153 1210 4190 t.
1220 4158 1254 4194 tv.
1269 4157 1329 4201 pag.
1340 4145 1387 4200 170,
1399 4160 1426 4189 n.
1440 4145 1489 4200 357,
1504 4152 1530 4189 et
1540 4146 1618 4197 inira,

384 4218 410 4261 ln
420 4218 470 4262 hoc
481 4219 525 4262 vol
538 4228 579 4269 ,n.
590 4216 707 4261 asa-De
717 4219 773 4273 ejus
786 4224 872 4262 tamen
882 4218 1037 4263 admissione
1046 4218 1147 4262 nonnisi
1155 4218 1169 4261 5
1177 4217 1295 4271 Jannnrll
1305 4216 1358 4262 tuat
1367 4216 1450 4263 Roma
1460 4216 1617 4261 Florentiam

382 4290 508 4344 scriptum
519 4295 568 4333 est.
577 4289 626 4333 ⁸...
638 4289 661 4333 sl
683 4289 741 4333 tara
751 4291 864 4345 rinposta
874 4290 1104 4345 partlcolarmente
1120 4300 1197 4343 sopra
1211 4288 1287 4333 litto.
1305 4290 1425 4344 Philippo
1435 4288 1616 4337 Guazzalotre.

383 4364 410 4400 et
419 4358 507 4411 prlma
517 4364 617 4413 quanto
629 4360 656 4402 al
666 4365 800 4403 accettare
810 4361 879 4404 nella
887 4359 1057 4413 Compagnla,
1065 4358 1161 4403 Nostro
1170 4359 1254 4403 Padre
1262 4362 1285 4404 ti
1292 4366 1415 4405 contenta
1422 4368 1448 4404 et
1455 4362 1470 4403 l'
1478 4360 1616 4404 abbracclu

383 4432 527 4486 nelfllgnor
542 4429 647 4482 Nostro,
655 4430 848 4484 perseverando
858 4430 894 4474 lul
903 4431 973 4475 nella
983 4431 1067 4475 bunna
1077 4430 1244 4485 dispositione
1254 4442 1302 4475 sua
1313 4440 1340 4476 et
1350 4431 1524 4486 resignatione
1534 4428 1560 4474 di
1568 4441 1616 4474 aua

383 4504 500 4547 volunta.
511 4501 589 4545 Circa
599 4500 913 4555 l’archlpresblterato...„
924 4500 1266 4553 Potaneun,oxcom..1²atrt
1279 4502 1410 4547 Ludovlco
1422 4503 1455 4547 dn
1466 4500 1619 4557 (ῒοηᾱτεγώ

383 4572 503 4626 Jaunarll
516 4572 576 4616 1555.

423 4644 435 4675 ἱ
460 4642 568 4696 Volent,
579 4640 848 4694 scillcet,Florentlae
859 4654 908 4686 non
916 4644 1067 4693 subsistere,
1076 4644 1121 4687 sed
1132 4645 1246 4694 ulterius.
1255 4646 1330 4700 juxta
1341 4644 1436 4699 Ignatii
1446 4644 1557 4699 litteras,
1568 4644 1617 4688 Bo-

384 4714 486 4758 noniam
500 4724 580 4767 usque
591 4712 721 4767 progredi.
