3717 5400
804 516 866 571 Ax.
888 513 959 571 1555
1437 512 1495 572 toa

267 670 349 724 rant
363 661 468 741 hujus
483 663 652 724 tumultus
667 671 830 725 auctores
847 670 883 723 et
901 658 1149 723 Vallisoletum
1169 660 1215 722 ad
1237 676 1274 722 se
1296 676 1376 723 cum
1396 659 1491 722 bono

267 768 447 849 praesidio
462 767 589 832 deduci
604 765 626 826 ¹.
643 766 737 830 inter
750 767 816 830 hos
831 775 908 830 erat
921 767 1070 847 ipsemet
1080 765 1248 829 Vicarius
1260 764 1446 829 Generalis
1457 776 1495 829 et

266 876 433 939 curiones
446 885 481 939 et
496 875 668 939 Canonici
680 884 716 937 et
730 873 958 937 Guardianus
980 872 1039 938 Sl*
1057 874 1252 950 Francisci,
1274 873 1335 952 qui
1356 882 1496 936 senten-

267 983 354 1046 tiam
380 980 758 1048 excommunicationis
777 982 905 1044 tulerat
926 990 962 1043 ct
982 980 1170 1057 interdicti,
1191 991 1226 1043 et
1246 978 1347 1043 Prior
1372 980 1496 1059 Augu

268 1089 502 1163 stiniensium,
520 1098 554 1152 et
570 1089 628 1151 alii
644 1088 703 1169 qui
718 1087 966 1152 insolentiores
980 1105 1019 1150 se
1033 1088 1286 1167 praebuerant;
1302 1096 1337 1149 et
1350 1088 1440 1150 bene
1454 1088 1496 1150 li-

268 1208 373 1275 gatos
387 1196 479 1259 mitti
492 1195 656 1276 jusserat,
679 1206 716 1257 ut
735 1193 936 1257 Vallisoleti
959 1210 1022 1274 per
1043 1192 1307 1274 Inquisitionem
1329 1195 1491 1273 puniren-

268 1314 342 1377 tur,
369 1320 450 1366 cum
476 1312 600 1365 contra
625 1302 838 1365 catholicam
859 1301 1057 1365 Ecclesiam
1081 1310 1116 1364 et
1143 1298 1218 1379 ejus
1246 1302 1494 1367 auctoritatem

267 1410 365 1474 sacta
383 1411 544 1488 fuissent,
566 1426 657 1490 quae
676 1420 801 1473 contra
822 1408 1035 1472 Societatem
1057 1418 1360 1489 perpetraverant.
1383 1408 1493 1490 jussit

268 1519 376 1581 etiam
389 1518 482 1581 bona
498 1534 563 1580 sua
577 1517 786 1598 temporalia
801 1516 986 1597 occupari;
1002 1524 1037 1578 et
1052 1512 1213 1595 Proregi
1227 1532 1333 1577 manu
1348 1516 1492 1595 propria

268 1626 423 1706 scripsit,
438 1634 478 1688 ut
491 1625 584 1688 serio
600 1624 689 1687 haec
703 1633 938 1704 exequeretur
952 1622 975 1683 ¹.
992 1621 1062 1686 Sed
1081 1623 1198 1686 adhuc
1219 1623 1369 1686 nuncius
1390 1624 1495 1696 alius,

268 1734 315 1796 ad
330 1733 465 1796 curiam
481 1733 641 1795 eamdem
656 1732 785 1793 missus
799 1730 875 1807 fuit,
899 1739 936 1793 ut
951 1740 1117 1811 ageretur
1135 1730 1179 1793 de
1198 1730 1349 1810 ipsomet
1369 1730 1494 1794 Archi·

268 1841 436 1921 episcopo
448 1839 695 1903 Vallisoletum
709 1837 904 1916 evocando,
918 1847 953 1900 et
968 1837 1011 1900 de
1025 1838 1103 1900 aliis
1115 1837 1334 1917 quibusdam,
1348 1854 1438 1917 quae
1449 1836 1497 1901 ad

273 1949 342 2011 hoc
356 1948 537 2026 negotium
554 1946 679 2009 melius
694 1944 951 2007 conficiendum
966 1946 1142 2025 pertinere
1161 1946 1390 2023 videbantur;
1412 1962 1495 2008 narn

270 2055 391 2134 magni
406 2054 574 2117 momenti
587 2062 675 2129 erat,
693 2052 737 2115 ad
754 2053 845 2115 hanc
860 2060 1106 2131 tempestatem
1121 2052 1325 2128 sedandam,
1343 2061 1377 2115 et
1391 2054 1498 2115 emol-

270 2163 424 2226 liendam
450 2161 740 2224 adversariorum
764 2159 944 2237 duritiem,
972 2159 1119 2237 intelligi
1144 2160 1239 2240 quod
1262 2158 1432 2238 Princeps
1459 2170 1495 2223 et

271 2270 395 2333 eadem
411 2268 653 2332 Gubernatrix
667 2267 919 2347 Hispaniarum
936 2276 1008 2329 tam
1029 2267 1123 2329 serio
1138 2267 1294 2329 animum
1310 2266 1354 2329 ad
1376 2268 1497 2330 faven-

269 2377 352 2440 dum
366 2376 534 2440 Societati
548 2386 690 2438 nostrae
706 2371 927 2454 adjecissent.

332 2483 419 2547 1085.
463 2482 621 2546 Nuncius
633 2492 762 2560 autem,
776 2482 835 2562 qui
847 2500 928 2544 cum
940 2482 1103 2562 insigniis
1114 2483 1223 2561 regiis
1237 2483 1372 2546 litteras
1387 2498 1495 2547 manu

272 2590 448 2670 Principis
472 2590 623 2669 scriptas
648 2588 783 2651 ferebat
807 2588 830 2663 ³,
856 2598 1005 2651 venerat
1030 2589 1354 2669 Caesaraugustam
1383 2589 1496 2669 pridie

271 2716 377 2780 quam
402 2695 438 2761 P.
466 2696 604 2760 Roman
631 2715 674 2759 eo
700 2696 936 2776 pervenisset,
962 2705 997 2759 et
1022 2696 1192 2760 intellexit
1217 2696 1310 2777 quod
1336 2694 1498 2775 Pro-regi

274 2805 452 2868 scribebat
476 2804 657 2883 Princeps
682 2817 720 2866 ut
744 2805 893 2884 ipsemet
917 2805 1018 2866 daret
1043 2803 1322 2884 Archiepiscopo
1348 2803 1494 2866 litteras.

272 2912 395 2992 Itaque
410 2910 560 2974 Pro-rex
575 2911 764 2974 accersivit
779 2910 1110 2991 Archiepiscopum,
1127 2921 1164 2973 ut
1180 2911 1225 2974 ad
1240 2929 1277 2974 se
1294 2912 1440 2988 veniret,
1462 2922 1496 2974 ct

272 3031 453 3100 tamquam
466 3020 618 3081 amicum
631 3017 813 3081 admonuit
825 3036 887 3098 per
898 3019 1066 3081 nuncium
1079 3037 1122 3081 ne
1135 3021 1205 3081 ullo
1217 3019 1321 3081 modo
1333 3029 1497 3081 renueret

273 3126 319 3189 ad
334 3143 373 3188 se
387 3125 521 3202 venire,
539 3143 621 3186 nam
643 3125 773 3205 alioqui
795 3125 1019 3202 significabat
1039 3125 1154 3205 ipsum
1177 3144 1195 3187 e
1217 3127 1360 3188 civitate
1379 3129 1501 3205 expul-

273 3250 404 3296 surum.
422 3232 591 3296 Graviter
604 3232 671 3293 hoc
684 3233 820 3311 accepit
833 3232 1134 3312 Archiepiscopus
1148 3233 1242 3312 quod
1258 3231 1500 3297 Gubernatrix

271 3349 346 3403 tam
360 3340 453 3403 serio
467 3339 650 3418 negotium
664 3339 732 3401 hoc
748 3347 931 3411 tractaret,
949 3347 982 3401 et
998 3340 1115 3418 coepit
1129 3339 1172 3401 de
1187 3339 1378 3402 concordia
1391 3355 1499 3417 agere

273 3463 354 3510 cum
368 3447 439 3521 his,
457 3446 516 3526 qui
531 3446 662 3507 nostris
677 3444 855 3507 favebant.
874 3443 943 3507 Sed
959 3445 1199 3508 Gubernatrix
1214 3445 1352 3527 Joanna
1368 3446 1501 3509 nullam

273 3553 502 3616 concordiam
516 3552 587 3614 ulla
603 3552 741 3614 ratione
757 3551 894 3613 admitti
909 3551 1063 3630 volebat,
1076 3551 1138 3614 sed
1154 3553 1283 3628 omnia,
1300 3552 1500 3632 quaefacta

272 3659 414 3722 fuerant
428 3667 554 3721 contra
570 3669 723 3732 nostros,
741 3657 883 3720 omnino
898 3659 1064 3721 revocari
1079 3657 1123 3720 ad
1139 3659 1342 3721 eorumdem
1362 3669 1503 3721 nostro-

273 3784 353 3830 rum
368 3765 657 3844 satisfactionem;
670 3773 705 3826 et
719 3776 906 3844 postquam
920 3764 956 3827 id
967 3764 1100 3828 sactum
1113 3778 1216 3844 esset,
1231 3766 1347 3828 adhuc
1357 3766 1501 3829 volebat

275 3873 320 3936 ad
333 3873 469 3936 curiam
484 3882 649 3934 auctores
663 3870 766 3950 hujus
780 3874 952 3934 tumultus
967 3872 1101 3950 venire,
1116 3882 1154 3935 ut
1168 3873 1350 3953 protervia
1366 3889 1503 3950 eorum,

274 3979 334 4061 qui
348 3979 470 4059 regiae
485 3979 707 4042 auctoritatis
721 3979 895 4042 rationem
909 3996 982 4042 non
998 3980 1206 4057 habuerant,
1223 3981 1418 4060 puniretur.

315 4185 324 4218 ⁸
352 4186 419 4230 Vide
431 4185 557 4238 Principis
566 4183 680 4236 Joannae
692 4183 724 4227 ad
734 4183 904 4238 inquisitores
912 4185 1172 4239 caesaraugustanus
1182 4187 1286 4230 litteras
1296 4187 1345 4229 2Ἰ.1
1355 4187 1368 4238 J
1371 4187 1414 4231 ulll
1424 4188 1503 4232 datas.

272 4258 341 4312 apud
352 4259 487 4310 Arvaurz,
496 4257 513 4299 l.
523 4267 555 4305 c..
564 4267 620 4309 cap.
631 4256 658 4298 st
668 4263 693 4297 et
705 4257 731 4298 in
742 4256 837 4298 Carens
846 4256 880 4299 de
891 4257 946 4299 San
958 4255 1076 4310 Ignaclo,
1086 4264 1105 4301 t.
1116 4271 1141 4312 v,
1152 4269 1212 4312 pag.
1222 4259 1263 4301 ⁶05
1274 4257 1321 4302 bod.

314 4329 326 4361 ¹
354 4328 563 4377 auunculum.

314 4402 327 4434 ⁸
352 4400 405 4444 “No
417 4411 445 4444 se
458 4403 580 4443 contento
593 4400 619 4442 la
635 4399 757 4442 Princesa
773 4399 847 4441 Dona
857 4399 941 4451 Juana
952 4409 999 4442 con
1010 4400 1118 4442 escrlblr
1133 4410 1220 4444 cartas
1231 4407 1276 4444 tan
1288 4403 1436 4448 favorables
1447 4409 1462 4450 a
1475 4409 1498 4450 la

273 4470 415 4525 eompanta
426 4481 442 4522 y
452 4476 498 4512 tun
508 4469 649 4522 apretndas
659 4480 725 4523 para
735 4471 772 4511 lo·
784 4469 929 4512 contrarios
940 4470 971 4512 de
982 4471 1041 4523 olla:
1052 4471 1108 4514 sino
1118 4483 1166 4524 quc
1177 4473 1270 4516 mando
1284 4475 1376 4518 enular
1386 4477 1464 4520 desdc
1476 4480 1501 4521 la

274 4549 347 4587 corte
358 4545 374 4586 a
384 4541 520 4595 Zaragoza
534 4553 568 4584 un
583 4539 639 4596 liey
653 4541 684 4583 de
696 4551 783 4584 armas
793 4552 859 4595 pera
869 4553 917 4594 que
928 4542 1030 4596 pusiese
1040 4543 1079 4586 las
1090 4543 1130 4586 del
1142 4543 1303 4598 Emperador
1313 4549 1328 4589 a
1340 4549 1379 4591 las
1393 4559 1503 4602 puertae

275 4615 307 4658 de
317 4620 423 4658 nuestro
433 4613 548 4666 Coleglo,
560 4613 707 4656 tomandolo
716 4613 775 4666 bajo
791 4615 815 4655 la
826 4614 975 4666 proteccion
987 4626 1003 4669 y
1014 4615 1200 4668 salungunrdia
1208 4618 1271 4665 real,
1284 4619 1308 4660 al
1320 4622 1377 4662 cuul
1386 4623 1409 4664 el
1420 4621 1503 4680 Vtroy

276 4687 373 4731 teclbld
384 4699 401 4742 y
411 4685 453 4728 did
466 4685 607 4729 asistencla
618 4695 683 4739 para
694 4695 742 4738 que
756 4683 908 4728 libremcnte
924 4685 1021 4729 hlciese
1031 4697 1061 4730 su
1071 4685 1152 4740 oficio,
1164 4699 1236 4731 como
1247 4691 1271 4732 lo
1282 4690 1360 4744 luizo„
1372 4694 1506 4750 Atvnuuz,

278 4757 453 4812 1.c.,cap.5t.
