3717 5400
807 505 871 564 Aa.
898 505 970 566 1555
1451 501 1502 562 121

273 659 364 714 rent.
381 648 456 713 Nec
471 650 690 731 5515515155,
711 650 902 715 55555555
921 659 1046 732 poetas
1061 661 1094 714 et
1115 659 1288 724 51515155,
1310 649 1508 729 magistros

269 772 351 819 esse
370 756 551 834 dicebant,
573 757 632 837 qui
653 759 829 822 humanas
848 767 944 822 artes
965 767 1000 820 et
1020 757 1225 837 disciplinas
1244 756 1290 819 ad
1307 753 1507 835 iuventutis

271 865 447 943 ingenuae
460 865 631 928 virtutem
645 874 680 928 et
694 864 827 929 Christi
841 867 994 945 gloriam
1017 873 1279 928 converterent.
1299 861 1370 943 Ipsi
1395 861 1504 926 etiam

272 970 384 1049 pueri,
401 971 560 1034 honestis
574 971 631 1034 bis
645 971 846 1036 actionibus
862 972 907 1035 ab
922 972 1002 1034 aliis
1016 971 1195 1035 blanditiis
1218 969 1378 1048 avocati,
1395 969 1509 1032 liben-

271 1090 327 1140 ter
342 1077 388 1140 ad
402 1076 547 1140 scholas
561 1087 704 1142 nostras
715 1079 916 1157 veniebant,
929 1091 965 1142 et
978 1077 1110 1143 Christi
1122 1077 1293 1158 mysteria
1305 1076 1408 1139 simul
1423 1092 1509 1138 cum

273 1184 374 1263 poesi
388 1185 591 1249 audiebant.
608 1185 652 1250 Et
665 1203 747 1249 cum
758 1187 837 1267 ipsi,
851 1205 872 1249 a
884 1186 1058 1267 magistro
1070 1183 1280 1249 Sebastiano
1292 1183 1455 1262 instituti,
1469 1183 1507 1246 in

272 1291 375 1370 poesi
388 1291 613 1371 proficerent,
629 1310 672 1356 eo
692 1292 820 1373 majori
838 1302 941 1357 erant
963 1293 1042 1356 aliis
1063 1291 1305 1370 admirationi,
1327 1307 1396 1371 quo
1417 1307 1508 1370 pau·

272 1399 390 1461 riores
403 1399 672 1477 reperiebantur
687 1400 879 1477 Bononiae,
897 1401 958 1480 551
973 1399 1040 1462 555
1057 1407 1133 1462 5115
1147 1397 1300 1478 praediti
1313 1406 1442 1460 essent.

335 1503 406 1568 335.
449 1505 595 1569 infesto
610 1504 839 1570 Ρ5515555155
854 1506 1017 1586 discipuli
1032 1506 1103 1569 duo
1123 1505 1212 1568 duas
1235 1504 1433 1580 515115555,
1460 1505 1513 1566 al·

275 1620 389 1676 teram
403 1628 586 1692 graecam,
603 1614 754 1676 alteram
768 1613 926 1691 latinam,
943 1613 1155 1676 habuerunt.
1172 1609 1308 1674 Deinde
1328 1610 1389 1673 alii
1404 1610 1512 1673 disci·

276 1718 351 1799 puli
365 1729 515 1798 egerunt
530 1718 662 1782 Christi
677 1719 822 1782 Domini
836 1719 1094 1784 Ascensionem
1109 1719 1145 1780 in
1160 1718 1308 1795 coelum,
1326 1715 1387 1779 811
1402 1714 1509 1797 Spiri-

277 1836 336 1890 tus
349 1825 557 1890 Adventum
572 1827 608 1890 in
623 1827 827 1907 discipulos,
844 1827 1048 1906 linguarum
1063 1826 1290 1902 varietatem,
1314 1833 1348 1886 et
1371 1833 1510 1903 aposto·-

278 1935 393 1996 lorum
408 1932 445 1995 15
459 1934 582 1996 varias
592 1934 715 1997 mundi
726 1943 848 2015 partes
860 1911 1155 2009 distributionem;
1171 1949 1263 2012 quae
1275 1931 1446 2010 mysteria
1457 1947 1514 1993 sa·

278 2039 363 2102 15115
388 2049 533 2102 5551155
561 2058 582 2102 5
611 2038 784 2120 Magistro
815 2039 1026 2104 Sebastiano
1055 2039 1212 2104 carmine
1241 2037 1514 2118 comprehensa,

279 2155 380 2209 tanta
394 2154 583 2210 venustate
598 2157 680 2210 acta
695 2156 778 2210 sunt
792 2166 813 2210 a
828 2147 1023 2227 5155155115,
1040 2155 1078 2210 51
1094 2163 1165 2210 555
1181 2147 1295 2208 551515
1311 2145 1409 2207 viros
1430 2159 1511 2222 gra·

278 2252 448 2317 vissimos
462 2263 497 2317 et
517 2253 741 2318 doctissimos
761 2263 797 2318 et
817 2255 1064 2333 511551551155,
1082 2257 1142 2334 551
1157 2252 1359 2330 audiebant,
1377 2249 1515 2314 laetitia

280 2358 546 2438 perfunderent,
562 2359 625 2423 sed
641 2361 686 2424 ad
700 2361 828 2424 uberes
842 2361 950 2424 etiam
965 2363 1146 2441 lacrymas
1162 2367 1438 2436 commoverent;
1454 2356 1516 2438 qui

277 2483 462 2546 nunquam
480 2483 519 2530 se
537 2483 596 2531 res
616 2466 817 2548 hujusmodi
836 2468 970 2533 vidisse
990 2478 1051 2531 aut
1073 2468 1255 2547 accepisse
1277 2463 1515 2542 affirmabant;

277 2572 441 2653 quamvis
456 2574 547 2637 inter
561 2591 624 2637 eos
638 2585 756 2638 essent
772 2575 937 2639 doctores
952 2585 986 2638 et
1002 2573 1223 2655 professores
1237 2574 1436 2636 litterarum
1449 2571 1515 2634 hu·

278 2681 999 2760 1555151551,5155551551555551555551
1018 2681 1133 2761 multi,
1156 2680 1216 2762 qui
1236 2697 1299 2761 per
1320 2688 1432 2743 totam
1456 2695 1516 2742 ur·

280 2788 359 2851 bem
373 2805 445 2851 non
460 2789 649 2852 cessabant
663 2788 827 2853 laudibus
847 2790 967 2854 multis
987 2789 1095 2867 haec,
1117 2806 1208 2868 quae
1229 2788 1405 2865 viderant,
1426 2788 1515 2849 cele·

283 2894 401 2957 brare.

341 3000 413 3063 336.
456 3001 495 3064 15
515 3000 616 3065 155115
634 3011 754 3067 551515
776 3004 958 3083 5515111115,
979 3021 1067 3084 puer
1083 3004 1226 3085 quidam
1247 3000 1412 3081 patritius
1435 3018 1515 3063 ora·

286 3108 419 3171 tionem
432 3108 623 3189 quamdam
638 3111 682 3174 de
697 3110 839 3174 Christo
855 3120 939 3174 nato
956 3121 1056 3174 tanta
1082 3110 1254 3190 dignitate
1279 3107 1463 3189 peroravit
1477 3107 1514 3169 in

284 3230 416 3294 magna
435 3216 596 3280 virorum
621 3217 831 3298 frequentia,
859 3229 898 3280 ut
921 3228 1064 3298 praeter
1090 3216 1319 3280 eruditissimi
1345 3212 1519 3294 cujusque

281 3321 558 3385 commotionem
572 3340 683 3404 usque
708 3325 754 3388 ad
776 3326 968 3405 lacrymas,
995 3323 1222 3387 admirationi
1247 3322 1355 3385 etiam
1373 3321 1516 3385 cunctis

280 3438 388 3490 esset.
404 3426 471 3491 Cui
485 3430 639 3494 orationi
653 3432 827 3495 successit
841 3431 1008 3495 Caesaris
1024 3430 1177 3511 Augusti
1192 3430 1385 3509 descriptio
1406 3429 1427 3507 ¹,
1443 3427 1515 3492 Na·

281 3533 404 3597 tivitas
429 3534 571 3613 Cbristi,
598 3537 782 3600 veneratio
801 3536 1002 3616 Pastorum,
1030 3538 1205 3600 adventus
1227 3534 1367 3615 Regum
1390 3534 1519 3599 Hiero·

282 3642 468 3721 solymam,
494 3653 530 3705 et
554 3642 660 3706 Pueri
683 3642 767 3725 Jesu
792 3643 974 3719 adoratio;
1003 3662 1094 3725 quae
1122 3644 1241 3707 omnia
1269 3642 1361 3705 idem
1391 3650 1520 3705 auctor

281 3748 441 3811 carmine
448 3750 655 3830 complexus
663 3750 790 3829 luerat,
803 3759 838 3813 et
848 3761 1097 3831 expectatores
1105 3766 1237 3829 magna
1249 3749 1425 3830 spirituali
1433 3765 1515 3811 con·

284 3854 458 3917 solatione
484 3854 698 3934 affecerunt,
722 3868 757 3920 et
787 3866 888 3920 tanta
911 3856 1111 3937 frequentia
1135 3856 1200 3920 suit
1232 3857 1451 3933 auditorum,
1478 3862 1518 3916 ut

283 3962 479 4041 oportuerit
493 3963 666 4025 satellites
682 3963 849 4044 praesidii
863 3964 1098 4027 Bononiensis
1113 3980 1177 4043 pro
1192 3962 1326 4027 foribus
1346 3972 1453 4039 stare,
1472 3978 1520 4023 ne

283 4067 481 4149 quisquam,
498 4069 565 4132 nisi
581 4068 753 4149 eruditus,
770 4071 944 4134 introiret.
961 4070 1004 4133 Et
1019 4080 1073 4133 ter
1088 4071 1248 4133 eamdem
1267 4068 1443 4131 actionem
1459 4067 1519 4131 edi

284 4192 431 4238 necesse
450 4173 526 4254 fuit,
554 4176 612 4239 551
632 4176 764 4241 Rector
787 4178 1041 4255 universitatis,
1068 4188 1102 4239 et
1128 4177 1284 4239 omnium
1308 4174 1520 4239 facultatum

283 4280 509 4345 Professores
524 4299 597 4345 non
622 4285 739 4362 pauci,
766 4285 922 4348 etmulti
946 4285 1053 4347 etiam
1078 4292 1260 4346 senatores
1285 4292 1319 4346 et
1340 4282 1518 4361 canonici,

282 4401 390 4467 atque
406 4390 466 4452 alii
480 4390 550 4452 viri
567 4390 663 4453 docti
678 4391 922 4455 interfuerunt.
939 4390 978 4454 ln
993 4392 1098 4455 tertia
1113 4398 1232 4453 autem
1242 4390 1382 4453 actione
1394 4406 1520 4452 omnes

283 4496 465 4559 auditores
483 4508 518 4561 et
533 4506 784 4577 expectatores
808 4499 1013 4561 sacerdotes
1038 4507 1073 4560 et
1096 4498 1263 4561 monachi
1287 4514 1332 4560 ex
1357 4496 1524 4560 omnibus

330 4739 340 4771 ¹
369 4737 424 4783 1155
430 4748 479 4783 est:
490 4739 767 4785 “5515111515<,“555515
778 4740 932 4794 Augurtout
943 4738 1524 4793 5555115515111155115155551515,1.55,,11,1.
