3717 5400
312 472 316 478 ’
378 458 434 516 tto
844 459 973 519 Canon.
994 458 1070 517 Soc.
1091 458 1161 531 Jns.

383 612 476 682 tuor,
492 603 689 668 latitudinis
704 604 831 685 viginti
848 614 882 668 et
893 606 997 669 unius
1007 605 1148 685 pedum.
1162 604 1302 669 Chorus
1312 606 1420 669 etiam
1433 606 1618 672 conlectus

378 724 444 787 est,
462 713 498 775 in
513 713 692 793 superiori
705 712 861 794 quadam
874 722 987 794 parte,
1010 712 1056 775 ad
1075 721 1278 777 nostrorum
1292 730 1405 777 usum.
1429 714 1550 795 ltaque
1567 716 1615 787 ad

380 822 514 901 aliquot
529 837 642 884 annos
657 821 781 899 nostri,
808 819 854 883 ad
877 819 1121 883 consessiones
1145 821 1341 885 audiendas
1365 830 1400 884 et
1421 821 1610 889 Missarum

378 928 555 991 sacrificia
581 926 793 991 celebranda
809 937 844 991 et
858 927 904 991 ad
919 926 1095 1008 quaedam
1113 928 1184 990 alia
1198 926 1406 1007 ministeria,
1422 937 1613 1011 utcumque

378 1034 666 1099 commoditatem
683 1034 839 1116 aliquam
854 1035 1064 1099 habuerunt.

439 1142 527 1206 1199.
575 1142 695 1206 Prima
722 1151 842 1206 autem
869 1142 981 1207 Missa
1005 1141 1135 1207 ibidem
1160 1143 1339 1207 celebrata
1368 1142 1435 1208 suit
1461 1143 1613 1207 sabbato

377 1250 515 1329 primae
529 1249 772 1313 hebdomadae
787 1248 1103 1330 Quadragesimae,
1119 1257 1155 1313 et
1166 1268 1245 1313 eam
1256 1250 1448 1313 celebravit
1458 1251 1611 1330 ipsemet

381 1357 576 1420 canonicus
590 1356 658 1420 Del
673 1356 767 1423 Pozo
782 1372 863 1419 cum
877 1373 1010 1435 magna
1025 1356 1248 1421 solemnitate
1263 1366 1389 1420 cantus
1410 1367 1445 1420 et
1460 1373 1613 1436 organo

381 1481 463 1527 rum
478 1480 521 1527 ac
536 1464 719 1526 variorum
739 1464 889 1526 aliorum
912 1464 1238 1542 instrumentorum;
1260 1473 1293 1526 et
1310 1464 1542 1528 concionatus
1557 1476 1612 1529 est

377 1571 454 1651 ipse
473 1570 512 1634 P.
533 1569 740 1650 Alphonsus
753 1571 873 1650 Lopez
894 1570 929 1632 in
955 1569 1080 1633 eodem
1105 1587 1201 1633 novo
1222 1571 1353 1634 sacello
1378 1588 1459 1634 cum
1476 1588 1609 1650 magna

376 1678 554 1757 spirituali
570 1677 825 1756 consolatione,
847 1685 921 1740 tam
937 1677 1049 1757 ipsius
1068 1678 1243 1755 canonici,
1269 1694 1376 1758 quam
1394 1678 1612 1760 reliquorum

375 1785 589 1847 auditorum.

439 1890 527 1955 1200.
570 1889 677 1953 Dedit
697 1899 816 1953 autem
836 1890 930 1955 idem
949 1890 1141 1954 canonicus
1165 1891 1268 1953 varia
1293 1899 1512 1970 ornamenta,
1532 1901 1610 1964 tum

375 2000 420 2061 ad
437 2000 555 2080 ipsum
570 1999 740 2062 sacellum
755 1997 965 2075 ornandum,
982 2007 1057 2062 tum
1071 1998 1117 2062 ad
1130 1999 1227 2078 ipsos
1246 1993 1452 2062 sacerdotes
1473 2000 1606 2063 sacrifi·

378 2106 474 2169 cium
489 2105 687 2183 offerentes,
715 2112 750 2168 et
764 2104 810 2167 ad
834 2105 950 2185 ipsum
974 2104 1244 2169 Sanctissimum
1268 2104 1536 2169 Sacramentum
1550 2107 1608 2170 de«

377 2223 499 2277 center
513 2213 716 2301 tenendum3
732 2220 766 2274 et
786 2212 816 2273 si
840 2212 1014 2291 potuisset
1035 2211 1183 2290 Collegii
1202 2211 1361 2276 aedificio
1380 2212 1610 2293 suppeditare

376 2327 553 2399 sumptus
584 2318 813 2382 libentissime
833 2318 941 2381 etiam
965 2318 1119 2396 iecisset3
1144 2316 1206 2381 sed
1230 2318 1275 2381 ad
1298 2321 1467 2383 sacellum
1491 2320 1610 2400 ipsum

373 2426 662 2490 concinnandum
675 2442 763 2489 vasa
775 2424 951 2505 quaedam
963 2434 1132 2504 argentea
1144 2434 1177 2487 et
1190 2442 1298 2488 aurea
1306 2426 1460 2489 vendere
1471 2426 1604 2495 debuit.

371 2534 454 2597 Fuit
483 2543 602 2597 autem
628 2534 799 2596 sacellum
823 2532 888 2595 sub
918 2530 1069 2595 Nomine
1096 2531 1137 2595 B.
1162 2531 1325 2613 Virginis
1349 2532 1483 2597 Mariae
1512 2534 1604 2597 dedi-

371 2651 491 2705 catum
508 2639 528 2701 ¹.

438 2748 527 2812 1201.
569 2747 775 2830 Spiritualia
806 2747 978 2811 exercitia
1005 2747 1079 2810 iere
1111 2763 1251 2826 semper
1283 2748 1389 2812 alicui
1422 2749 1608 2832 proposita

370 2856 531 2935 fuerunt;
547 2865 581 2919 et
595 2856 786 2936 praecipue
800 2854 856 2918 vir
871 2854 1015 2936 quidam
1031 2854 1304 2933 ecclesiasticus,
1321 2854 1457 2929 doctuS,
1475 2865 1509 2918 et
1523 2873 1601 2935 pru·

373 2963 472 3042 dens,
488 2971 523 3025 et
536 2961 744 3026 beneficium
758 2961 795 3025 in
810 2960 936 3025 eadem
955 2961 1090 3023 habens
1105 2960 1264 3039 civitate,
1287 2979 1357 3024 non
1377 2963 1606 3026 mediocriter

373 3071 409 3133 in
425 3071 477 3134 eis
492 3070 653 3150 profecit,
671 3068 837 3150 quamvis
851 3077 885 3131 et
901 3068 1026 3149 reliqui
1040 3068 1126 3130 satis
1138 3068 1382 3148 proiecissent.
1399 3067 1437 3131 P.
1453 3068 1605 3140 Pertusa
1622 3119 1625 3124 .

368 3195 559 3241 carcerem
573 3177 753 3255 visitabat,
769 3185 898 3239 etcum
910 3174 1104 3255 jubilaeum
1118 3175 1166 3238 ibi
1181 3175 1398 3256 publicatum
1412 3186 1476 3255 est,
1493 3193 1537 3238 ne
1557 3193 1602 3245 ea.

371 3284 492 3366 gratia
506 3285 744 3366 privarentur,
761 3284 871 3364 quiin
884 3283 1066 3364 praedicta
1082 3283 1243 3346 custodia
1258 3283 1514 3362 detinebantur,
1527 3284 1604 3347 fere

368 3393 531 3455 omnium
546 3391 788 3454 confessiones
804 3390 950 3468 audivit,
968 3400 1002 3453 et
1013 3399 1094 3469 post
1107 3388 1247 3453 Pascha
1262 3391 1308 3453 ad
1319 3407 1381 3453 eos
1395 3390 1602 3469 audiendoS,

368 3500 430 3578 qui
444 3499 571 3580 reliqui
591 3508 703 3576 erant,
720 3496 836 3560 rediit.

435 3605 523 3668 1202.
566 3605 606 3668 In
620 3606 710 3668 sesto
727 3603 787 3669 83¹
805 3604 990 3667 Michaelis
1011 3605 1070 3667 vel
1088 3605 1186 3666 circa
1206 3604 1302 3682 illud,
1324 3604 1369 3666 ad
1388 3621 1519 3667 novam
1540 3604 1604 3667 dos

370 3730 480 3791 mum,
508 3713 787 3776 commodiorem
812 3712 858 3775 ad
878 3722 1002 3774 nostra
1025 3711 1232 3789 ministeria,
1253 3710 1366 3773 nostri
1388 3710 1600 3790 migrarunt,
1650 3726 1652 3730 ⁴

368 3837 460 3900 quae
474 3829 615 3901 portam
629 3819 783 3883 habebat
797 3819 843 3882 ad
857 3819 956 3883 viam
971 3817 1161 3900 quamdam
1182 3816 1360 3898 publicam
1379 3817 1601 3898 primariam,

371 3938 405 3991 et
420 3927 594 3991 ecclesiae
619 3944 734 3990 novae
756 3925 944 4005 conjuncta
960 3936 1047 4004 erat,
1065 3941 1155 4005 quae
1177 3923 1222 3988 ad
1243 3923 1403 3987 eamdem
1417 3925 1514 3989 viam
1529 3926 1601 3988 exi«

286 4065 289 4068 ⁴
367 4045 444 4098 tum
458 4035 622 4098 habebat.

408 4277 416 4309 ¹
445 4276 513 4329 “Que
524 4276 549 4318 el
563 4274 604 4318 Sr.
620 4272 762 4327 Candnlgo,
779 4273 905 4317 lundador
916 4273 947 4316 de
964 4283 1006 4316 eae
1018 4271 1131 4326 Colegio,
1147 4281 1218 4328 vaya
1233 4271 1368 4314 creclendo
1378 4281 1410 4314 en
1425 4270 1518 4315 aficion
1532 4283 1599 4326 paru

367 4358 416 4391 con
426 4357 471 4391 eae
481 4348 555 4400 obre,
566 4356 614 4400 que
625 4345 660 4389 ha
670 4346 833 4396 comenzado,
848 4356 919 4388 noes
933 4346 964 4387 de
974 4343 1137 4396 meravillan
1148 4353 1211 4396 pues
1225 4343 1296 4386 ultra
1311 4343 1341 4384 de
1357 4345 1381 4386 lo
1396 4353 1445 4397 que
1458 4343 1553 4386 inclina
1571 4345 1596 4387 la

368 4426 465 4462 nature
475 4417 541 4461 cada
551 4425 628 4460 autor
639 4420 654 4460 i
664 4427 708 4460 sus
718 4419 804 4468 obras,
815 4419 969 4460 aumentard
983 4417 1009 4459 la
1019 4414 1126 4458 caridad
1137 4423 1167 4456 en
1181 4425 1212 4458 su
1222 4414 1309 4458 anima
1325 4415 1349 4458 el
1360 4425 1409 4468 que
1424 4426 1452 4457 es
1466 4413 1595 4470 infinita)-

367 4501 443 4534 sumt
453 4488 568 4542 carldad,
579 4500 642 4542 pnes
652 4494 698 4532 tun
708 4491 766 4533 bien
777 4489 812 4532 ha
822 4487 964 4542 ejercltado
973 4499 991 4543 y
1001 4486 1135 4541 emplendo
1145 4487 1170 4529 la
1179 4497 1227 4542 que
1235 4487 1258 4529 le
1269 4496 1315 4529 era
1324 4486 1426 4542 dadtuy
1437 4487 1476 4529 asl
1487 4497 1514 4529 se
1524 4487 1548 4529 lo
1557 4497 1598 4528 su·

366 4562 523 4616 plicaremoo
531 4561 617 4610 todos‚
627 4572 700 4606 corno
710 4563 734 4605 el
744 4560 868 4604 beneficio
882 4562 966 4616 ymas
976 4569 1027 4602 aun
1038 4559 1062 4602 el
1077 4557 1162 4601 animo
1172 4568 1218 4600 nos
1228 4557 1329 4611 obliga.
1341 4555 1418 4601 Ntro.
1435 4556 1520 4600 Padre
1537 4559 1600 4607 besu

337 4666 339 4671 .
367 4644 412 4677 aus
422 4643 520 4683 manos.
530 4632 768 4676 encomendandose
778 4643 810 4675 en
819 4643 849 4675 su
859 4631 972 4685 gracia,
982 4629 1119 4683 Polancus,
1131 4639 1163 4672 ex
1178 4639 1254 4681 com„
1265 4628 1338 4672 Patri
1350 4627 1482 4683 Alphonso
1500 4627 1585 4682 Lopez

367 4704 393 4748 te
402 4703 471 4757 Junii
483 4703 541 4748 1555.
