3717 5400
374 491 426 549 lot
829 491 958 549 ennon.
980 489 1057 548 Soc.
1078 490 1149 562 Jas.

371 653 454 699 nem
482 636 597 713 missi,
621 636 766 699 scholae
786 645 981 716 praeesset.
1003 634 1099 698 Misit
1119 643 1305 713 praeterea
1326 633 1363 697 P.
1384 632 1572 713 Aloysium
1594 631 1603 664 ¹

370 761 453 806 cum
467 742 603 806 duobus
618 743 698 806 aliis
711 742 901 820 fratribus;
923 741 1023 806 etita
1045 759 1088 804 eo
1109 751 1286 822 tempore,
1307 758 1377 820 quo
1398 741 1509 821 pestis
1531 757 1605 802 sae·

370 848 501 929 vicbat,
517 859 655 913 tantum
670 850 818 930 ipsemet
833 849 965 913 Rector
980 867 1061 912 cum
1076 850 1145 912 alio
1160 849 1346 913 sacerdote
1365 857 1400 910 et
1418 848 1531 911 tribus
1546 845 1603 909 vel

369 967 521 1036 quatuor
535 956 704 1020 fratribus
719 956 861 1020 Patavii
875 958 1016 1020 mansit.

430 1063 500 1126 472.
543 1065 644 1128 Haec
657 1074 776 1127 autem
791 1065 902 1144 pestis
916 1081 1109 1144 corporum
1123 1081 1194 1126 non
1215 1063 1338 1143 paucis
1360 1080 1469 1127 causa
1483 1062 1549 1125 suit
1562 1072 1603 1126 ut

370 1189 391 1232 a
406 1183 504 1249 peste
520 1172 719 1234 animarum
732 1181 962 1249 sanarentur;
981 1171 1109 1234 accidit
1125 1171 1218 1233 enlm
1239 1179 1277 1232 ut
1299 1168 1542 1233 confessiones
1560 1167 1602 1231 30

370 1279 428 1340 vel
438 1277 479 1340 40
489 1295 664 1341 annorum
673 1278 889 1357 audirentur,
903 1290 1026 1342 etcum
1039 1279 1208 1357 lacrymis
1220 1279 1391 1342 auxilinm
1400 1277 1602 1340 orationum

371 1385 563 1464 aliquando
579 1387 743 1450 anostris
753 1388 952 1466 petebatur,
967 1397 1037 1448 uta
1050 1386 1208 1464 peccatis
1223 1385 1399 1462 recedere,
1414 1383 1490 1447 Deo
1509 1382 1603 1462 adju-

368 1501 487 1571 vante,
508 1506 665 1573 possent.
690 1493 811 1556 Mense
835 1503 955 1555 antem
973 1471 1177 1570 Novembri,
1199 1509 1279 1554 cum
1302 1489 1376 1570 jam
1396 1491 1506 1571 pestis
1530 1509 1603 1554 ces·

369 1611 495 1677 sasset,
513 1610 547 1663 et
561 1601 686 1676 nostri,
703 1601 764 1681 qui
776 1598 947 1663 Venetias
959 1599 1110 1676 iverant,
1128 1600 1288 1661 revocati
1303 1599 1602 1678 etscholaeaper·

371 1715 428 1768 tae
444 1716 537 1785 sunt,
560 1706 606 1769 ad
629 1725 729 1786 quaS,
757 1709 848 1770 ultra
872 1705 1110 1786 quadraginta
1136 1716 1168 1768 et
1190 1705 1316 1768 deinde
1331 1705 1601 1785 quinquaginta,

370 1815 476 1892 pauci
491 1813 692 1893 admodum,
711 1825 749 1876 ut
763 1814 930 1892 diximus,
948 1815 1150 1876 veniebant.

431 1921 475 1986 Et
490 1921 580 1985 haec
595 1922 639 1984 de
654 1921 829 1985 Patauino
846 1921 1016 2001 Collegio.

426 2669 496 2732 473.
540 2669 631 2733 Nam
644 2670 688 2734 de
704 2670 920 2734 Bassanensi
936 2673 1013 2734 loco
1031 2681 1166 2734 nonest
1180 2669 1274 2751 quod
1294 2672 1403 2734 multa
1420 2670 1596 2744 dicantur,

365 2778 428 2856 qui
443 2778 479 2839 in
494 2779 620 2840 eodem
635 2789 729 2840 statu
745 2777 821 2857 suit,
843 2796 913 2859 quo
939 2796 1032 2841 anno
1058 2777 1285 2857 praecedenti
1311 2778 1474 2841 diximus.
1492 2776 1544 2839 Eo
1560 2794 1598 2839 se

367 2886 568 2947 contulerat
583 2884 621 2946 P.
638 2884 760 2949 Simon
775 2884 988 2965 Rodriguez,
1006 2902 1087 2949 cum
1105 2884 1264 2948 Venetiis
1278 2886 1369 2947 male
1391 2885 1547 2962 haberet,
1565 2896 1598 2945 et

368 2990 498 3054 ibidem
513 2993 752 3055 valetudinem
768 2994 930 3072 corporis
955 2996 1047 3055 bona
1074 3012 1118 3055 ex
1137 3004 1238 3072 parte
1257 2991 1393 3069 refecit,
1415 3004 1449 3053 et
1469 2991 1507 3054 P.
1529 2990 1597 3053 Ga-

367 3115 452 3177 spar
468 3098 648 3177 Gropillus
665 3100 876 3163 charitatem
897 3102 930 3163 ei
955 3100 1190 3181 impendebat.
1217 3100 1268 3162 Eo
1284 3100 1391 3162 etiam
1409 3100 1506 3161 venit
1530 3098 1599 3160 20.a

365 3203 449 3285 Julii
465 3206 501 3267 P.
529 3205 677 3284 Natalis,
691 3205 792 3285 jussu
809 3207 925 3270 Patris
940 3207 1080 3285 Ignatii,
1099 3226 1168 3270 non
1184 3209 1297 3269 solnm
1313 3216 1349 3269 ut
1370 3208 1486 3269 locum
1500 3206 1598 3268 illum

368 3313 568 3391 dispiceret,
586 3314 647 3376 sed
663 3315 770 3376 etiam
785 3324 824 3377 ut
841 3332 922 3377 cum
938 3314 974 3377 P.
993 3312 1134 3378 Simone
1150 3317 1365 3393 loqueretur.
1382 3314 1425 3376 Et
1443 3312 1532 3375 satis
1548 3313 1598 3375 in·

364 3420 545 3483 tellectum
560 3431 613 3484 est
635 3422 729 3500 quod
745 3423 951 3501 temporalis
967 3422 1201 3485 commoditas
1217 3421 1261 3484 ad
1283 3420 1479 3500 Collegium
1499 3421 1597 3484 insti·

366 3526 534 3590 tuendum
549 3537 634 3590 tunc
649 3546 720 3591 non
736 3542 826 3606 erat,
840 3530 1004 3608 quamvis
1020 3528 1091 3591 tres'
1108 3538 1168 3591 aut
1183 3539 1335 3608 quatuor
1350 3530 1386 3591 in
1406 3530 1482 3607 ipso
1498 3528 1595 3590 here·

367 3632 507 3696 mltorio
522 3636 641 3715 aliquo
657 3636 773 3713 modu,
791 3636 828 3698 id
851 3648 915 3714 est,
939 3653 1064 3715 parum
1091 3636 1187 3698 civili
1205 3636 1397 3698 sustentari
1418 3644 1594 3715 poterant.

424 3739 494 3803 474.
539 3742 642 3821 Quod
658 3742 751 3805 adP.
770 3741 949 3806 Simonem
966 3744 1101 3819 attinet,
1124 3759 1316 3805 memorem
1341 3743 1476 3804 invenit
1499 3743 1597 3805 illum

361 3850 559 3911 sententiae
587 3851 694 3912 trium
709 3850 861 3927 illorum,
879 3850 940 3929 qui
956 3868 977 3911 a
1000 3848 1037 3912 P.
1061 3850 1199 3930 ignatio
1220 3850 1397 3927 designati
1416 3849 1556 3912 fuerant
1571 3848 1595 3927 ¹;

361 3956 426 4018 sed
440 3956 475 4017 id
491 3955 619 4035 effecit,
637 3967 675 4019 ut
692 3958 738 4020 ad
752 3956 790 4019 P.
809 3956 988 4037 Ignatium
1010 3958 1195 4035 scriberet,
1220 3968 1421 4036 promptum
1441 3957 1597 4017 animum

360 4080 465 4125 suum
480 4063 525 4125 ad
541 4063 775 4126 obediendum
788 4062 981 4142 offerendo,
997 4073 1030 4127 et
1042 4065 1235 4143 plenariam
1249 4063 1506 4143 indulgentiam
1518 4080 1598 4125 cum

362 4170 569 4232 remissione
585 4172 711 4250 culpae
727 4181 760 4233 ct
788 4188 923 4249 poenae
951 4172 995 4234 ab
1022 4190 1063 4234 eo
1089 4170 1311 4250 postulando.
1340 4170 1383 4233 Et
1409 4170 1546 4250 redegit
1561 4171 1598 4233 in
1645 4152 1652 4171 ⁰

363 4277 571 4339 memoriam
586 4278 659 4340 suis
673 4277 801 4340 litteris
818 4278 854 4340 P.
873 4278 1024 4359 Ignatio,
1042 4278 1136 4358 quod
1151 4279 1248 4341 circa
1261 4278 1354 4341 idem
1370 4270 1508 4357 tempus
1528 4278 1594 4340 sci·

359 4382 442 4444 licet
468 4386 598 4445 mensis
624 4384 851 4463 Septembris
881 4386 1080 4448 octodecim
1107 4402 1218 4447 annos
1234 4394 1351 4464 antea,
1380 4384 1416 4447 P.
1435 4386 1598 4463 ignatius

373 4562 464 4569 0—-

402 4665 409 4695 ¹
442 4663 467 4706 P.
480 4662 613 4717 aloysium
625 4662 698 4716 Napi.
712 4662 778 4705 Vide
790 4662 912 4706 Litterae
923 4660 1177 4714 Quadrimestres,t
1202 4674 1238 4717 nr,
1257 4674 1317 4718 pag.
1333 4664 1381 4708 661.

402 4737 413 4766 2
442 4735 507 4778 Vide
514 4745 601 4788 supra,
614 4743 631 4777 t.
645 4746 680 4787 ιν,
695 4746 754 4789 pag.
764 4736 785 4788 7,
797 4748 821 4779 n.
832 4737 853 4779 6.
