3717 5400
360 442 415 522 ι694
449 447 451 450 ’
820 441 949 503 Canon.
970 443 1046 505 Soc.
1067 444 1138 518 Jas.

363 589 398 651 id
410 588 499 652 duos
510 589 705 653 monachos
715 588 821 666 misit,
835 589 895 671 qui
909 588 945 651 in
957 589 1382 679 sermonemchaidaeum
1396 598 1591 671 verterent,

363 695 458 775 quod
470 711 534 776 per
549 695 736 775 quemdam
752 696 974 775 Alphonsum
989 697 1033 760 de
1047 696 1076 759 F
1078 697 1225 777 rancha,
1247 697 1307 778 qui
1329 698 1366 760 in
1384 696 1494 778 Regis
1508 696 1592 761 Por·

363 803 532 881 tugalliae
547 802 709 866 cubiculo
725 803 911 881 servierat,
927 803 1116 867 diceretur.

368 986 371 993 ,
427 908 513 971 1930.
557 908 716 973 Dictavit
730 919 849 973 autem
864 908 902 973 P.
920 909 1100 975 Gonzalus
1115 928 1290 975 summam
1309 910 1516 976 Catholicae
1535 912 1592 975 Fi·

364 1016 432 1092 dei,
449 1033 590 1079 errores
604 1016 709 1079 simul
723 1016 949 1095 confutando,
966 1034 1056 1097 quos
1068 1018 1103 1080 iu
1119 1034 1229 1098 regno
1245 1018 1458 1099 Aethiopiae
1476 1018 1594 1082 obser·

364 1140 526 1207 voverat.
552 1122 623 1187 Sed
647 1123 816 1204 impedire
840 1124 992 1187 daemon
1019 1122 1026 1153 ¹
1052 1124 1240 1204 nitebatur,
1267 1143 1312 1189 ne
1334 1136 1499 1202 coeptum
1524 1126 1592 1189 hoc

366 1247 456 1309 opus
470 1230 725 1308 absolveretur,
741 1248 821 1294 cum
837 1248 908 1293 non
923 1230 1165 1295 invenirentur
1178 1232 1355 1309 monachi,
1371 1233 1431 1314 qui
1447 1233 1484 1296 in
1499 1232 1594 1295 chal·

366 1338 492 1401 dueum
504 1355 716 1416 sermonem,
729 1349 767 1401 ut
779 1337 906 1401 illiduo
917 1350 1121 1419 coeperant,
1136 1338 1229 1420 quod
1241 1340 1416 1419 reliquum
1429 1349 1505 1402 erat
1519 1356 1593 1403 ver·

365 1454 480 1507 terent
494 1462 537 1507 ac
552 1445 757 1508 scriberent.
773 1444 896 1524 Itaque
909 1445 984 1508 dux
998 1445 1233 1509 lusitanorum
1245 1456 1392 1509 coactus
1404 1446 1468 1508 suit
1484 1446 1594 1509 semel

367 1562 472 1631 atque
487 1552 615 1615 iterum
629 1551 825 1614 monachos
839 1550 1034 1630 scriptores
1050 1570 1071 1615 a
1087 1550 1185 1631 Rege
1201 1564 1337 1633 petere,
1354 1565 1388 1616 et
1403 1570 1475 1616 non
1489 1554 1594 1633 impe·

368 1667 534 1733 trassent,
551 1658 580 1720 si
596 1656 674 1721 Rex
686 1657 916 1720 intellexisset
928 1674 1019 1737 quae
1031 1659 1200 1739 scripturi
1212 1670 1325 1722 erant.
1338 1657 1476 1739 Regina
1487 1660 1595 1723 etiam

367 1763 545 1827 nitebatur
560 1765 596 1827 id
609 1765 791 1845 impedire,
807 1763 1028 1828 sedtandem
1044 1782 1101 1827 res
1116 1764 1279 1828 conlecta
1293 1764 1369 1829 luit.

430 1870 517 1933 1931.
560 1871 630 1934 20.²
644 1888 732 1951 ergo
747 1870 902 1950 Augusti
918 1871 999 1952 (quo
1015 1880 1173 1951 tempore
1185 1870 1259 1950 jam
1278 1874 1404 1952 hyems
1424 1872 1469 1935 ad
1489 1871 1595 1935 finem

367 1977 496 2055 vergit)
517 1976 562 2039 ad
581 1976 715 2058 Regem
734 1980 746 2007 ¹
764 1995 846 2041 curn
864 1978 924 2040 illo
944 1975 1127 2041 Praefecto
1153 1978 1303 2041 militum
1322 1989 1356 2041 et
1378 1990 1514 2059 septem
1534 1986 1596 2041 aut

369 2098 449 2147 octo
476 2085 639 2149 lusitanis
667 2084 764 2148 venit
796 2086 832 2149 in
860 2084 1051 2165 quamdam
1083 2101 1280 2166 pauperum
1313 2086 1473 2164 domum,
1504 2102 1597 2167 quae

369 2192 502 2272 optima
523 2205 600 2255 erat
620 2192 726 2255 totius
746 2192 974 2273 Aethiopiae,
1003 2204 1037 2255 et
1063 2192 1110 2255 ibi
1137 2202 1371 2273 expectarent
1390 2193 1503 2256 donec
1519 2190 1598 2255 Rex

369 2317 411 2361 eo
427 2300 538 2378 venit;
556 2310 590 2362 et
609 2317 691 2363 cum
710 2300 746 2362 in
761 2302 889 2363 lectulo
909 2300 1011 2362 solito
1026 2299 1176 2379 sederet,
1194 2310 1338 2362 nostros
1354 2298 1458 2378 jussit
1478 2316 1598 2361 accer-

368 2406 441 2470 siri.
463 2404 620 2470 Genibus
640 2418 758 2470 autem
773 2424 896 2469 coram
914 2424 957 2469 eo
975 2404 1087 2484 flexis,
1108 2423 1253 2469 manum
1272 2406 1384 2486 ipsius
1404 2404 1442 2469 P.
1459 2404 1599 2469 Gonza·

368 2516 424 2576 lus
443 2516 622 2577 osculatus
641 2530 709 2592 est,
736 2526 871 2577 etcum
892 2514 1064 2593 inciperet
1086 2513 1118 2575 ei
1144 2513 1328 2575 declarare
1347 2513 1401 2576 sui
1425 2512 1599 2575 adventus

369 2638 533 2699 causam,
559 2622 746 2701 interrupit
770 2619 849 2683 Rex
874 2619 971 2682 iilum
995 2618 1178 2681 discursus
1203 2630 1237 2681 et
1262 2618 1332 2683 alia
1357 2617 1401 2681 de
1427 2636 1465 2681 re
1490 2634 1599 2699 agere

370 2728 496 2807 coepit,
517 2741 555 2790 ut
571 2729 631 2808 qui
648 2739 795 2808 paratus
810 2737 887 2790 erat
903 2727 950 2790 ad
971 2728 1062 2789 ictus
1084 2725 1324 2790 declinandos.
1342 2725 1448 2790 Dedit
1464 2743 1549 2805 ergo
1566 2727 1599 2790 ei

369 2834 542 2913 scriptum
562 2835 598 2896 in
620 2835 805 2897 chaldaica
828 2835 961 2912 lingua,
986 2832 1079 2913 quod
1098 2835 1216 2912 legere
1231 2834 1363 2912 coepit;
1387 2844 1422 2897 et
1448 2851 1528 2896 curn
1554 2833 1600 2896 ad

368 2943 487 3003 locum
501 2941 690 3022 quemdam
704 2942 935 3020 perveniebat
950 2949 1074 3004 contra
1090 2957 1231 3004 errores
1246 2940 1462 3019 aethiopum,
1483 2939 1529 3002 ad
1551 2942 1599 3003 ul·

368 3048 503 3111 teriora
524 3047 828 3127 progrediebatur.
846 3046 999 3110 Demum
1014 3047 1184 3125 detegens
1203 3047 1296 3127 quod
1310 3047 1347 3110 in
1366 3044 1441 3125 ejus
1456 3056 1600 3127 pectore

369 3155 503 3218 latebat
529 3172 716 3233 venenum,
734 3165 883 3217 amatre
906 3163 941 3217 et
956 3152 1001 3216 ab
1017 3154 1095 3216 aliis
1110 3153 1184 3216 suis
1204 3162 1427 3234 conceptum,
1445 3153 1602 3234 quicum

371 3263 636 3345 oppugnabant,
652 3279 694 3324 ac
710 3264 805 3325 nullo
821 3261 926 3323 modo
947 3262 1037 3323 ritus
1057 3277 1199 3324 suorum
1217 3245 1484 3341 progenitorum
1504 3261 1601 3324 dese·

371 3370 502 3433 rendus
524 3387 601 3432 esse
617 3369 861 3447 affirmabant,
877 3368 968 3430 irato
983 3370 1082 3431 vultu
1099 3379 1203 3448 atque
1218 3370 1330 3431 oculis
1349 3367 1439 3431 dixit
1453 3367 1493 3432 P.
1509 3367 1602 3432 Gon·

371 3480 461 3556 za10,
484 3478 577 3558 quod
597 3478 673 3557 ipse
696 3479 939 3556 postulaverat
954 3474 1159 3538 facultatem
1178 3477 1224 3538 ad
1238 3488 1382 3539 nostrae
1396 3476 1495 3539 Fidei
1510 3477 1603 3540 veri·

363 3594 480 3649 tatem
496 3584 754 3664 explicandam,
771 3596 805 3645 et
826 3582 872 3644 ad
894 3582 930 3644 id
950 3581 1155 3661 monachos,
1174 3583 1234 3663 qui
1249 3583 1373 3646 eadem
1393 3583 1600 3662 scriberent,
1631 3663 1636 3672 ¹

359 3693 626 3778 postulaveram
644 3703 678 3753 et
694 3688 788 3770 quod
802 3707 874 3751 non
886 3690 921 3752 id
933 3689 1173 3768 praestabant,
1190 3687 1249 3751 sed
1264 3689 1380 3768 potius
1396 3705 1536 3752 errores
1551 3689 1603 3754 eis

374 3798 609 3876 adscribebat,
627 3797 686 3877 qui
701 3814 772 3859 non
787 3797 964 3859 errabant.
1597 3768 1606 3791 '

437 3904 525 3967 1932.
568 3904 762 3983 Respondit
787 3913 906 3965 autem
931 3903 981 3965 illi
1005 3900 1043 3964 P.
1071 3900 1253 3966 Gonzalus
1274 3900 1475 3982 Rodriguez
1495 3903 1544 3967 ita
1566 3913 1605 3967 ut

375 4011 466 4091 Regi
481 4012 705 4074 satisfactum
724 4011 781 4073 sit.
805 4009 950 4072 Etcum
972 4009 1029 4070 ille
1055 4009 1188 4072 diceret
1211 4007 1411 4088 hujusmodi
1434 4028 1506 4074 non
1527 4029 1607 4075 esse

375 4119 527 4181 dicenda
543 4137 564 4180 a
580 4118 730 4197 simplici
745 4116 943 4196 sacerdote,
961 4117 1022 4180 sed
1038 4116 1083 4178 ab
1098 4115 1283 4196 Episcopis
1303 4127 1337 4180 et
1355 4117 1608 4196 insignioribus

378 4226 551 4290 Praelatis
566 4236 600 4287 et
621 4243 642 4286 a
661 4223 822 4287 Romano
842 4222 1011 4286 Pontifice
1026 4223 1112 4286 talia
1132 4223 1360 4304 proponenda
1383 4241 1461 4287 esse
1481 4235 1516 4288 et
1534 4242 1610 4288 non

377 4333 424 4394 ab
439 4333 533 4412 ipso,
551 4329 732 4411 respondit
747 4329 936 4409 GonzaluS,
955 4330 1048 4408 quod
1067 4347 1201 4410 pauper
1218 4329 1385 4394 sacerdos
1405 4331 1481 4411 ipse
1501 4342 1609 4412 esset,

424 4614 430 4643 ¹
460 4612 506 4655 his.
516 4611 634 4655 demum.

415 4689 434 4725 2²
460 4685 506 4728 blo.
518 4683 590 4727 addit
600 4693 637 4727 se.
