3717 5400
801 508 867 567 Au.
888 508 960 567 1555
1440 512 1493 570 471

263 664 303 716 ut
317 670 402 716 vere
417 654 569 718 devotus
582 666 677 718 esset
690 655 885 718 foemineos
899 672 1024 731 sexus;
1042 664 1076 717 et
1098 664 1241 719 nostros
1258 656 1434 733 urgebant
1456 668 1496 720 ut

259 761 484 839 'monasterii
500 761 597 841 quod
608 762 792 825 instituere
806 771 843 825 et
856 762 893 824 in
907 761 1002 841 quod
1017 762 1116 841 ipsae
1131 760 1270 840 ingredi
1291 762 1493 841 cupiebant,

256 864 425 930 Societas
438 876 563 931 nostra
576 885 700 932 euram
713 867 921 948 susciperet.
938 866 1038 931 Multi
1054 879 1172 931 autem
1188 886 1258 931 uon
1273 867 1417 931 infimae
1435 886 1495 933 no·

265 983 324 1035 tae
342 973 504 1037 homines
528 975 565 1038 in
589 974 645 1038 his
670 974 849 1039 exercitiis
874 974 1118 1055 spiritualibus
1143 974 1381 1054 profecerunt,
1404 976 1496 1040 etin

256 1079 427 1143 oratione
441 1082 633 1160 praecipue
647 1099 720 1145 nou
732 1080 967 1161 poenitendos
980 1096 1194 1161 progressus
1208 1080 1380 1145 fecerunt.

285 1220 289 1223 -
329 1186 417 1250 1276.
460 1187 567 1251 Dedit
592 1188 701 1253 etiam
724 1186 899 1253 Dominus
927 1188 1047 1251 multis
1075 1186 1239 1267 spiritum
1265 1188 1496 1253 vehementer

265 1310 482 1375 propensum
496 1293 541 1358 ad
557 1312 615 1358 res
630 1294 733 1375 hujus
752 1298 886 1359 saeculi
905 1293 1157 1375 relinquendas
1178 1304 1213 1356 et
1227 1294 1375 1358 consilia
1397 1294 1495 1359 Chri·

264 1401 312 1463 sti
325 1402 507 1479 sectanda,
532 1402 624 1465 inter
642 1420 732 1483 quos
751 1403 860 1484 aliqui
884 1404 930 1467 ad
953 1402 1166 1468 Societatem
1188 1401 1411 1482 aspirabant,
1435 1403 1495 1466 alii

264 1507 472 1587 religionem
490 1507 551 1572 Sfl
569 1508 765 1589 Francisci,
792 1526 927 1586 eorum,
949 1528 1039 1592 quos
1063 1512 1113 1575 ibi
1139 1520 1270 1575 vocant
1293 1510 1496 1582 descalaos.

265 1615 326 1695 qui
346 1615 551 1695 capuccinis
572 1615 696 1679 ltaliae
717 1617 867 1681 similem
888 1618 1001 1682 vitam
1025 1616 1148 1681 Ordini
1168 1618 1279 1698 priori
1301 1616 1361 1682 Sa*
1386 1616 1495 1681 Fran-

259 1722 356 1785 ·cisci
369 1732 497 1803 agunt,
513 1739 644 1802 magna
659 1723 852 1787 severitate
870 1741 1000 1804 corpus
1020 1742 1122 1787 suum
1143 1724 1335 1803 castigant,
1361 1735 1395 1787 et
1416 1741 1497 1789 cum

268 1828 513 1892 aedificatione
535 1846 666 1910 magna
686 1848 729 1893 ea
750 1830 787 1893 in
805 1830 991 1911 provincia
1011 1842 1211 1895 versantur.
1232 1831 1275 1895 Et
1296 1830 1371 1895 fere
1394 1848 1495 1895 sexa·

256 1934 367 2013 -ginta
386 1936 556 2015 virgines,
572 1953 662 2016 quas
681 1945 848 2016 parentes
869 1937 1028 2000 honestis
1049 1937 1136 2000 viris
1156 1937 1298 2001 tradere
1318 1938 1355 2001 in
1376 1938 1495 2001 matri·

266 2042 425 2105 monium
438 2042 617 2119 volebant,
637 2052 774 2107 mutato
796 2044 892 2106 ritae
911 2043 1105 2124 proposito,
1126 2044 1191 2107 soli
1212 2042 1354 2107 Christo
1368 2044 1405 2107 in
1420 2061 1495 2124 per·

267 2156 374 2227 petua
399 2149 565 2212 castitate
586 2150 724 2213 servire
744 2152 940 2229 elegerunt.
965 2150 1042 2213 Hae
1063 2149 1322 2215 confitebantur
1348 2159 1383 2214 et
1403 2168 1494 2215 com·

258 2255 497 2318 ‘manicabant
511 2256 660 2335 singulis
679 2256 911 2321 hebdomadis
935 2268 1057 2321 nostro
1080 2258 1117 2321 iu
1142 2258 1289 2337 sacello;
1320 2267 1354 2320 et
1376 2274 1495 2338 quam·

267 2362 324 2424 vis
338 2361 448 2441 aliqui
463 2360 472 2393 ¹
487 2379 533 2425 ex
548 2363 753 2442 parentibus
771 2380 895 2429 earum
908 2365 944 2427 in
959 2365 1059 2428 initio
1073 2364 1211 2429 difficile
1228 2365 1279 2429 eis
1295 2364 1495 2445 acquiesce-

266 2476 346 2530 rem
361 2467 475 2545 (erant
494 2470 588 2532 enim
610 2469 750 2549 aliquae
765 2487 811 2533 ex
829 2470 884 2533 his
902 2470 1103 2550 virginibus
1125 2470 1218 2535 filiae
1237 2487 1441 2551 procerum,
1460 2480 1494 2533 et

256 2590 347 2637 cum
361 2576 537 2653 opulentis
551 2576 640 2639 viris
654 2587 757 2640 erant
772 2576 1033 2657 conjugandae,
1049 2589 1085 2642 et
1107 2578 1157 2641 ita
1172 2595 1193 2641 a
1215 2578 1367 2658 pueritia
1381 2578 1419 2641 in
1441 2594 1496 2641 or·

264 2691 351 2745 natu
366 2683 586 2762 pereleganti
611 2684 793 2750 institutae
806 2694 842 2748 et
856 2685 1118 2766 quodammodo
1138 2685 1313 2749 enutritae
1328 2684 1493 2764 fuerant),

265 2789 438 2868 paulatim
451 2800 582 2869 tamen,
598 2790 676 2854 Deo
691 2789 896 2871 adjuvante,
912 2801 1079 2872 parentes
1099 2809 1312 2856 consensum
1327 2793 1379 2856 eis
1394 2807 1495 2874 prae·

264 2896 442 2976 stiterunt,
458 2905 494 2959 et
509 2914 591 2961 cum
604 2898 763 2977 ipsorum
780 2899 964 2964 voluntate
983 2909 1018 2963 et
1037 2899 1188 2963 aliarum
1207 2900 1393 2963 mulierum
1408 2899 1495 2962 invi·

256 3002 335 3081 dia,
356 3003 453 3083 quod
475 3005 564 3068 bene
585 3006 622 3068 in
644 3003 799 3068 Domino
821 3016 1080 3086 proposuerant
1100 3007 1417 3086 prosequebantur.
1441 3004 1496 3070 De

256 3109 419 3190 quadam
430 3129 477 3174 ex
486 3112 538 3174 eis
548 3127 622 3174 non
635 3113 769 3191 tacebo,
783 3130 874 3193 quae
886 3129 967 3177 cum
980 3123 1168 3192 cogeretur
1178 3113 1257 3193 ipso
1268 3111 1324 3177 die
1335 3111 1496 3179 Paschae

263 3214 558 3296 Resurrectionis,
575 3218 702 3281 sericis
715 3219 874 3283 vestibus
893 3229 928 3283 et
949 3220 1068 3283 aureis
1083 3219 1302 3283 ornamentis
1316 3237 1383 3300 pro
1397 3235 1495 3282 nore

258 3323 404 3402 ornari,
426 3324 583 3387 obedivit
602 3326 662 3388 illa
682 3326 825 3406 quidem
843 3327 1050 3407 parentibus
1074 3326 1111 3390 in
1135 3336 1284 3390 externo
1304 3328 1412 3402 cultu,
1433 3324 1496 3389 sed

266 3429 333 3494 sub
353 3431 520 3511 pretiosis
539 3432 595 3495 his
616 3434 777 3497 vestibus
794 3433 950 3498 cilicium
970 3433 1098 3511 induit,
1120 3443 1155 3496 et
1174 3434 1287 3496 donec
1309 3433 1494 3513 preciosae

266 3536 347 3600 illae
366 3548 486 3601 uestes
507 3539 552 3602 ab
571 3557 613 3602 ea
638 3540 799 3604 sublatae
823 3540 980 3619 fuerunt,
1007 3559 1028 3604 a
1054 3540 1221 3604 carnibus
1247 3540 1401 3604 cilicium
1425 3557 1495 3603 non

264 3644 429 3709 removit.

327 3749 415 3814 t277.
459 3750 529 3817 Sed
548 3754 585 3817 in
604 3754 811 3818 universum
838 3755 1025 3835 loquendo,
1051 3754 1182 3818 civitas
1207 3753 1285 3835 ipsa
1307 3751 1496 3818 Societau's

264 3857 459 3923 ministerio
477 3854 524 3924 ad
550 3877 717 3940 magnam
742 3861 1030 3926 reformationem
1055 3878 1076 3922 a
1101 3859 1255 3924 Domino
1276 3861 1404 3924 educta
1428 3869 1494 3942 est,

257 3981 346 4028 cum
360 3965 406 4028 ad
420 3965 489 4029 hoc
503 3983 615 4047 usque
629 3976 770 4047 tempus
784 3969 882 4032 velut
896 3967 1126 4032 seminarium
1146 3966 1325 4048 quoddam
1347 3966 1496 4030 offensa-

264 4087 344 4134 rum
357 4070 426 4136 Dei
443 4083 479 4136 et
498 4073 759 4138 discordiarum
779 4074 913 4138 fontem
932 4075 1104 4156 plurimos
1122 4091 1235 4138 anuos
1257 4074 1352 4153 apud
1372 4091 1412 4136 se
1434 4073 1495 4137 ha·

256 4173 406 4256 buisset,
422 4180 459 4243 in
473 4179 563 4244 duas
577 4178 763 4261 factiones,
779 4192 819 4244 ut
832 4181 988 4246 diximus
1013 4184 1034 4260 ²,
1056 4180 1185 4260 divisa,
1212 4190 1247 4244 et
1270 4195 1351 4244 cum
1365 4180 1494 4244 caedes

260 4285 394 4349 multae
407 4286 573 4367 utrinque
587 4287 736 4352 fuissent
759 4298 1016 4368 consequutae,
1035 4305 1140 4352 nemo
1162 4286 1266 4350 domo
1285 4286 1490 4366 egredieba-

254 4398 317 4452 tur
336 4407 382 4454 ex
407 4391 623 4472 primoribus
642 4395 712 4458 nisi
731 4396 841 4459 armis
856 4409 1025 4459 oneratus
1046 4402 1081 4458 et
1103 4391 1308 4458 custodibus
1328 4393 1493 4475 stipatus;

304 4668 312 4701 ¹
343 4670 457 4723 Aliquae
466 4670 492 4715 lu
502 4637 565 4716 m.

297 4739 316 4772 Ὁ
341 4739 435 4796 Supra,
445 4753 505 4797 pag.
515 4743 564 4798 465,
579 4753 604 4786 n.
616 4742 676 4788 tatu.
