3717 5400
413 525 468 584 ott
874 521 1002 584 Cuaon.
1023 522 1101 584 Soc.
1120 523 1191 597 Jas.

412 671 517 736 navis
537 679 614 733 erat
634 671 854 750 ingressura,
876 671 940 734 sed
958 670 1112 751 quidam,
1134 671 1310 751 piscatum
1329 669 1422 734 forte
1441 670 1642 750 egrediens,

412 779 448 842 id
463 775 762 853 animadvertens
780 775 897 854 coepit
912 779 1080 856 clamare3
1096 787 1131 840 et
1146 778 1197 839 sic
1212 793 1335 840 omues
1349 787 1481 841 nautae
1501 777 1649 840 attoniti

412 884 528 948 eflecti
554 894 671 962 erant,
700 890 738 947 ut
763 883 825 948 vix
850 886 1038 946 nauclerus
1063 901 1208 964 compos
1234 893 1328 946 esset
1356 895 1394 951 ut
1419 884 1490 947 alio
1517 884 1640 948 navim

412 1001 602 1066 averteret;
619 991 682 1054 sed
696 989 839 1054 tandem
854 991 1083 1069 declinantes,
1100 991 1225 1054 eadem
1238 1000 1341 1054 nocte
1357 993 1390 1055 in
1413 992 1503 1054 alias
1522 1001 1639 1071 syrtes

411 1098 666 1179 propemodum
682 1097 893 1176 inciderunt,
910 1115 1013 1177 quae,
1037 1097 1119 1178 quia
1141 1114 1213 1160 non
1232 1110 1335 1160 erant
1354 1098 1391 1161 in
1411 1098 1536 1160 charta
1554 1115 1640 1161 nau·

411 1205 496 1270 cleri
516 1205 689 1285 depictae,
710 1203 856 1267 credere
874 1205 1019 1268 nolebat
1040 1206 1134 1284 quod
1153 1205 1294 1268 vicinae
1319 1215 1455 1282 cssent3
1481 1204 1545 1267 sed
1566 1205 1639 1284 qui-

411 1314 489 1376 dam
507 1331 552 1376 ex
567 1311 684 1376 nauus
701 1311 738 1374 in
758 1311 827 1374 alia
850 1327 913 1374 sua
930 1311 1055 1374 charta
1076 1321 1195 1391 syrtes
1214 1312 1294 1375 illas
1315 1311 1513 1391 descriptas
1533 1311 1637 1374 habe-

409 1421 480 1499 bat,
506 1431 551 1499 et,
571 1437 641 1482 non
658 1417 824 1483 credente
839 1420 1020 1495 naucler0,
1043 1416 1082 1480 Ρ.
1099 1417 1264 1497 Quadros
1282 1417 1503 1499 praefectum
1522 1418 1639 1498 ipsum

409 1528 535 1592 classis
555 1527 666 1590 adivit
687 1538 733 1604 et,
751 1526 962 1589 auctoritate
981 1543 1046 1589 sua
1061 1543 1158 1604 usus,
1175 1526 1345 1606 compulit
1360 1526 1565 1590 nauclerum
1580 1542 1639 1588 na·

408 1637 481 1700 vim
507 1647 670 1698 avertere
696 1635 740 1697 ab
767 1634 825 1697 illo
851 1635 941 1711 loco,
964 1632 1059 1713 quod
1083 1634 1114 1696 si
1137 1651 1208 1696 non
1230 1633 1385 1712 fecisset,
1409 1632 1457 1696 ibi
1481 1633 1637 1712 peritura

406 1743 511 1805 navis
526 1753 614 1819 erat,
633 1752 669 1804 ut
685 1741 797 1804 oculis
813 1742 917 1820 paulo
937 1750 1018 1819 post
1041 1740 1282 1820 inspexerunt,
1303 1757 1415 1820 usque
1438 1739 1527 1803 adeo
1546 1741 1637 1820 peri·

407 1852 529 1913 culosa
544 1860 597 1912 est
612 1867 654 1911 ea
670 1849 866 1928 navigati0,
883 1856 922 1910 ut
938 1849 1082 1928 quinon
1097 1859 1248 1911 mortem
1265 1847 1340 1928 Jam
1355 1848 1474 1912 animo
1490 1847 1636 1910 devora·

406 1960 470 2035 vit,
486 1956 549 2018 vix
564 1955 677 2036 possit
692 1973 764 2018 non
779 1955 920 2034 magnis
936 1954 1106 2018 molestiis
1122 1965 1156 2017 et
1173 1955 1281 2018 animi
1300 1955 1480 2018 anxietate
1497 1963 1637 2034 torque·

405 2067 455 2142 ri;
476 2081 566 2143 quae
593 2071 712 2126 tamen
735 2061 838 2142 hujus
860 2063 954 2124 vitae
977 2079 1021 2124 ac
1042 2077 1160 2124 rerum
1185 2061 1433 2141 temporalium
1456 2071 1636 2125 amatores

406 2179 560 2250 angunt,
592 2187 634 2232 ea
664 2178 928 2248 contemptores
958 2177 991 2230 et
1012 2169 1073 2248 qui
1101 2167 1169 2231 Dei
1196 2169 1348 2247 gloriam
1374 2179 1480 2249 atque
1501 2169 1634 2232 anima-

405 2294 484 2340 rum
507 2276 657 2340 salutem
676 2284 861 2356 quaerunt,
885 2275 1602 2355 consolationibusspiritualibusreplere
1624 2273 1632 2306 ¹

405 2387 529 2448 solent.

466 2492 554 2555 1766.
598 2492 683 2555 Post
698 2500 807 2570 caput
822 2489 942 2552 Bonae
957 2487 1040 2568 Spei
1056 2505 1077 2550 a
1092 2498 1194 2566 tergo
1211 2487 1285 2568 jam
1305 2490 1466 2552 relictum
1481 2489 1581 2553 multi
1595 2489 1632 2553 in

407 2599 530 2661 varias
552 2598 793 2680 aegritudines
814 2596 971 2660 incidere
991 2605 1194 2675 coeperuut;
1217 2595 1331 2659 nostri
1350 2605 1470 2660 autem
1487 2614 1557 2660 non
1577 2613 1634 2658 so·

402 2708 475 2773 lum
490 2724 613 2769 curam
633 2706 774 2769 illorum
795 2706 981 2784 gerebant,
1004 2703 1122 2767 sedin
1144 2704 1344 2767 cubiculum
1366 2722 1469 2768 suum
1492 2706 1631 2786 aliquos

401 2814 550 2892 gravius
565 2814 768 2876 laborantes
782 2812 942 2892 recipere
957 2820 1159 2890 coeperunt.
1177 2811 1222 2874 Et
1234 2810 1347 2891 primo
1359 2812 1501 2891 quidem
1512 2831 1630 2893 quem-

401 2920 494 2997 dam,
516 2919 672 2982 febribus
687 2928 721 2981 et
736 2919 872 2981 caduco
892 2918 1016 2981 morbo
1031 2918 1263 2997 laborantem,
1284 2928 1508 2998 receperunt,
1524 2938 1628 3000 quem

399 3024 600 3106 quindecim
615 3026 739 3089 diebus
754 3024 899 3089 sanitati
915 3024 1013 3088 Deus
1028 3024 1197 3103 restituit;
1221 3025 1282 3087 sed
1305 3025 1418 3089 donec
1439 3026 1476 3088 in
1494 3026 1630 3090 Indiam

400 3144 649 3212 pervenerunt,
667 3131 755 3195 duos
770 3134 827 3195 vel
843 3140 915 3195 tres
932 3140 1162 3211 aegrotantes
1176 3132 1213 3194 in
1227 3132 1371 3211 proprio
1386 3133 1548 3196 cubiculo
1568 3135 1631 3197 ha·

398 3241 559 3304 buerunt.
578 3240 648 3319 Ipsi
663 3249 781 3303 autem
797 3248 898 3301 extra
914 3237 1000 3301 illud
1015 3238 1049 3299 in
1066 3237 1193 3300 tabulis
1208 3238 1441 3315 dormiebant,
1464 3242 1629 3321 quamvis

398 3364 469 3410 non
484 3348 598 3409 solum
613 3345 810 3425 defatigati,
827 3343 889 3407 sed
905 3363 950 3407 ex
961 3344 1142 3407 laboribus
1153 3344 1282 3408 infirmi
1295 3346 1485 3426 aliquando
1497 3358 1628 3412 essent.

397 3450 491 3517 Inter
506 3453 573 3516 hos
589 3452 748 3533 hospites
764 3452 907 3531 quidam
923 3468 968 3513 ex
982 3450 1169 3531 pleuritide
1183 3452 1221 3514 in
1235 3451 1403 3516 frenesim
1418 3453 1552 3518 incidit:
1568 3474 1630 3536 pa-

396 3577 475 3624 rum
496 3557 607 3622 abfuit
630 3560 715 3639 quin
735 3557 772 3622 P.
797 3558 991 3621 Antonium
1010 3556 1175 3636 Quadros
1194 3559 1353 3623 calcibus
1379 3562 1568 3643 occideret,
1595 3573 1631 3627 ct

395 3664 499 3729 facile
519 3666 554 3729 id
570 3666 771 3743 accidisset,
789 3664 855 3727 nisi
876 3664 1027 3727 calcium
1048 3664 1179 3744 impetu
1199 3675 1339 3745 portam
1364 3669 1551 3733 evertisset
1570 3688 1629 3735 cu-

394 3772 502 3836 biculi
516 3772 538 3831 ¹.

456 3879 544 3944 1767.
589 3878 678 3943 Cum
694 3880 800 3943 etiam
814 3879 852 3943 P.
869 3880 1021 3943 Michael
1041 3890 1230 3960 aegrotare
1252 3882 1434 3963 inciperet,
1457 3886 1596 3965 pondus
1615 3885 1629 3916 ⁸

392 4004 501 4066 supra
515 3984 657 4050 Patrem
672 3985 839 4065 Quadros
854 3997 888 4049 et
903 3986 1098 4068 Josephum
1117 3987 1313 4068 inclinavit,
1339 3990 1399 4069 qui
1420 4008 1492 4055 non
1514 3995 1628 4057 solum

392 4094 658 4173 aegrotantium
666 4093 881 4161 multitudini
889 4093 1104 4174 serviebant,
1114 4095 1177 4158 sed
1188 4107 1377 4178 postquam
1389 4099 1520 4177 omnia,
1535 4117 1629 4181 quae

391 4200 438 4263 ad
451 4217 552 4279 suam
566 4202 860 4264 sustentationem
872 4202 1064 4264 attulerant
1074 4198 1098 4280 ⁴,
1111 4202 1352 4283 indigentibus
1363 4205 1546 4286 dederant,
1560 4204 1629 4271 ele·

432 4404 438 4432 Ι
468 4400 640 4456 Marouion.

431 4474 453 4513 ⁸.
469 4474 497 4516 “e
507 4474 697 4523 micomiuclba
706 4476 754 4520 dar
768 4476 834 4521 tantl
847 4479 921 4530 calcl,
937 4477 985 4521 che
1000 4488 1027 4520 se
1037 4487 1087 4521 nou
1097 4476 1119 4521 si
1129 4489 1255 4534 rompeoa
1269 4490 1321 4525 unc
1336 4484 1427 4526 tatola
1437 4483 1506 4528 della
1520 4495 1629 4531 camera

388 4546 473 4591 conlo
482 4546 553 4589 torza
564 4548 623 4591 delli
633 4548 709 4603 calcl,
719 4558 766 4603 per
776 4548 858 4592 (tonde
869 4548 892 4593 lo
903 4548 980 4592 hebbi
990 4550 1068 4601 luogo
1077 4550 1102 4593 dl
1113 4551 1224 4605 tuggire,
1235 4564 1315 4606 penso
1324 4554 1373 4600 cite
1384 4554 1417 4599 ω’
1429 4566 1629 4613 ηψπ,

389 4616 519 4677 Antonius
530 4619 560 4660 de
570 4618 689 4670 Quadros
706 4620 834 4664 tratribus
845 4619 1100 4677 conimbricenaibus,
1112 4622 1137 4666 18
1143 4623 1297 4670 Decembris
1307 4626 1370 4671 ibib.
1402 4665 1405 4673 .

432 4687 444 4719 δ
471 4687 541 4742 Scil,
550 4696 634 4749 totum
644 4692 741 4735 laboris
753 4692 851 4746 pondus

431 4760 441 4791 ⁴
467 4759 535 4805 ,Vlde
544 4772 633 4815 supra,
642 4773 703 4817 pag.
713 4762 795 4816 dll,n.
808 4764 868 4809 totu
