3717 5400
797 483 861 542 Art.
883 483 954 541 lom
1434 480 1493 540 395

258 627 350 691 intra
364 629 519 707 spatium
533 638 772 692 trecentarum
786 645 984 692 cannarum
994 638 1119 691 contra
1145 627 1490 707 Augustinianorum

161 761 174 782 ο
259 734 457 814 privilegia.
473 733 545 798 Sed
558 735 707 799 studiosi
722 745 865 799 nostrae
885 732 1075 799 Societatis
1101 745 1136 798 et
1161 735 1228 815 ipsi
1254 735 1361 797 etiam
1376 735 1489 798 nostri

259 841 413 904 insuam
428 851 719 908 conservatorem
730 843 912 922 elegerunt
924 842 1141 922 Episcopum
1152 839 1357 918 Oscensem,
1372 840 1489 904 virum

260 948 431 1026 optimum
445 957 480 1012 et
491 945 648 1028 justitiae
663 958 859 1011 amatorem
876 946 896 1016 ¹.
917 949 977 1029 qui
996 964 1123 1011 munus
1137 948 1205 1011 hoc
1221 965 1302 1011 cum
1317 947 1490 1027 suscepis-

259 1063 324 1132 set,
340 1055 392 1118 sic
406 1055 530 1134 gessit,
547 1065 584 1118 ut
609 1055 645 1117 in
660 1065 734 1118 tota
759 1055 904 1120 civitate
930 1055 1021 1119 alius
1044 1055 1077 1118 ei
1101 1055 1227 1119 similis
1252 1054 1403 1118 inveniri
1418 1071 1491 1118 non

260 1177 363 1239 posse
378 1178 435 1224 res
451 1163 529 1242 ipsa
544 1162 753 1225 declararet.
769 1161 912 1242 Agebat
926 1173 1046 1226 autem
1057 1164 1114 1224 ille
1123 1179 1203 1225 cum
1219 1162 1344 1225 amicis
1359 1161 1494 1224 nostris

261 1268 304 1330 de
316 1269 452 1332 ratione
463 1269 616 1332 ineunda
628 1269 821 1333 revocandi
832 1269 962 1347 omnia,
979 1287 1069 1350 quae
1084 1280 1209 1332 contra
1224 1279 1365 1332 nostros
1380 1276 1490 1331 atten-

261 1384 336 1438 tata
351 1375 491 1438 fuerant
507 1386 611 1438 tama
624 1377 790 1439 tribunali
803 1375 1074 1456 Archiepiscopi
1089 1393 1195 1456 quam
1210 1377 1318 1438 etiam
1328 1373 1490 1456 Justitiae

262 1483 468 1562 Aragoniae
484 1493 518 1546 et
532 1484 796 1548 conservatoris
811 1484 977 1548 Fratrum
991 1482 1333 1562 Augustiniensium.
1351 1481 1409 1546 Ad
1423 1482 1490 1562 pri·

263 1607 355 1653 mam
368 1589 452 1668 (sic)
466 1608 553 1670 ergo
568 1591 831 1655 conservatoris
845 1590 949 1671 hujus
964 1609 1067 1672 quem
1079 1591 1232 1655 diximus
1247 1590 1494 1654 Guardianum

261 1714 339 1760 esse
353 1695 412 1760 S.li
433 1696 629 1774 Francisci,
645 1710 898 1779 procuratores
916 1699 1029 1762 nostri
1044 1699 1184 1778 collegii
1203 1705 1490 1777 comparuerunt,

261 1806 367 1868 simul
381 1822 462 1868 cum
476 1806 625 1882 notari0,
647 1817 682 1868 et
697 1807 897 1869 citaverunt
912 1807 1009 1869 illum
1026 1815 1108 1869 ante
1123 1805 1340 1885 Episcopum
1354 1803 1490 1868 Oscen-

262 1929 349 1991 sem,
370 1921 660 1976 conservatorem
676 1912 823 1992 Collegii
840 1912 1040 1987 Societatis
1064 1914 1167 1976 simul
1182 1930 1262 1976 cum
1278 1912 1440 1974 omnibus
1453 1911 1491 1973 li·

264 2029 334 2082 tem
346 2019 571 2096 habentibus,
592 2029 626 2082 et
651 2018 716 2083 suit
741 2021 909 2083 inhibitus
934 2038 978 2083 ne
1005 2021 1150 2082 ulterius
1175 2019 1393 2100 procederet.
1410 2016 1493 2080 Fuit

263 2125 371 2188 etiam
391 2126 598 2205 interposita
610 2127 799 2206 appellatio
815 2126 863 2205 (ut
878 2127 908 2190 si
921 2126 1014 2190 sorte
1028 2145 1069 2188 ea
1085 2143 1174 2206 opus
1189 2138 1294 2202 esset,
1311 2126 1381 2188 tale
1394 2141 1494 2204 prae-

263 2233 391 2296 sidium
402 2251 471 2295 non
483 2233 645 2312 deesset),
660 2251 749 2314 quae
760 2233 975 2297 innitebatur
989 2234 1120 2297 nostris
1134 2233 1344 2313 privilegiis
1360 2231 1491 2294 adhibi·

263 2349 301 2402 ta
316 2340 455 2403 cautela
471 2341 673 2404 necessaria
686 2359 732 2404 ne
746 2341 798 2404 eis
808 2339 1007 2420 jurisdictio
1019 2341 1166 2404 concedi
1180 2339 1370 2403 videretur.

326 2445 414 2510 1067.
458 2447 614 2528 Uterque
635 2465 722 2528 ergo
748 2465 793 2512 ex
819 2448 1131 2511 conservatoribus
1154 2447 1258 2510 dictis
1272 2456 1398 2510 contra
1412 2461 1493 2525 par-

264 2563 336 2618 tem
349 2555 548 2634 oppositam
562 2564 787 2634 processerat
801 2572 911 2634 usque
927 2554 973 2618 ad
989 2554 1178 2617 terminum
1200 2553 1452 2617 declarationis
1467 2551 1492 2630 '3

263 2672 299 2725 et
308 2671 346 2725 ut
362 2660 568 2725 scandalum
584 2662 788 2742 evitaretur,
806 2663 836 2727 si
851 2662 933 2727 talis
948 2662 1143 2727 declaratio
1158 2661 1269 2740 fieret,
1287 2661 1399 2724 nostri
1412 2659 1494 2724 sub·

263 2770 492 2849 scriptionem
516 2769 741 2833 obtinuerunt
766 2770 944 2852 aJustitia
969 2768 1175 2849 Aragoniae
1200 2778 1323 2832 contra
1343 2768 1492 2833 Archie-

264 2876 448 2955 piscopum
463 2885 497 2938 et
509 2874 584 2954 eJus
599 2876 766 2939 officiales
786 2887 821 2938 et
836 2876 1083 2940 Guardianum
1105 2895 1147 2939 ac
1172 2877 1319 2957 quosvis
1341 2874 1491 2955 judices,

265 3000 309 3045 ne
322 2993 465 3045 nostros
481 2985 719 3059 molestarent,
736 2993 771 3046 et
786 2984 874 3046 haec
896 2983 1109 3062 subscriptio
1130 2992 1250 3046 tantae
1271 2982 1496 3045 auctoritatis

265 3099 319 3153 est
334 3090 370 3152 in
385 3090 444 3151 illo
460 3106 582 3168 regno,
605 3101 638 3152 et
659 3092 694 3152 in
720 3091 957 3169 gravissimas
972 3091 1095 3154 incidit
1119 3107 1252 3170 poenas
1277 3090 1336 3169 qui
1349 3104 1429 3151 eam
1443 3089 1495 3152 in·

263 3197 397 3275 iringit,
415 3206 603 3275 antequam
619 3197 746 3275 inipso
767 3196 951 3260 Tribunali
971 3198 1235 3277 pronuncietur.
1252 3195 1295 3259 Et
1314 3196 1364 3258 ita
1378 3194 1493 3259 Guar-

265 3304 392 3366 dianus
407 3320 469 3383 per
485 3304 559 3366 dies
575 3304 709 3383 aliquot
725 3321 746 3365 a
764 3304 925 3367 censuris
940 3304 1165 3367 declarandis
1179 3303 1358 3381 abstinuit;
1374 3312 1498 3365 noster

266 3411 360 3473 enim
372 3408 383 3439 ³
395 3423 521 3489 sponte
531 3411 741 3473 abstinebat.
754 3409 823 3473 Sed
835 3410 1147 3490 ArchiepiscopuS,
1158 3412 1235 3490 ipso
1245 3410 1301 3474 die
1312 3408 1408 3472 S.¹¹¹⁸e
1419 3408 1497 3472 Tri·

266 3518 399 3593 nitatis
416 3534 495 3579 cum
512 3516 647 3579 videret
663 3517 751 3579 alias
769 3516 847 3579 vias
861 3518 1024 3579 occlusas
1044 3534 1133 3593 esse,
1155 3516 1258 3596 iussit
1278 3517 1314 3578 in
1333 3515 1497 3579 omnibus

266 3624 447 3703 parochiis
467 3616 501 3686 et
524 3624 748 3686 monasteriis
775 3624 870 3686 urbis
896 3624 1223 3686 excommunicatos
1247 3623 1435 3700 declarari,
1457 3632 1495 3683 ut

267 3732 429 3812 superius
445 3728 668 3809 tetigimus⁴,
692 3730 751 3808 qui
776 3730 821 3793 ad
844 3740 1004 3794 nostrum
1029 3732 1213 3809 sacellum,
1240 3743 1318 3810 post
1344 3731 1497 3810 primam

307 3937 316 3971 ¹
344 3937 478 3993 “Proveyd
487 3936 550 3980 Dios
561 3948 609 3991 qne
621 3939 636 3979 a
646 3944 701 3979 este
711 3936 807 3991 tiempo
818 3946 845 3979 se
856 3937 957 3981 hallase
968 3949 998 3980 en
1009 3936 1144 3991 Zaragoza
1155 3937 1186 3980 D.
1197 3937 1281 3981 Pedro
1292 3935 1413 3991 Agustin,
1424 3935 1497 3980 Oble-

265 4021 298 4065 ρο
315 4009 346 4052 de
362 4008 472 4061 Huesca,
490 4006 582 4063 Jacay
593 4006 744 4059 Barbastro,
760 4019 808 4062 que
823 4011 947 4051 entonces
962 4020 1008 4053 era
1023 4020 1056 4051 un
1073 4008 1212 4062 oblapado,
1226 4009 1279 4064 bijo
1293 4009 1324 4052 de
1335 4006 1367 4052 D.
1382 4008 1498 4052 Antonio

266 4080 388 4135 Apustio,
403 4080 594 4124 vicecanclller
611 4081 653 4123 del
670 4078 841 4135 Emporarlor,
856 4080 964 4125 hombre
975 4082 1006 4124 de
1022 4081 1121 4135 grande
1137 4092 1188 4133 ser,
1199 4082 1275 4124 valor
1284 4094 1301 4137 y
1312 4080 1461 4135 prudencia,
1472 4082 1497 4123 el

266 4153 325 4196 cnal
334 4152 437 4196 movido
448 4152 478 4195 de
489 4152 637 4206 compaslon
645 4152 675 4195 de
686 4152 724 4195 los
735 4158 854 4195 nuestros
864 4164 911 4206 por
923 4155 1008 4196 verles
1019 4158 1064 4197 tan
1074 4153 1234 4197 cumbatidoa
1244 4165 1260 4207 y
1270 4160 1316 4196 tan
1323 4155 1400 4207 solos,
1408 4165 1425 4209 y
1434 4161 1499 4195 tan·

265 4224 324 4268 blen
339 4234 386 4279 por
401 4231 505 4277 respeto
520 4224 550 4267 de
562 4221 641 4267 Micer
651 4223 733 4275 Jaime
744 4224 857 4278 Agustln
873 4225 914 4268 del
926 4224 1043 4277 castilio,
1058 4225 1140 4267 dendo
1150 4236 1215 4281 suyo
1229 4238 1247 4281 y
1262 4225 1360 4279 grande
1374 4226 1498 4281 devotoy

265 4296 423 4340 blenlrechor
436 4294 570 4349 (nuestro),
585 4299 678 4349 acepto
693 4296 717 4338 el
736 4294 810 4339 oficio
827 4296 858 4339 de
873 4294 936 4349 Juez
950 4296 1153 4349 conservaret...
1169 4298 1303 4347 Arvaaaz.
1319 4299 1337 4340 l.
1352 4295 1496 4351 c.-Maoena

271 4368 415 4411 intercebat
432 4366 480 4410 hoc
498 4372 612 4421 tempore
629 4366 746 4411 amicitia
762 4366 892 4421 ignatium
906 4368 975 4411 iuter
989 4375 1016 4412 ct
1027 4368 1146 4413 Oscensis
1156 4369 1233 4422 hujus
1245 4368 1366 4423 Episcopl
1378 4368 1498 4421 fratrem,

265 4438 407 4482 Antonium
421 4438 541 4491 Aguatln,
554 4437 685 4482 Romanae
696 4438 779 4482 Rotae
796 4440 954 4483 auditorem.
966 4439 1004 4484 ct.
1015 4450 1103 4494 supra.
1120 4447 1138 4483 t.
1153 4450 1180 4493 rr,
1191 4451 1251 4495 pag.
1265 4440 1314 4494 355,
1330 4446 1418 4485 annot.
1434 4441 1455 4493 1,
1471 4447 1497 4484 et

267 4508 363 4553 Carras
376 4510 409 4552 de
421 4508 476 4553 San
487 4508 605 4563 lenacia,
615 4515 634 4552 t.
645 4520 673 4563 rr,
684 4521 743 4564 pag.
753 4510 788 4565 68,
799 4516 826 4553 et
837 4516 855 4556 t.
866 4524 892 4564 v,
903 4522 963 4565 pag.
972 4511 1043 4555 2632.

306 4582 318 4613 ⁸
345 4580 538 4625 Declaratlonls
548 4580 646 4625 scillcet
657 4582 786 4625 nominum
797 4592 894 4637 eoram,
905 4584 949 4638 qui
959 4584 1075 4627 censuris
1085 4584 1180 4628 irretiti
1190 4584 1416 4629 existimabantur.

307 4654 319 4685 ³
346 4652 524 4697 conservator
532 4653 619 4707 ludex.

307 4726 320 4757 ⁴
346 4723 376 4768 N.
390 4724 450 4769 105⁶.
