3717 5400
777 497 841 550 An.
864 490 934 550 1555
983 465 987 470 ’
1413 490 1483 551 ὧδ’

237 637 453 702 Franciscus
467 637 680 718 chriquez,
697 637 758 718 qui
772 636 903 700 ibidem
917 652 999 699 cum
1014 636 1132 700 fructu
1152 653 1283 716 magno
1303 633 1478 700 versatus

238 755 327 824 erat,
344 744 458 809 Goam
474 745 519 808 ad
534 743 701 808 afflictam
717 744 957 808 valetudinem
972 743 1169 806 curandam
1187 743 1321 806 venire.

302 851 391 915 1801.
434 849 565 915 Scribit
579 851 616 915 P.
630 849 803 914 Melcbior
822 849 917 932 quod
936 859 1119 914 ostensum
1136 849 1202 914 fuit
1217 850 1287 930 ipsi
1304 860 1339 914 et
1358 851 1469 915 sociis

242 975 371 1040 corpus
386 956 424 1020 P.
436 957 620 1022 Francisci
633 957 795 1036 Xaverii,
812 955 913 1037 cujus
925 955 1034 1037 pedes
1048 966 1082 1020 et
1098 974 1224 1020 manus
1238 975 1319 1021 curn
1334 975 1468 1038 magna

239 1067 483 1130 consolatione
498 1065 573 1145 ipse
587 1075 642 1128 est
657 1065 849 1144 osculatus,
862 1073 898 1127 et
911 1064 1053 1128 volebat
1069 1081 1196 1127 curare
1210 1073 1249 1128 ut
1263 1065 1466 1130 testimonia

240 1173 438 1254 aliquorum
458 1173 710 1236 miraculorum
727 1172 839 1252 ipsius
859 1172 1016 1252 legitime
1040 1171 1342 1251 examinarentur,
1364 1184 1399 1237 et
1419 1190 1467 1237 ex

242 1281 298 1345 iris
322 1283 593 1344 instrumentum
618 1279 851 1343 conficeretur
878 1279 915 1341 in
936 1279 1117 1359 Europam
1146 1279 1365 1343 mittendum.
1396 1278 1468 1344 Pro

240 1399 339 1452 certo
354 1397 472 1451 autem
487 1387 728 1450 affirmabatur
743 1386 849 1468 quod,
869 1402 951 1450 cum
966 1385 1099 1450 Cocino
1113 1403 1244 1466 corpus
1260 1387 1336 1467 eJus
1354 1385 1466 1451 deser·

240 1505 351 1574 retur,
368 1497 492 1558 mulier
507 1494 693 1574 quaedam,
710 1494 756 1556 ad
770 1491 845 1573 ejus
859 1509 989 1573 corpus
1004 1493 1197 1556 videndum
1211 1511 1249 1557 se
1264 1493 1467 1572 conserens,

239 1603 379 1683 aliquas
393 1601 469 1682 ejus
483 1601 650 1682 reliquias
668 1601 736 1665 sibi
756 1601 835 1664 dari
853 1616 985 1680 magna
1005 1617 1087 1663 cum
1105 1599 1295 1665 devotione
1313 1603 1466 1681 postula-

242 1710 304 1785 vit,
326 1709 388 1772 sed
408 1709 495 1771 nihil
514 1709 563 1771 illi
582 1707 765 1788 dederunt,
785 1719 928 1788 praeter
948 1717 1086 1787 partem
1111 1706 1294 1787 cujusdam
1320 1709 1468 1789 cinguli,

239 1833 310 1895 quo
331 1814 407 1895 ejus
426 1831 556 1895 corpus
579 1815 728 1894 ligatum
751 1823 839 1892 erat,
865 1831 973 1894 quam
996 1815 1056 1878 illa
1082 1825 1232 1894 argento
1257 1816 1410 1894 inclusit,
1433 1825 1471 1879 et

241 1940 322 1986 cum
337 1923 464 2002 aliquis
479 1921 700 2002 aegrotabat,
717 1920 931 2001 simulatque
946 1937 1055 2000 supra
1070 1919 1145 2001 eius
1160 1937 1290 2002 corpus
1304 1923 1469 2003 reliquia·

241 2031 334 2094 rium
348 2028 568 2110 praedictum
582 2029 790 2108 ponebatur,
811 2027 998 2108 aegritudo
1013 2027 1212 2091 recedebat.

304 2135 393 2200 1802.
435 2135 598 2199 Affirmat
617 2136 725 2199 etiam
749 2133 787 2197 P.
804 2133 957 2198 Michael
975 2134 1083 2198 Barul
1109 2135 1203 2214 quod
1224 2151 1392 2216 magnam
1410 2137 1470 2201 de·

240 2245 421 2308 votionem
436 2261 481 2307 ex
495 2243 724 2306 veneratione
738 2240 814 2322 eJus
829 2243 991 2323 corporis
1005 2251 1040 2305 et
1055 2243 1131 2322 ipse
1150 2245 1316 2334 senserit,
1336 2253 1371 2307 et
1386 2262 1468 2308 cum

241 2351 385 2431 quidam
414 2352 579 2415 monachi
604 2349 663 2414 8.ss
689 2349 869 2413 Dominici
893 2349 1051 2412 dicerent
1076 2349 1236 2413 balsamo
1261 2355 1469 2416 conservari

239 2457 317 2538 ejus
333 2475 463 2538 corpus
477 2468 512 2521 et
527 2457 702 2522 intestinis
716 2473 871 2520 vacuum
885 2473 975 2533 esse,
999 2456 1093 2519 misit
1107 2455 1177 2519 Pro
1192 2474 1257 2520 rex
1271 2475 1375 2522 suum
1390 2476 1468 2540 pro·

242 2563 455 2628 tomedicum
475 2564 546 2644 (qui
565 2565 704 2644 aperuit
729 2580 871 2644 corpus,
887 2572 923 2625 et
937 2577 1081 2625 manum
1104 2563 1259 2641 immisit,
1279 2574 1314 2627 et
1334 2565 1470 2645 digitos

241 2685 410 2752 tanquam
422 2671 594 2751 sanguine
606 2672 739 2735 recenti
751 2669 913 2735 madidos
923 2668 1146 2747 eduxit).Sed
1159 2682 1283 2751 postea
1294 2673 1466 2753 reliquum

240 2796 371 2859 corpus
396 2789 527 2843 tectum
548 2779 612 2843 fuit
632 2789 668 2844 et
691 2789 828 2851 tantum
852 2795 978 2842 manus
1001 2794 1045 2840 ac
1068 2776 1176 2858 pedes
1201 2779 1330 2843 detecti
1352 2781 1469 2844 relicti

239 2897 334 2949 sunt.

303 2992 391 3056 1803.
435 2992 527 3056 Ante
552 2994 679 3056 horum
698 2991 844 3055 Patrum
868 2992 1072 3067 adventum,
1099 2992 1160 3071 qui
1178 2992 1247 3055 hoc
1268 2991 1469 3074 Septembri

241 3118 370 3164 novem
394 3117 540 3164 numero
559 3101 595 3163 in
615 3100 751 3164 Indiam
770 3102 993 3180 appulerunt,
1015 3096 1053 3160 P.
1077 3098 1266 3163 Baithasar
1287 3102 1467 3181 praedica·

240 3206 347 3272 tionis
361 3224 449 3271 onus
464 3208 641 3287 sustinuit,
659 3218 694 3272 et
707 3219 848 3289 praeter
863 3212 1027 3289 superius
1049 3206 1163 3270 dictos
1183 3206 1259 3271 dies
1275 3213 1283 3244 ¹
1297 3225 1409 3289 usque
1424 3209 1472 3271 ad

240 3315 345 3379 linem
360 3314 674 3395 Quadragesimae,
692 3316 815 3379 diebus
829 3319 972 3381 veneris
991 3320 1034 3382 de
1049 3316 1264 3399 poenitentia
1280 3315 1469 3379 conciona-

240 3431 298 3486 tus
317 3434 386 3501 est;
402 3422 525 3485 ultima
546 3432 665 3485 autem
684 3424 809 3486 concio
829 3424 894 3487 fuit
913 3426 950 3487 in
965 3436 1081 3502 nocte,
1103 3441 1194 3504 quae
1215 3424 1308 3486 diem
1327 3422 1473 3485 veneris

241 3528 357 3591 sancti
371 3528 617 3608 praecedebat,
633 3545 704 3592 non
719 3530 756 3592 in
772 3530 848 3609 ipso
871 3532 1001 3611 templo
1016 3540 1151 3609 nostro,
1173 3530 1236 3593 sed
1250 3530 1286 3591 in
1306 3528 1399 3591 atrio
1418 3528 1469 3591 in·

240 3634 374 3712 teriori,
390 3636 485 3717 quod
501 3636 610 3699 multo
626 3637 793 3717 capacius
810 3648 886 3701 erat
901 3655 1007 3718 quarn
1021 3640 1200 3719 templum,
1214 3648 1253 3701 ιιι
1268 3635 1471 3700 auditorum

241 3741 427 3805 multitudo
443 3743 560 3805 locum
576 3743 853 3807 commodiorem
869 3745 914 3807 ad
934 3745 1147 3808 audiendum
1163 3745 1326 3822 haberet;
1344 3751 1472 3805 ettam

241 3849 383 3925 atrium,
410 3866 517 3930 quam
542 3851 698 3913 claustra
724 3860 759 3914 et
783 3850 1064 3917 deambulatoria
1087 3852 1263 3933 quaedam
1284 3850 1472 3931 superiora

240 3956 379 4031 domus
401 3956 603 4021 hominibus
622 3959 726 4038 plena
751 3968 869 4039 erant;
891 3970 1027 4023 etcum
1050 3971 1130 4040 post
1155 3958 1307 4023 mediam
1327 3965 1471 4020 noctem

239 4080 352 4145 usque
368 4063 413 4127 ad
427 4080 594 4127 auroram
609 4080 809 4129 sermonem
824 4067 1070 4146 protraxisset,
1088 4074 1188 4129 tanta
1202 4064 1319 4128 suerat
1334 4063 1472 4127 animo·

239 4188 319 4235 rum
334 4171 534 4247 commotio,
552 4180 588 4233 ut
604 4188 625 4233 a
640 4172 814 4251 principio
834 4173 1007 4253 usquead
1022 4172 1128 4236 linem
1147 4188 1277 4251 magna
1292 4172 1470 4251 lacryma-

239 4294 319 4341 rum
337 4276 460 4341 effusio
480 4278 610 4358 ubique
629 4288 850 4359 cerneretur,
872 4290 906 4343 et
926 4297 1008 4345 cum
1029 4280 1066 4343 in
1085 4280 1153 4343 fine
1173 4277 1384 4343 crucifixum
1398 4294 1472 4341 am·

239 4386 365 4465 plexus
379 4383 390 4415 ¹
404 4384 422 4447 s
421 4385 528 4449 uisset
543 4394 578 4447 et
592 4386 800 4449 concionem
815 4387 1037 4467 absolvisset,
1054 4388 1106 4450 sic
1118 4387 1266 4467 ipsemet
1278 4384 1485 4449 conciona·

282 4662 292 4694 ¹
319 4662 411 4718 Supra,
422 4674 483 4718 pag.
493 4662 541 4716 ⁶5³,
553 4674 577 4707 n.
591 4662 650 4707 1599.

280 4736 292 4769 ¹
320 4734 369 4779 bis.
380 4735 545 4790 ataplexum.
