3717 5400
784 435 848 494 Au.
870 434 939 492 1555
1423 429 1480 488 567

311 575 399 640 1837.
442 577 559 659 Elegit
578 595 664 659 ergo
686 578 809 644 Patres
828 578 1003 662 Joannem
1021 577 1193 641 Bochium
1212 586 1247 640 et
1265 575 1478 640 Michaelem

248 681 367 762 Burni,
384 685 444 764 qui
459 683 534 764 ejus
549 697 626 750 erat
642 685 893 765 confessarius,
910 695 945 749 et
962 683 1151 766 quemdam
1172 683 1281 747 aliurn
1296 700 1341 746 ex
1359 680 1478 745 fratri·

248 791 315 854 bus
330 791 441 854 laicis.
458 791 534 856 Hos
545 793 639 856 enim
653 793 710 856 ille
726 791 953 857 existimabat
974 791 1092 856 minus
1110 793 1148 855 in
1169 791 1376 854 alterutram
1397 805 1478 869 par·

248 907 321 960 tem
338 914 536 978 propensos
556 916 634 963 esse
655 917 761 980 quam
776 909 950 978 caeteros;
967 897 1030 962 sed
1049 906 1124 961 tam
1142 895 1347 962 sacerdotes
1368 911 1478 977 quam

249 1004 373 1086 reliqui
396 1007 489 1068 hanc
509 1007 615 1070 trium
635 1007 844 1070 electionem
864 1024 935 1068 non
955 1003 1225 1086 approbandam
1250 1013 1476 1066 censuerunt.

249 1111 389 1176 Etcum
412 1124 581 1192 urgerent
599 1126 636 1176 ut
655 1114 730 1194 ipse
751 1113 953 1176 admitteret
977 1111 1141 1190 officium,
1163 1111 1209 1173 ad
1230 1109 1325 1190 quod
1344 1111 1477 1172 electus

248 1229 337 1295 erat,
355 1219 498 1283 tandem
512 1219 666 1284 admisit.

313 1323 400 1388 1838.
445 1325 546 1391 Prius
571 1337 691 1390 tamen
712 1337 838 1391 votum
861 1343 986 1390 coram
1007 1325 1085 1390 Deo
1107 1334 1143 1390 et
1164 1323 1327 1388 omnibus
1346 1323 1476 1401 emisit,

247 1431 532 1513 quandoquidem
563 1433 638 1514 ipse
665 1451 704 1497 se
729 1433 888 1513 ineptum
912 1434 959 1498 ad
984 1451 1063 1497 eam
1088 1449 1212 1496 curam
1236 1430 1476 1506 existimabat,

246 1538 343 1617 quod
360 1539 655 1620 quandocumque
674 1540 724 1603 illi
746 1541 1013 1606 constituissent
1032 1557 1104 1604 non
1127 1538 1320 1602 convenire
1342 1546 1380 1600 ut
1399 1537 1476 1616 ipse

247 1657 387 1724 regeret
403 1644 631 1710 Provinciam
644 1647 777 1726 Indiae,
793 1648 1048 1712 substituturus
1063 1657 1139 1711 erat
1151 1663 1216 1709 suo
1231 1645 1309 1708 loco
1321 1643 1476 1724 aliquem

249 1751 295 1814 ab
314 1752 400 1832 ipsis
419 1753 580 1832 electum,
608 1753 666 1816 cui
684 1770 769 1816 suas
788 1753 886 1817 vices
904 1763 939 1817 et
959 1753 1207 1817 auctoritatem
1228 1751 1476 1829 committeret,

247 1857 413 1939 quodque
427 1875 499 1922 non
516 1858 523 1890 ¹
541 1860 645 1922 valde
659 1861 851 1924 convenire
867 1860 1105 1937 existimabat;
1122 1870 1157 1923 et
1170 1858 1208 1923 P.
1225 1857 1401 1938 ignatium
1413 1874 1478 1937 per

249 1965 385 2028 litteras
399 1965 549 2046 urgebat
564 1975 601 2029 ut
616 1966 770 2031 mitteret
785 1985 890 2048 quem
906 1967 1079 2031 missurus
1094 1975 1171 2030 erat
1185 1965 1231 2029 ad
1243 1963 1320 2046 ejus
1331 1963 1478 2027 Provin-

250 2071 328 2135 ciae
358 2089 480 2136 curam
508 2074 772 2154 suscipiendam
796 2083 831 2138 et
859 2074 1105 2138 exercendam.
1135 2073 1180 2137 Et
1206 2073 1334 2136 exinde
1362 2070 1477 2134 officio

249 2195 316 2242 suo
343 2178 444 2258 iungi
471 2181 589 2260 coepit
617 2197 697 2244 cum
726 2198 856 2262 magno
883 2180 1092 2244 humilitatis
1120 2195 1164 2243 ac
1192 2179 1300 2243 etiam
1326 2177 1478 2260 pruden-

248 2286 319 2348 tiae
334 2287 506 2366 exemplu.

311 2391 399 2456 1839.
443 2391 631 2474 Suggessit
646 2404 764 2458 autem
778 2393 875 2458 Patri
890 2393 1028 2474 ignatio
1043 2394 1118 2458 suis
1132 2393 1271 2466 litteris,
1288 2391 1477 2473 quodcum

246 2498 346 2562 India
373 2513 445 2562 tarn
467 2509 602 2564 esseta
627 2500 834 2583 Praeposito
860 2500 1027 2566 Generali
1046 2510 1195 2578 remota,
1222 2509 1259 2562 ut
1285 2497 1476 2579 aliquando

249 2605 362 2668 tribus
382 2617 416 2668 et
434 2616 587 2686 quatuor
608 2607 710 2671 annis
729 2625 941 2688 responsum
959 2607 1157 2672 litterarum
1176 2615 1269 2669 esset
1287 2613 1477 2685 expectan-

245 2711 346 2791 dum,
371 2714 538 2793 expedire
558 2715 760 2797 videbatur,
780 2725 820 2780 ut
844 2714 1073 2795 Praepositus
1100 2714 1335 2777 Prouincialis
1360 2710 1476 2776 officio

246 2836 312 2881 suo
335 2820 372 2882 in
391 2819 601 2899 quibusdam
621 2822 761 2886 casibus
782 2823 919 2903 privari
940 2840 963 2885 a
984 2821 1133 2886 subditis
1154 2829 1285 2901 posset,
1308 2820 1477 2901 quemad·

245 2927 389 2990 modum
403 2907 630 3009 praepositus
646 2928 832 2994 Generalis
846 2930 983 3012 privari
997 2939 1147 3011 poterat.
1164 2928 1352 3009 Suggessit
1368 2928 1477 2992 etiam

246 3042 284 3095 ut
299 3034 335 3096 in
351 3032 667 3099 Constitutionibus
682 3038 740 3099 vel
759 3036 905 3117 Regulis
919 3038 1036 3101 forma
1050 3036 1249 3119 Praepositi
1270 3035 1475 3099 Provincia·

246 3140 290 3202 lis
316 3136 493 3223 [eligendi]
520 3142 555 3205 in
577 3144 824 3207 remotissimis
843 3146 932 3209 locis
956 3144 1247 3223 constitueretur;
1271 3142 1358 3207 nihil
1381 3142 1477 3205 enim

245 3262 325 3310 esse
339 3249 598 3331 praescriptum
613 3250 648 3313 in
665 3268 708 3313 ea
722 3260 823 3331 parte
837 3267 909 3314 non
923 3268 1051 3332 parum
1064 3251 1200 3331 negotii
1214 3249 1347 3315 nostris
1365 3251 1403 3313 in
1422 3247 1476 3311 In·

244 3351 304 3417 dia
320 3354 541 3419 exhibuerat.

310 3458 397 3525 1840.
440 3461 536 3527 Idem
550 3464 733 3545 proposuit
748 3464 792 3528 de
806 3474 913 3527 cantu
928 3464 1130 3528 divinorum
1150 3463 1346 3527 officiorum
1366 3462 1403 3525 in
1421 3462 1475 3525 In·

245 3567 326 3630 diae
352 3569 557 3649 regionibus
581 3572 777 3651 tolerand0,
802 3581 839 3635 ut
860 3571 968 3635 rudes
989 3571 1040 3634 illi
1060 3570 1222 3634 homines
1243 3571 1281 3633 in
1303 3569 1475 3647 religione
1529 3608 1532 3613 -

245 3673 292 3736 ad
307 3673 374 3737 Dei
389 3676 521 3739 cultum
536 3693 578 3739 ea
593 3679 730 3741 ratione
745 3678 861 3757 magis
876 3677 1113 3742 allicerentur.
1129 3676 1173 3740 Et
1187 3676 1354 3757 perfacile
1375 3674 1475 3739 Goae

245 3770 282 3843 ld
297 3780 372 3844 fieri
388 3792 535 3863 poterat,
553 3784 613 3847 ubi
631 3784 731 3865 pueri
751 3785 918 3849 cantandi
941 3783 1057 3847 officio
1076 3784 1326 3865 iungebantur,
1347 3781 1475 3862 quibus

247 3886 374 3952 unicus
388 3890 557 3954 sacerdos
578 3891 613 3953 in
636 3892 814 3955 cantanda
837 3892 947 3955 Missa
967 3910 1032 3974 per
1050 3892 1203 3955 mediam
1223 3891 1349 3953 horam
1368 3889 1474 3970 proli·

245 3995 326 4059 xius
345 4014 452 4077 quam
468 3998 504 4059 in
523 3999 676 4079 privatis
696 4000 944 4063 immoraretur
959 4000 986 4063 ¹:
1008 4010 1043 4062 et
1062 3998 1098 4062 id
1116 3998 1305 4079 probatum
1323 3995 1433 4103 fuisse
1453 4014 1475 4059 a

286 4237 295 4269 Ι
323 4236 375 4290 Sic.
385 4249 432 4283 nec
442 4250 544 4285 nusum
554 4247 625 4285 certo
636 4242 760 4297 capimus.
769 4240 848 4286 Forte
859 4242 1016 4287 incoliorum
1026 4244 1165 4285 verborum
1178 4240 1300 4295 quodque
1309 4250 1361 4283 non
1376 4240 1474 4284 aeribe-

243 4315 316 4354 retur
330 4310 427 4355 rectius
441 4314 509 4365 quod
525 4314 648 4366 quidem,
663 4320 773 4369 tuncque
790 4325 880 4359 sensus
895 4320 1051 4369 congrueret
1065 4314 1163 4369 optime
1176 4324 1235 4357 cum
1248 4312 1301 4365 bis.
1317 4323 1383 4368 quae
1397 4323 1422 4356 n.
1435 4323 1475 4355 se·

243 4383 332 4435 quenti
343 4382 471 4427 dicuntur.
734 4418 738 4426 .

283 4452 295 4484 ¹
322 4454 373 4509 Sic;
384 4456 468 4508 magis
478 4460 565 4500 autem
575 4456 713 4513 perspicua
729 4457 796 4501 toret
810 4458 972 4504 sententiani
986 4460 1117 4505 diceretur
1131 4458 1326 4512 “inungebantur¹
1341 4462 1369 4501 et
1382 4458 1474 4503 unicus

243 4527 366 4571 sacerdo·
377 4528 494 4571 adhiberi
505 4534 618 4583 poteret,
630 4527 709 4583 qul'in
719 4529 798 4574 Missa
808 4531 940 4576 cantanda
949 4532 1055 4577 dlmldlo
1065 4537 1167 4575 tentum
1176 4530 1257 4575 horae
1267 4530 1393 4585 prolixior
1403 4540 1474 4576 esset

243 4610 322 4653 quam
332 4598 357 4642 ln
366 4600 570 4654 privatis„.-Ad
585 4601 651 4646 haec
665 4614 816 4657 responsum
828 4604 884 4659 Jam
897 4604 1006 4649 dederet
1021 4603 1138 4659 Imauus
1152 4602 1258 4657 litteris,
1272 4613 1338 4658 quae
1352 4603 1435 4647 hebes
1447 4602 1475 4647 in

244 4672 342 4717 Carras
351 4672 384 4715 de
395 4671 451 4716 San
461 4672 577 4728 innecto,
589 4679 608 4717 t.
618 4684 654 4729 ur,
665 4686 725 4731 pag.
735 4674 838 4721 870574.
