<?xml version="1.0" encoding="UTF-8"?>
<!DOCTYPE html PUBLIC "-//W3C//DTD XHTML 1.0 Transitional//EN"
    "http://www.w3.org/TR/xhtml1/DTD/xhtml1-transitional.dtd">
<html xmlns="http://www.w3.org/1999/xhtml" xml:lang="en" lang="en">
 <head>
  <title>
</title>
<meta http-equiv="Content-Type" content="text/html;charset=utf-8" />
  <meta name='ocr-system' content='tesseract 3.04.00' />
  <meta name='ocr-capabilities' content='ocr_page ocr_carea ocr_par ocr_line ocrx_word'/>
</head>
<body>
  <div class='ocr_page' id='page_1' title='image "./vitaignatiiloio01polagoog_0403.png"; bbox 0 0 3717 5400; ppageno 0'>
   <div class='ocr_carea' id='block_1_1' title="bbox 793 477 1495 538">
    <p class='ocr_par' dir='ltr' id='par_1_1' title="bbox 793 477 1495 570">
     <span class='ocr_line' id='line_1_1' title="bbox 793 477 1495 538; baseline 0.003 -2"><span class='ocrx_word' id='word_1_1' title='bbox 793 478 857 536; x_wconf 81' lang='grc' dir='ltr'><strong>ΑΝ.</strong></span> <span class='ocrx_word' id='word_1_2' title='bbox 880 477 951 536; x_wconf 87' lang='grc'><strong>1555</strong></span> <span class='ocrx_word' id='word_1_3' title='bbox 1434 479 1495 538; x_wconf 80' lang='lat'><strong>397</strong></span> 
     </span>
    </p>
   </div>
   <div class='ocr_carea' id='block_1_2' title="bbox 255 620 1497 3806">
    <p class='ocr_par' dir='ltr' id='par_1_2' title="bbox 255 620 1496 2080">
     <span class='ocr_line' id='line_1_2' title="bbox 261 620 1495 705; baseline 0.005 -22"><span class='ocrx_word' id='word_1_4' title='bbox 261 630 445 700; x_wconf 85' lang='lat' dir='ltr'><strong>gerentur;</strong></span> <span class='ocrx_word' id='word_1_5' title='bbox 461 631 496 684; x_wconf 92' lang='lat' dir='ltr'><strong>et</strong></span> <span class='ocrx_word' id='word_1_6' title='bbox 511 638 591 685; x_wconf 90' lang='lat' dir='ltr'><strong>cum</strong></span> <span class='ocrx_word' id='word_1_7' title='bbox 606 621 650 684; x_wconf 92' lang='lat' dir='ltr'><strong>ab</strong></span> <span class='ocrx_word' id='word_1_8' title='bbox 670 620 745 702; x_wconf 89' lang='lat' dir='ltr'><strong>ejus</strong></span> <span class='ocrx_word' id='word_1_9' title='bbox 760 621 900 686; x_wconf 86' lang='lat' dir='ltr'><strong>officiali</strong></span> <span class='ocrx_word' id='word_1_10' title='bbox 916 623 1066 687; x_wconf 91' lang='lat' dir='ltr'><strong>nuncius</strong></span> <span class='ocrx_word' id='word_1_11' title='bbox 1082 623 1089 653; x_wconf 89' lang='lat'><strong>¹</strong></span> <span class='ocrx_word' id='word_1_12' title='bbox 1107 624 1153 687; x_wconf 87' lang='lat' dir='ltr'><strong>ad</strong></span> <span class='ocrx_word' id='word_1_13' title='bbox 1173 625 1265 688; x_wconf 89' lang='lat' dir='ltr'><strong>hanc</strong></span> <span class='ocrx_word' id='word_1_14' title='bbox 1285 625 1495 705; x_wconf 43' lang='lat' dir='ltr'><strong>publicatio*</strong></span> 
     </span>
     <span class='ocr_line' id='line_1_3' title="bbox 258 728 1492 812; baseline 0.004 -21"><span class='ocrx_word' id='word_1_15' title='bbox 258 745 340 792; x_wconf 89' lang='lat' dir='ltr'><strong>nem</strong></span> <span class='ocrx_word' id='word_1_16' title='bbox 369 737 569 808; x_wconf 89' lang='lat' dir='ltr'><strong>peteretur,</strong></span> <span class='ocrx_word' id='word_1_17' title='bbox 601 729 699 792; x_wconf 90' lang='lat' dir='ltr'><strong>illum</strong></span> <span class='ocrx_word' id='word_1_18' title='bbox 727 728 812 793; x_wconf 90' lang='lat' dir='ltr'><strong>dare</strong></span> <span class='ocrx_word' id='word_1_19' title='bbox 841 731 1044 808; x_wconf 85' lang='lat' dir='ltr'><strong>recusavit,</strong></span> <span class='ocrx_word' id='word_1_20' title='bbox 1074 733 1238 812; x_wconf 88' lang='lat' dir='ltr'><strong>quamvis</strong></span> <span class='ocrx_word' id='word_1_21' title='bbox 1270 733 1492 798; x_wconf 87' lang='lat' dir='ltr'><strong>adversariis</strong></span> 
     </span>
     <span class='ocr_line' id='line_1_4' title="bbox 258 834 1489 904; baseline 0.004 -7"><span class='ocrx_word' id='word_1_22' title='bbox 258 851 381 898; x_wconf 89' lang='lat' dir='ltr'><strong>omnes</strong></span> <span class='ocrx_word' id='word_1_23' title='bbox 404 834 480 899; x_wconf 84' lang='lat' dir='ltr'><strong>sere</strong></span> <span class='ocrx_word' id='word_1_24' title='bbox 504 835 675 898; x_wconf 88' lang='lat' dir='ltr'><strong>ecclesias</strong></span> <span class='ocrx_word' id='word_1_25' title='bbox 700 835 746 898; x_wconf 90' lang='lat' dir='ltr'><strong>ad</strong></span> <span class='ocrx_word' id='word_1_26' title='bbox 774 852 920 899; x_wconf 88' lang='lat' dir='ltr'><strong>suarum</strong></span> <span class='ocrx_word' id='word_1_27' title='bbox 948 854 1180 900; x_wconf 85' lang='lat' dir='ltr'><strong>censurarum</strong></span> <span class='ocrx_word' id='word_1_28' title='bbox 1209 838 1489 904; x_wconf 82' lang='lat' dir='ltr'><strong>declarationem</strong></span> 
     </span>
     <span class='ocr_line' id='line_1_5' title="bbox 258 941 1495 1023; baseline 0.004 -19"><span class='ocrx_word' id='word_1_29' title='bbox 258 941 505 1020; x_wconf 87' lang='lat' dir='ltr'><strong>concessisset;</strong></span> <span class='ocrx_word' id='word_1_30' title='bbox 522 949 557 1004; x_wconf 90' lang='lat' dir='ltr'><strong>et</strong></span> <span class='ocrx_word' id='word_1_31' title='bbox 571 941 621 1004; x_wconf 92' lang='lat' dir='ltr'><strong>ita</strong></span> <span class='ocrx_word' id='word_1_32' title='bbox 635 941 671 1005; x_wconf 90' lang='lat' dir='ltr'><strong>in</strong></span> <span class='ocrx_word' id='word_1_33' title='bbox 687 959 757 1005; x_wconf 88' lang='lat' dir='ltr'><strong>uno</strong></span> <span class='ocrx_word' id='word_1_34' title='bbox 769 945 844 1006; x_wconf 93' lang='lat' dir='ltr'><strong>solo</strong></span> <span class='ocrx_word' id='word_1_35' title='bbox 856 944 1072 1007; x_wconf 87' lang='lat' dir='ltr'><strong>monasterio</strong></span> <span class='ocrx_word' id='word_1_36' title='bbox 1083 944 1284 1023; x_wconf 88' lang='lat' dir='ltr'><strong>publicatae</strong></span> <span class='ocrx_word' id='word_1_37' title='bbox 1298 944 1440 1010; x_wconf 88' lang='lat' dir='ltr'><strong>luerunt</strong></span> <span class='ocrx_word' id='word_1_38' title='bbox 1455 956 1495 1011; x_wconf 88' lang='lat' dir='ltr'><strong>et·</strong></span> 
     </span>
     <span class='ocr_line' id='line_1_6' title="bbox 255 1047 1495 1129; baseline 0.005 -18"><span class='ocrx_word' id='word_1_39' title='bbox 255 1049 295 1112; x_wconf 91' lang='lat' dir='ltr'><strong>in</strong></span> <span class='ocrx_word' id='word_1_40' title='bbox 307 1049 456 1128; x_wconf 88' lang='lat' dir='ltr'><strong>publicis</strong></span> <span class='ocrx_word' id='word_1_41' title='bbox 468 1049 556 1112; x_wconf 92' lang='lat' dir='ltr'><strong>locis</strong></span> <span class='ocrx_word' id='word_1_42' title='bbox 568 1047 707 1129; x_wconf 84' lang='lat' dir='ltr'><strong>affixae,</strong></span> <span class='ocrx_word' id='word_1_43' title='bbox 716 1049 775 1113; x_wconf 91' lang='lat' dir='ltr'><strong>ubi</strong></span> <span class='ocrx_word' id='word_1_44' title='bbox 787 1051 1036 1114; x_wconf 86' lang='lat' dir='ltr'><strong>declarabatur</strong></span> <span class='ocrx_word' id='word_1_45' title='bbox 1047 1051 1239 1115; x_wconf 90' lang='lat' dir='ltr'><strong>incurrisse</strong></span> <span class='ocrx_word' id='word_1_46' title='bbox 1252 1055 1495 1117; x_wconf 49' lang='lat' dir='ltr'><strong>excommun}</strong></span> 
     </span>
     <span class='ocr_line' id='line_1_7' title="bbox 258 1155 1490 1240; baseline 0.004 -21"><span class='ocrx_word' id='word_1_47' title='bbox 258 1157 436 1221; x_wconf 73' lang='lat' dir='ltr'><strong>certionem</strong></span> <span class='ocrx_word' id='word_1_48' title='bbox 453 1155 699 1220; x_wconf 88' lang='lat' dir='ltr'><strong>Guardianum</strong></span> <span class='ocrx_word' id='word_1_49' title='bbox 713 1156 772 1222; x_wconf 52' lang='lat' dir='ltr'><strong>Sil</strong></span> <span class='ocrx_word' id='word_1_50' title='bbox 790 1158 974 1221; x_wconf 89' lang='lat' dir='ltr'><strong>Francisci</strong></span> <span class='ocrx_word' id='word_1_51' title='bbox 998 1176 1077 1221; x_wconf 91' lang='lat' dir='ltr'><strong>cum</strong></span> <span class='ocrx_word' id='word_1_52' title='bbox 1099 1158 1268 1223; x_wconf 82' lang='lat' dir='ltr'><strong>fratribus</strong></span> <span class='ocrx_word' id='word_1_53' title='bbox 1289 1158 1349 1224; x_wconf 68' lang='lat'><strong>§.²¹</strong></span> <span class='ocrx_word' id='word_1_54' title='bbox 1367 1161 1490 1240; x_wconf 80' lang='lat' dir='ltr'><strong>Augu-</strong></span> 
     </span>
     <span class='ocr_line' id='line_1_8' title="bbox 261 1263 1491 1348; baseline 0.003 -21"><span class='ocrx_word' id='word_1_55' title='bbox 261 1264 344 1328; x_wconf 93' lang='lat' dir='ltr'><strong>stini</strong></span> <span class='ocrx_word' id='word_1_56' title='bbox 358 1275 393 1327; x_wconf 90' lang='lat' dir='ltr'><strong>et</strong></span> <span class='ocrx_word' id='word_1_57' title='bbox 409 1263 549 1328; x_wconf 91' lang='lat' dir='ltr'><strong>clericis</strong></span> <span class='ocrx_word' id='word_1_58' title='bbox 563 1263 645 1329; x_wconf 70' lang='lat' dir='ltr'><strong>S.¹‘¹e</strong></span> <span class='ocrx_word' id='word_1_59' title='bbox 656 1263 900 1344; x_wconf 86' lang='lat' dir='ltr'><strong>Magdalenae.</strong></span> <span class='ocrx_word' id='word_1_60' title='bbox 919 1264 989 1328; x_wconf 87' lang='lat' dir='ltr'><strong>Sed</strong></span> <span class='ocrx_word' id='word_1_61' title='bbox 1004 1277 1083 1344; x_wconf 90' lang='lat' dir='ltr'><strong>post</strong></span> <span class='ocrx_word' id='word_1_62' title='bbox 1104 1279 1178 1328; x_wconf 90' lang='lat' dir='ltr'><strong>tres</strong></span> <span class='ocrx_word' id='word_1_63' title='bbox 1200 1267 1306 1330; x_wconf 86' lang='lat' dir='ltr'><strong>horas</strong></span> <span class='ocrx_word' id='word_1_64' title='bbox 1322 1270 1379 1330; x_wconf 91' lang='lat' dir='ltr'><strong>vel</strong></span> <span class='ocrx_word' id='word_1_65' title='bbox 1401 1285 1491 1348; x_wconf 87' lang='lat' dir='ltr'><strong>qua-</strong></span> 
     </span>
     <span class='ocr_line' id='line_1_9' title="bbox 258 1371 1493 1456; baseline 0.002 -21"><span class='ocrx_word' id='word_1_66' title='bbox 258 1381 339 1436; x_wconf 89' lang='lat' dir='ltr'><strong>tuor</strong></span> <span class='ocrx_word' id='word_1_67' title='bbox 355 1371 507 1451; x_wconf 87' lang='lat' dir='ltr'><strong>injunxit</strong></span> <span class='ocrx_word' id='word_1_68' title='bbox 523 1371 682 1436; x_wconf 89' lang='lat' dir='ltr'><strong>officialis</strong></span> <span class='ocrx_word' id='word_1_69' title='bbox 696 1371 707 1404; x_wconf 77' lang='lat'><strong>¹</strong></span> <span class='ocrx_word' id='word_1_70' title='bbox 722 1373 853 1436; x_wconf 90' lang='lat' dir='ltr'><strong>clerico</strong></span> <span class='ocrx_word' id='word_1_71' title='bbox 867 1372 1009 1436; x_wconf 91' lang='lat' dir='ltr'><strong>cuidam</strong></span> <span class='ocrx_word' id='word_1_72' title='bbox 1029 1391 1073 1436; x_wconf 86' lang='lat' dir='ltr'><strong>ex</strong></span> <span class='ocrx_word' id='word_1_73' title='bbox 1095 1390 1217 1437; x_wconf 92' lang='lat' dir='ltr'><strong>eorum</strong></span> <span class='ocrx_word' id='word_1_74' title='bbox 1240 1391 1405 1453; x_wconf 88' lang='lat' dir='ltr'><strong>numero,</strong></span> <span class='ocrx_word' id='word_1_75' title='bbox 1427 1375 1493 1456; x_wconf 85' lang='lat' dir='ltr'><strong>qui</strong></span> 
     </span>
     <span class='ocr_line' id='line_1_10' title="bbox 259 1479 1496 1562; baseline 0.002 -20"><span class='ocrx_word' id='word_1_76' title='bbox 259 1479 560 1544; x_wconf 89' lang='lat' dir='ltr'><strong>excommunicati</strong></span> <span class='ocrx_word' id='word_1_77' title='bbox 575 1489 688 1558; x_wconf 86' lang='lat' dir='ltr'><strong>erant,</strong></span> <span class='ocrx_word' id='word_1_78' title='bbox 710 1489 747 1542; x_wconf 88' lang='lat' dir='ltr'><strong>ut</strong></span> <span class='ocrx_word' id='word_1_79' title='bbox 766 1481 904 1544; x_wconf 83' lang='lat' dir='ltr'><strong>litteras</strong></span> <span class='ocrx_word' id='word_1_80' title='bbox 923 1481 1002 1542; x_wconf 92' lang='lat' dir='ltr'><strong>illas</strong></span> <span class='ocrx_word' id='word_1_81' title='bbox 1024 1480 1104 1544; x_wconf 91' lang='lat' dir='ltr'><strong>inde</strong></span> <span class='ocrx_word' id='word_1_82' title='bbox 1127 1481 1300 1559; x_wconf 80' lang='lat' dir='ltr'><strong>auferret,</strong></span> <span class='ocrx_word' id='word_1_83' title='bbox 1318 1482 1411 1562; x_wconf 87' lang='lat' dir='ltr'><strong>quod</strong></span> <span class='ocrx_word' id='word_1_84' title='bbox 1433 1481 1496 1544; x_wconf 87' lang='lat' dir='ltr'><strong>ille</strong></span> 
     </span>
     <span class='ocr_line' id='line_1_11' title="bbox 258 1585 1494 1668; baseline 0.003 -18"><span class='ocrx_word' id='word_1_85' title='bbox 258 1586 398 1668; x_wconf 89' lang='lat' dir='ltr'><strong>publice</strong></span> <span class='ocrx_word' id='word_1_86' title='bbox 412 1586 508 1666; x_wconf 90' lang='lat' dir='ltr'><strong>secit;</strong></span> <span class='ocrx_word' id='word_1_87' title='bbox 525 1598 558 1650; x_wconf 90' lang='lat' dir='ltr'><strong>et</strong></span> <span class='ocrx_word' id='word_1_88' title='bbox 573 1588 693 1650; x_wconf 89' lang='lat' dir='ltr'><strong>statim</strong></span> <span class='ocrx_word' id='word_1_89' title='bbox 707 1587 836 1650; x_wconf 89' lang='lat' dir='ltr'><strong>fratres</strong></span> <span class='ocrx_word' id='word_1_90' title='bbox 851 1585 910 1650; x_wconf 53' lang='lat' dir='ltr'><strong>Sl*</strong></span> <span class='ocrx_word' id='word_1_91' title='bbox 930 1586 1135 1666; x_wconf 84' lang='lat' dir='ltr'><strong>Augustini,</strong></span> <span class='ocrx_word' id='word_1_92' title='bbox 1151 1606 1215 1668; x_wconf 90' lang='lat' dir='ltr'><strong>per</strong></span> <span class='ocrx_word' id='word_1_93' title='bbox 1231 1599 1343 1651; x_wconf 92' lang='lat' dir='ltr'><strong>totam</strong></span> <span class='ocrx_word' id='word_1_94' title='bbox 1365 1589 1494 1654; x_wconf 86' lang='lat' dir='ltr'><strong>urbem</strong></span> 
     </span>
     <span class='ocr_line' id='line_1_12' title="bbox 259 1691 1496 1772; baseline 0 -14"><span class='ocrx_word' id='word_1_95' title='bbox 259 1695 512 1767; x_wconf 85' lang='lat' dir='ltr'><strong>discurrentes,</strong></span> <span class='ocrx_word' id='word_1_96' title='bbox 529 1693 655 1756; x_wconf 84' lang='lat' dir='ltr'><strong>affixas</strong></span> <span class='ocrx_word' id='word_1_97' title='bbox 670 1691 872 1772; x_wconf 87' lang='lat' dir='ltr'><strong>hujusmodi</strong></span> <span class='ocrx_word' id='word_1_98' title='bbox 886 1695 1025 1758; x_wconf 91' lang='lat' dir='ltr'><strong>litteras</strong></span> <span class='ocrx_word' id='word_1_99' title='bbox 1040 1697 1252 1764; x_wconf 83' lang='lat' dir='ltr'><strong>lacerarunt.</strong></span> <span class='ocrx_word' id='word_1_100' title='bbox 1269 1706 1304 1759; x_wconf 88' lang='lat' dir='ltr'><strong>et</strong></span> <span class='ocrx_word' id='word_1_101' title='bbox 1326 1695 1496 1758; x_wconf 52' lang='lat' dir='ltr'><strong>dicebant*</strong></span> 
     </span>
     <span class='ocr_line' id='line_1_13' title="bbox 259 1799 1489 1881; baseline -0.001 -17"><span class='ocrx_word' id='word_1_102' title='bbox 259 1801 295 1864; x_wconf 94' lang='lat' dir='ltr'><strong>id</strong></span> <span class='ocrx_word' id='word_1_103' title='bbox 310 1802 376 1864; x_wconf 86' lang='lat' dir='ltr'><strong>sibi</strong></span> <span class='ocrx_word' id='word_1_104' title='bbox 392 1802 436 1864; x_wconf 88' lang='lat' dir='ltr'><strong>ab</strong></span> <span class='ocrx_word' id='word_1_105' title='bbox 449 1801 590 1864; x_wconf 87' lang='lat' dir='ltr'><strong>officiali</strong></span> <span class='ocrx_word' id='word_1_106' title='bbox 602 1799 873 1880; x_wconf 89' lang='lat' dir='ltr'><strong>Archiepiscopi</strong></span> <span class='ocrx_word' id='word_1_107' title='bbox 884 1817 963 1864; x_wconf 89' lang='lat' dir='ltr'><strong>esse</strong></span> <span class='ocrx_word' id='word_1_108' title='bbox 974 1800 1181 1880; x_wconf 80' lang='lat' dir='ltr'><strong>injunctum3</strong></span> <span class='ocrx_word' id='word_1_109' title='bbox 1196 1815 1231 1864; x_wconf 94' lang='lat' dir='ltr'><strong>et</strong></span> <span class='ocrx_word' id='word_1_110' title='bbox 1243 1813 1361 1866; x_wconf 87' lang='lat' dir='ltr'><strong>tamen</strong></span> <span class='ocrx_word' id='word_1_111' title='bbox 1372 1818 1489 1881; x_wconf 89' lang='lat' dir='ltr'><strong>poena</strong></span> 
     </span>
     <span class='ocr_line' id='line_1_14' title="bbox 259 1906 1496 1988; baseline 0 -17"><span class='ocrx_word' id='word_1_112' title='bbox 259 1907 635 1972; x_wconf 84' lang='lat' dir='ltr'><strong>excommunicationis</strong></span> <span class='ocrx_word' id='word_1_113' title='bbox 664 1907 827 1988; x_wconf 87' lang='lat' dir='ltr'><strong>apposita</strong></span> <span class='ocrx_word' id='word_1_114' title='bbox 855 1917 934 1970; x_wconf 88' lang='lat' dir='ltr'><strong>erat</strong></span> <span class='ocrx_word' id='word_1_115' title='bbox 962 1907 1010 1984; x_wconf 90' lang='lat' dir='ltr'><strong>ei,</strong></span> <span class='ocrx_word' id='word_1_116' title='bbox 1041 1909 1101 1987; x_wconf 93' lang='lat' dir='ltr'><strong>qui</strong></span> <span class='ocrx_word' id='word_1_117' title='bbox 1128 1906 1328 1988; x_wconf 91' lang='lat' dir='ltr'><strong>hujusmodi</strong></span> <span class='ocrx_word' id='word_1_118' title='bbox 1352 1910 1496 1972; x_wconf 87' lang='lat' dir='ltr'><strong>litteras</strong></span> 
     </span>
     <span class='ocr_line' id='line_1_15' title="bbox 260 2015 474 2080; baseline -0.023 -2"><span class='ocrx_word' id='word_1_119' title='bbox 260 2015 474 2080; x_wconf 90' lang='lat' dir='ltr'><strong>abstulisset.</strong></span> 
     </span>
    </p>

    <p class='ocr_par' dir='ltr' id='par_1_3' title="bbox 255 2120 1497 3591">
     <span class='ocr_line' id='line_1_16' title="bbox 321 2120 1493 2202; baseline 0 -18"><span class='ocrx_word' id='word_1_120' title='bbox 321 2122 408 2185; x_wconf 88' lang='lat'>1071.</span> <span class='ocrx_word' id='word_1_121' title='bbox 453 2121 519 2184; x_wconf 91' lang='lat' dir='ltr'><strong>Die</strong></span> <span class='ocrx_word' id='word_1_122' title='bbox 545 2122 706 2202; x_wconf 89' lang='lat' dir='ltr'><strong>sequenti</strong></span> <span class='ocrx_word' id='word_1_123' title='bbox 734 2120 962 2184; x_wconf 90' lang='lat' dir='ltr'><strong>interdictum</strong></span> <span class='ocrx_word' id='word_1_124' title='bbox 987 2133 1111 2184; x_wconf 91' lang='lat' dir='ltr'><strong>contra</strong></span> <span class='ocrx_word' id='word_1_125' title='bbox 1141 2131 1284 2184; x_wconf 90' lang='lat' dir='ltr'><strong>nostros</strong></span> <span class='ocrx_word' id='word_1_126' title='bbox 1309 2121 1493 2184; x_wconf 87' lang='lat' dir='ltr'><strong>decretum</strong></span> 
     </span>
     <span class='ocr_line' id='line_1_17' title="bbox 259 2225 1493 2309; baseline -0.003 -15"><span class='ocrx_word' id='word_1_127' title='bbox 259 2239 324 2309; x_wconf 89' lang='lat' dir='ltr'><strong>est;</strong></span> <span class='ocrx_word' id='word_1_128' title='bbox 346 2238 381 2292; x_wconf 90' lang='lat' dir='ltr'><strong>et</strong></span> <span class='ocrx_word' id='word_1_129' title='bbox 400 2227 570 2308; x_wconf 89' lang='lat' dir='ltr'><strong>postridie</strong></span> <span class='ocrx_word' id='word_1_130' title='bbox 591 2227 628 2292; x_wconf 87' lang='lat' dir='ltr'><strong>P.</strong></span> <span class='ocrx_word' id='word_1_131' title='bbox 649 2227 855 2307; x_wconf 88' lang='lat' dir='ltr'><strong>Alphonsus</strong></span> <span class='ocrx_word' id='word_1_132' title='bbox 875 2227 1023 2304; x_wconf 86' lang='lat' dir='ltr'><strong>Roman,</strong></span> <span class='ocrx_word' id='word_1_133' title='bbox 1044 2228 1090 2290; x_wconf 90' lang='lat' dir='ltr'><strong>ad</strong></span> <span class='ocrx_word' id='word_1_134' title='bbox 1112 2227 1247 2290; x_wconf 90' lang='lat' dir='ltr'><strong>curiam</strong></span> <span class='ocrx_word' id='word_1_135' title='bbox 1268 2225 1440 2308; x_wconf 87' lang='lat' dir='ltr'><strong>Principis</strong></span> <span class='ocrx_word' id='word_1_136' title='bbox 1464 2225 1493 2305; x_wconf 82' lang='lat'><strong>³,</strong></span> 
     </span>
     <span class='ocr_line' id='line_1_18' title="bbox 259 2334 1494 2412; baseline -0.001 -12"><span class='ocrx_word' id='word_1_137' title='bbox 259 2337 505 2400; x_wconf 90' lang='lat' dir='ltr'><strong>Vallisoletum</strong></span> <span class='ocrx_word' id='word_1_138' title='bbox 525 2353 563 2397; x_wconf 89' lang='lat' dir='ltr'><strong>se</strong></span> <span class='ocrx_word' id='word_1_139' title='bbox 585 2334 743 2412; x_wconf 91' lang='lat' dir='ltr'><strong>contulit,</strong></span> <span class='ocrx_word' id='word_1_140' title='bbox 770 2343 808 2398; x_wconf 92' lang='lat' dir='ltr'><strong>ut</strong></span> <span class='ocrx_word' id='word_1_141' title='bbox 834 2344 960 2397; x_wconf 91' lang='lat' dir='ltr'><strong>contra</strong></span> <span class='ocrx_word' id='word_1_142' title='bbox 985 2334 1156 2397; x_wconf 89' lang='lat' dir='ltr'><strong>scandala</strong></span> <span class='ocrx_word' id='word_1_143' title='bbox 1181 2335 1270 2396; x_wconf 90' lang='lat' dir='ltr'><strong>haec</strong></span> <span class='ocrx_word' id='word_1_144' title='bbox 1295 2334 1494 2399; x_wconf 90' lang='lat' dir='ltr'><strong>remedium</strong></span> 
     </span>
     <span class='ocr_line' id='line_1_19' title="bbox 260 2439 1489 2524; baseline -0.002 -18"><span class='ocrx_word' id='word_1_145' title='bbox 260 2442 402 2524; x_wconf 85' lang='lat' dir='ltr'><strong>aliquod</strong></span> <span class='ocrx_word' id='word_1_146' title='bbox 421 2443 647 2523; x_wconf 86' lang='lat' dir='ltr'><strong>impetraret:</strong></span> <span class='ocrx_word' id='word_1_147' title='bbox 670 2441 833 2522; x_wconf 88' lang='lat' dir='ltr'><strong>quamvis</strong></span> <span class='ocrx_word' id='word_1_148' title='bbox 852 2441 947 2504; x_wconf 89' lang='lat' dir='ltr'><strong>enim</strong></span> <span class='ocrx_word' id='word_1_149' title='bbox 965 2459 987 2503; x_wconf 90' lang='lat' dir='ltr'><strong>a</strong></span> <span class='ocrx_word' id='word_1_150' title='bbox 1005 2439 1096 2504; x_wconf 90' lang='lat' dir='ltr'><strong>Sede</strong></span> <span class='ocrx_word' id='word_1_151' title='bbox 1116 2441 1312 2520; x_wconf 90' lang='lat' dir='ltr'><strong>apostolica</strong></span> <span class='ocrx_word' id='word_1_152' title='bbox 1327 2440 1411 2505; x_wconf 94' lang='lat' dir='ltr'><strong>illud</strong></span> <span class='ocrx_word' id='word_1_153' title='bbox 1430 2457 1489 2521; x_wconf 91' lang='lat' dir='ltr'><strong>po-</strong></span> 
     </span>
     <span class='ocr_line' id='line_1_20' title="bbox 260 2545 1489 2628; baseline -0.003 -14"><span class='ocrx_word' id='word_1_154' title='bbox 260 2553 439 2628; x_wconf 89' lang='lat' dir='ltr'><strong>stulasset,</strong></span> <span class='ocrx_word' id='word_1_155' title='bbox 461 2549 657 2628; x_wconf 89' lang='lat' dir='ltr'><strong>periculum</strong></span> <span class='ocrx_word' id='word_1_156' title='bbox 677 2565 755 2612; x_wconf 89' lang='lat' dir='ltr'><strong>esse</strong></span> <span class='ocrx_word' id='word_1_157' title='bbox 775 2548 810 2612; x_wconf 93' lang='lat' dir='ltr'><strong>in</strong></span> <span class='ocrx_word' id='word_1_158' title='bbox 830 2565 929 2612; x_wconf 88' lang='lat' dir='ltr'><strong>mora</strong></span> <span class='ocrx_word' id='word_1_159' title='bbox 954 2547 1154 2610; x_wconf 88' lang='lat' dir='ltr'><strong>videbatur.</strong></span> <span class='ocrx_word' id='word_1_160' title='bbox 1175 2547 1260 2610; x_wconf 90' lang='lat' dir='ltr'><strong>Post</strong></span> <span class='ocrx_word' id='word_1_161' title='bbox 1282 2545 1358 2627; x_wconf 88' lang='lat' dir='ltr'><strong>ejus</strong></span> <span class='ocrx_word' id='word_1_162' title='bbox 1377 2565 1489 2611; x_wconf 90' lang='lat' dir='ltr'><strong>reces-</strong></span> 
     </span>
     <span class='ocr_line' id='line_1_21' title="bbox 260 2654 1491 2736; baseline -0.004 -13"><span class='ocrx_word' id='word_1_163' title='bbox 260 2676 338 2723; x_wconf 91' lang='lat' dir='ltr'><strong>sum</strong></span> <span class='ocrx_word' id='word_1_164' title='bbox 354 2657 499 2721; x_wconf 88' lang='lat' dir='ltr'><strong>cbartae</strong></span> <span class='ocrx_word' id='word_1_165' title='bbox 516 2655 642 2719; x_wconf 85' lang='lat' dir='ltr'><strong>affixae</strong></span> <span class='ocrx_word' id='word_1_166' title='bbox 662 2665 743 2719; x_wconf 91' lang='lat' dir='ltr'><strong>sunt</strong></span> <span class='ocrx_word' id='word_1_167' title='bbox 763 2671 825 2735; x_wconf 92' lang='lat' dir='ltr'><strong>per</strong></span> <span class='ocrx_word' id='word_1_168' title='bbox 847 2654 988 2735; x_wconf 88' lang='lat' dir='ltr'><strong>publica</strong></span> <span class='ocrx_word' id='word_1_169' title='bbox 1010 2655 1089 2719; x_wconf 93' lang='lat' dir='ltr'><strong>loca</strong></span> <span class='ocrx_word' id='word_1_170' title='bbox 1109 2654 1280 2731; x_wconf 92' lang='lat' dir='ltr'><strong>civitatis,</strong></span> <span class='ocrx_word' id='word_1_171' title='bbox 1302 2655 1339 2718; x_wconf 92' lang='lat' dir='ltr'><strong>in</strong></span> <span class='ocrx_word' id='word_1_172' title='bbox 1361 2655 1491 2736; x_wconf 86' lang='lat' dir='ltr'><strong>quibus</strong></span> 
     </span>
     <span class='ocr_line' id='line_1_22' title="bbox 259 2762 1495 2846; baseline -0.004 -17"><span class='ocrx_word' id='word_1_173' title='bbox 259 2777 412 2846; x_wconf 90' lang='lat' dir='ltr'><strong>quatuor</strong></span> <span class='ocrx_word' id='word_1_174' title='bbox 426 2764 475 2827; x_wconf 92' lang='lat' dir='ltr'><strong>illi</strong></span> <span class='ocrx_word' id='word_1_175' title='bbox 489 2764 603 2827; x_wconf 91' lang='lat' dir='ltr'><strong>nostri</strong></span> <span class='ocrx_word' id='word_1_176' title='bbox 617 2763 823 2843; x_wconf 88' lang='lat' dir='ltr'><strong>supradicti,</strong></span> <span class='ocrx_word' id='word_1_177' title='bbox 841 2762 972 2842; x_wconf 91' lang='lat' dir='ltr'><strong>depicti</strong></span> <span class='ocrx_word' id='word_1_178' title='bbox 988 2774 1100 2840; x_wconf 91' lang='lat' dir='ltr'><strong>erant,</strong></span> <span class='ocrx_word' id='word_1_179' title='bbox 1117 2763 1272 2842; x_wconf 91' lang='lat' dir='ltr'><strong>propriis</strong></span> <span class='ocrx_word' id='word_1_180' title='bbox 1287 2763 1495 2826; x_wconf 88' lang='lat' dir='ltr'><strong>nominibus</strong></span> 
     </span>
     <span class='ocr_line' id='line_1_23' title="bbox 259 2869 1494 2953; baseline 0.001 -19"><span class='ocrx_word' id='word_1_181' title='bbox 259 2872 442 2953; x_wconf 77' lang='lat' dir='ltr'><strong>appositis,</strong></span> <span class='ocrx_word' id='word_1_182' title='bbox 469 2880 503 2933; x_wconf 90' lang='lat' dir='ltr'><strong>et</strong></span> <span class='ocrx_word' id='word_1_183' title='bbox 529 2871 573 2933; x_wconf 93' lang='lat' dir='ltr'><strong>ab</strong></span> <span class='ocrx_word' id='word_1_184' title='bbox 597 2878 747 2949; x_wconf 91' lang='lat' dir='ltr'><strong>utroque</strong></span> <span class='ocrx_word' id='word_1_185' title='bbox 772 2869 882 2932; x_wconf 90' lang='lat' dir='ltr'><strong>latere</strong></span> <span class='ocrx_word' id='word_1_186' title='bbox 908 2869 1100 2932; x_wconf 88' lang='lat' dir='ltr'><strong>daemones</strong></span> <span class='ocrx_word' id='word_1_187' title='bbox 1127 2869 1303 2948; x_wconf 78' lang='lat' dir='ltr'><strong>depictoS,</strong></span> <span class='ocrx_word' id='word_1_188' title='bbox 1334 2881 1368 2932; x_wconf 89' lang='lat' dir='ltr'><strong>et</strong></span> <span class='ocrx_word' id='word_1_189' title='bbox 1396 2869 1494 2935; x_wconf 85' lang='lat' dir='ltr'><strong>infra.</strong></span> 
     </span>
     <span class='ocr_line' id='line_1_24' title="bbox 260 2976 1485 3060; baseline -0.002 -19"><span class='ocrx_word' id='word_1_190' title='bbox 260 2995 541 3060; x_wconf 91' lang='lat' dir='ltr'><strong>unumquemque</strong></span> <span class='ocrx_word' id='word_1_191' title='bbox 564 2978 703 3040; x_wconf 93' lang='lat' dir='ltr'><strong>illorum</strong></span> <span class='ocrx_word' id='word_1_192' title='bbox 724 2976 897 3052; x_wconf 67' lang='lat' dir='ltr'><strong>flammas</strong></span> <span class='ocrx_word' id='word_1_193' title='bbox 921 2977 1040 3039; x_wconf 88' lang='lat' dir='ltr'><strong>verbis</strong></span> <span class='ocrx_word' id='word_1_194' title='bbox 1060 2993 1212 3055; x_wconf 82' lang='lat' dir='ltr'><strong>magnae</strong></span> <span class='ocrx_word' id='word_1_195' title='bbox 1235 2976 1410 3041; x_wconf 88' lang='lat' dir='ltr'><strong>irrisionis</strong></span> <span class='ocrx_word' id='word_1_196' title='bbox 1429 2976 1485 3039; x_wconf 90' lang='lat' dir='ltr'><strong>ad·</strong></span> 
     </span>
     <span class='ocr_line' id='line_1_25' title="bbox 259 3081 1496 3165; baseline -0.003 -16"><span class='ocrx_word' id='word_1_197' title='bbox 259 3086 390 3149; x_wconf 86' lang='lat' dir='ltr'><strong>bibitis.</strong></span> <span class='ocrx_word' id='word_1_198' title='bbox 407 3086 451 3147; x_wconf 88' lang='lat' dir='ltr'><strong>Et</strong></span> <span class='ocrx_word' id='word_1_199' title='bbox 465 3084 579 3147; x_wconf 91' lang='lat' dir='ltr'><strong>bonus</strong></span> <span class='ocrx_word' id='word_1_200' title='bbox 598 3082 797 3163; x_wconf 90' lang='lat' dir='ltr'><strong>Episcopus</strong></span> <span class='ocrx_word' id='word_1_201' title='bbox 813 3082 981 3145; x_wconf 85' lang='lat' dir='ltr'><strong>Oscensis</strong></span> <span class='ocrx_word' id='word_1_202' title='bbox 996 3092 1030 3145; x_wconf 91' lang='lat' dir='ltr'><strong>et</strong></span> <span class='ocrx_word' id='word_1_203' title='bbox 1051 3092 1285 3146; x_wconf 89' lang='lat' dir='ltr'><strong>conservator</strong></span> <span class='ocrx_word' id='word_1_204' title='bbox 1299 3081 1312 3112; x_wconf 80' lang='lat'><strong>⁴</strong></span> <span class='ocrx_word' id='word_1_205' title='bbox 1332 3083 1496 3165; x_wconf 90' lang='lat' dir='ltr'><strong>Joannes</strong></span> 
     </span>
     <span class='ocr_line' id='line_1_26' title="bbox 258 3189 1485 3269; baseline -0.004 -12"><span class='ocrx_word' id='word_1_206' title='bbox 258 3194 453 3269; x_wconf 88' lang='lat' dir='ltr'><strong>Gonzalez,</strong></span> <span class='ocrx_word' id='word_1_207' title='bbox 473 3192 582 3255; x_wconf 87' lang='lat' dir='ltr'><strong>etalii</strong></span> <span class='ocrx_word' id='word_1_208' title='bbox 606 3190 710 3254; x_wconf 88' lang='lat' dir='ltr'><strong>amici</strong></span> <span class='ocrx_word' id='word_1_209' title='bbox 730 3189 917 3253; x_wconf 84' lang='lat' dir='ltr'><strong>Societatrs</strong></span> <span class='ocrx_word' id='word_1_210' title='bbox 938 3191 1045 3253; x_wconf 89' lang='lat' dir='ltr'><strong>etiam</strong></span> <span class='ocrx_word' id='word_1_211' title='bbox 1065 3189 1364 3253; x_wconf 85' lang='lat' dir='ltr'><strong>excommunicati</strong></span> <span class='ocrx_word' id='word_1_212' title='bbox 1386 3200 1485 3253; x_wconf 88' lang='lat' dir='ltr'><strong>nota·</strong></span> 
     </span>
     <span class='ocr_line' id='line_1_27' title="bbox 256 3296 1490 3378; baseline -0.003 -15"><span class='ocrx_word' id='word_1_213' title='bbox 256 3301 397 3378; x_wconf 87' lang='lat' dir='ltr'><strong>bantur;</strong></span> <span class='ocrx_word' id='word_1_214' title='bbox 411 3308 444 3361; x_wconf 88' lang='lat' dir='ltr'><strong>et</strong></span> <span class='ocrx_word' id='word_1_215' title='bbox 460 3308 577 3361; x_wconf 89' lang='lat' dir='ltr'><strong>tamen</strong></span> <span class='ocrx_word' id='word_1_216' title='bbox 590 3298 665 3377; x_wconf 90' lang='lat' dir='ltr'><strong>ipse</strong></span> <span class='ocrx_word' id='word_1_217' title='bbox 677 3296 874 3376; x_wconf 90' lang='lat' dir='ltr'><strong>Episcopus</strong></span> <span class='ocrx_word' id='word_1_218' title='bbox 885 3312 993 3375; x_wconf 84' lang='lat' dir='ltr'><strong>aegre</strong></span> <span class='ocrx_word' id='word_1_219' title='bbox 1005 3297 1140 3360; x_wconf 81' lang='lat' dir='ltr'><strong>ferebat</strong></span> <span class='ocrx_word' id='word_1_220' title='bbox 1151 3297 1246 3376; x_wconf 91' lang='lat' dir='ltr'><strong>quod</strong></span> <span class='ocrx_word' id='word_1_221' title='bbox 1258 3296 1372 3376; x_wconf 91' lang='lat' dir='ltr'><strong>ipsum</strong></span> <span class='ocrx_word' id='word_1_222' title='bbox 1385 3298 1490 3359; x_wconf 92' lang='lat' dir='ltr'><strong>simul</strong></span> 
     </span>
     <span class='ocr_line' id='line_1_28' title="bbox 255 3401 1497 3483; baseline -0.004 -12"><span class='ocrx_word' id='word_1_223' title='bbox 255 3424 339 3471; x_wconf 92' lang='lat' dir='ltr'><strong>cum</strong></span> <span class='ocrx_word' id='word_1_224' title='bbox 353 3406 484 3469; x_wconf 89' lang='lat' dir='ltr'><strong>nostris</strong></span> <span class='ocrx_word' id='word_1_225' title='bbox 499 3421 570 3467; x_wconf 92' lang='lat' dir='ltr'><strong>non</strong></span> <span class='ocrx_word' id='word_1_226' title='bbox 587 3402 598 3435; x_wconf 81' lang='lat'>⁵</span> <span class='ocrx_word' id='word_1_227' title='bbox 613 3402 868 3483; x_wconf 85' lang='lat' dir='ltr'><strong>depinxissent,</strong></span> <span class='ocrx_word' id='word_1_228' title='bbox 887 3403 1014 3482; x_wconf 92' lang='lat' dir='ltr'><strong>quibus</strong></span> <span class='ocrx_word' id='word_1_229' title='bbox 1029 3404 1148 3466; x_wconf 89' lang='lat' dir='ltr'><strong>socius</strong></span> <span class='ocrx_word' id='word_1_230' title='bbox 1160 3401 1263 3482; x_wconf 90' lang='lat' dir='ltr'><strong>hujus</strong></span> <span class='ocrx_word' id='word_1_231' title='bbox 1275 3403 1497 3481; x_wconf 84' lang='lat' dir='ltr'><strong>ignominiae</strong></span> 
     </span>
     <span class='ocr_line' id='line_1_29' title="bbox 256 3510 756 3591; baseline -0.012 -14"><span class='ocrx_word' id='word_1_232' title='bbox 256 3510 473 3577; x_wconf 87' lang='lat' dir='ltr'><strong>honorificae</strong></span> <span class='ocrx_word' id='word_1_233' title='bbox 489 3527 565 3574; x_wconf 88' lang='lat' dir='ltr'><strong>esse</strong></span> <span class='ocrx_word' id='word_1_234' title='bbox 581 3510 756 3591; x_wconf 89' lang='lat' dir='ltr'><strong>cupiebat.</strong></span> 
     </span>
    </p>

    <p class='ocr_par' dir='ltr' id='par_1_4' title="bbox 257 3616 1492 3806">
     <span class='ocr_line' id='line_1_30' title="bbox 320 3616 1490 3697; baseline -0.002 -14"><span class='ocrx_word' id='word_1_235' title='bbox 320 3620 407 3683; x_wconf 86' lang='lat'><strong>1072.</strong></span> <span class='ocrx_word' id='word_1_236' title='bbox 450 3619 584 3683; x_wconf 90' lang='lat' dir='ltr'><strong>Eodem</strong></span> <span class='ocrx_word' id='word_1_237' title='bbox 599 3618 666 3694; x_wconf 89' lang='lat' dir='ltr'><strong>die,</strong></span> <span class='ocrx_word' id='word_1_238' title='bbox 683 3626 821 3681; x_wconf 89' lang='lat' dir='ltr'><strong>turmae</strong></span> <span class='ocrx_word' id='word_1_239' title='bbox 837 3616 1012 3697; x_wconf 89' lang='lat' dir='ltr'><strong>quaedam</strong></span> <span class='ocrx_word' id='word_1_240' title='bbox 1027 3633 1219 3695; x_wconf 86' lang='lat' dir='ltr'><strong>puerorum</strong></span> <span class='ocrx_word' id='word_1_241' title='bbox 1236 3634 1316 3680; x_wconf 91' lang='lat' dir='ltr'><strong>cum</strong></span> <span class='ocrx_word' id='word_1_242' title='bbox 1331 3618 1490 3697; x_wconf 86' lang='lat' dir='ltr'><strong>quodam</strong></span> 
     </span>
     <span class='ocr_line' id='line_1_31' title="bbox 257 3722 1492 3806; baseline -0.003 -15"><span class='ocrx_word' id='word_1_243' title='bbox 257 3728 401 3805; x_wconf 82' lang='lat' dir='ltr'><strong>vexillO,</strong></span> <span class='ocrx_word' id='word_1_244' title='bbox 418 3725 430 3757; x_wconf 80' lang='lat'><strong>⁰</strong></span> <span class='ocrx_word' id='word_1_245' title='bbox 446 3727 565 3806; x_wconf 92' lang='lat' dir='ltr'><strong>inquo</strong></span> <span class='ocrx_word' id='word_1_246' title='bbox 581 3725 774 3789; x_wconf 89' lang='lat' dir='ltr'><strong>daemones</strong></span> <span class='ocrx_word' id='word_1_247' title='bbox 789 3723 934 3805; x_wconf 89' lang='lat' dir='ltr'><strong>quidam</strong></span> <span class='ocrx_word' id='word_1_248' title='bbox 948 3732 1050 3787; x_wconf 87' lang='lat' dir='ltr'><strong>erant</strong></span> <span class='ocrx_word' id='word_1_249' title='bbox 1067 3722 1196 3803; x_wconf 89' lang='lat' dir='ltr'><strong>depicti</strong></span> <span class='ocrx_word' id='word_1_250' title='bbox 1217 3735 1251 3786; x_wconf 91' lang='lat' dir='ltr'><strong>et</strong></span> <span class='ocrx_word' id='word_1_251' title='bbox 1265 3723 1357 3787; x_wconf 89' lang='lat' dir='ltr'><strong>forte</strong></span> <span class='ocrx_word' id='word_1_252' title='bbox 1377 3724 1492 3804; x_wconf 89' lang='lat' dir='ltr'><strong>aliqui</strong></span> 
     </span>
    </p>
   </div>
   <div class='ocr_carea' id='block_1_3' title="bbox 254 3934 1494 4779">
    <p class='ocr_par' dir='ltr' id='par_1_5' title="bbox 299 3934 563 3987">
     <span class='ocr_line' id='line_1_32' title="bbox 299 3934 563 3987; baseline -0.011 -9"><span class='ocrx_word' id='word_1_253' title='bbox 299 3934 307 3967; x_wconf 83' lang='lat'>¹</span> <span class='ocrx_word' id='word_1_254' title='bbox 335 3934 563 3987; x_wconf 76' lang='lat' dir='ltr'><strong>ldemacpraeco.</strong></span> 
     </span>
    </p>

    <p class='ocr_par' dir='ltr' id='par_1_6' title="bbox 296 4004 541 4059">
     <span class='ocr_line' id='line_1_33' title="bbox 296 4004 541 4059; baseline -0.012 -9"><span class='ocrx_word' id='word_1_255' title='bbox 296 4006 308 4039; x_wconf 80' lang='lat'><strong>¹</strong></span> <span class='ocrx_word' id='word_1_256' title='bbox 335 4004 541 4059; x_wconf 78' lang='lat' dir='ltr'><strong>Arcbleplscopi.</strong></span> 
     </span>
    </p>

    <p class='ocr_par' dir='ltr' id='par_1_7' title="bbox 294 4068 1181 4129">
     <span class='ocr_line' id='line_1_34' title="bbox 294 4068 1181 4129; baseline -0.009 -7"><span class='ocrx_word' id='word_1_257' title='bbox 294 4076 307 4109; x_wconf 81' lang='lat'>⁸</span> <span class='ocrx_word' id='word_1_258' title='bbox 333 4076 457 4129; x_wconf 73' lang='lat' dir='ltr'><strong>Joennae,</strong></span> <span class='ocrx_word' id='word_1_259' title='bbox 466 4074 615 4129; x_wconf 82' lang='lat' dir='ltr'><strong>Hispaniae,</strong></span> <span class='ocrx_word' id='word_1_260' title='bbox 627 4068 735 4117; x_wconf 81' lang='lat' dir='ltr'><strong>absente</strong></span> <span class='ocrx_word' id='word_1_261' title='bbox 748 4072 865 4126; x_wconf 84' lang='lat' dir='ltr'><strong>Philippo</strong></span> <span class='ocrx_word' id='word_1_262' title='bbox 876 4071 968 4123; x_wconf 74' lang='lat' dir='ltr'><strong>fratre,</strong></span> <span class='ocrx_word' id='word_1_263' title='bbox 978 4071 1181 4125; x_wconf 73' lang='lat' dir='ltr'><strong>gubernatricis.</strong></span> 
     </span>
    </p>

    <p class='ocr_par' dir='ltr' id='par_1_8' title="bbox 294 4146 686 4199">
     <span class='ocr_line' id='line_1_35' title="bbox 294 4146 686 4199; baseline -0.015 -5"><span class='ocrx_word' id='word_1_264' title='bbox 294 4150 307 4183; x_wconf 75' lang='lat'><strong>⁴</strong></span> <span class='ocrx_word' id='word_1_265' title='bbox 334 4148 513 4193; x_wconf 79' lang='lat' dir='ltr'><strong>conservator</strong></span> <span class='ocrx_word' id='word_1_266' title='bbox 526 4146 686 4199; x_wconf 66' lang='lat' dir='ltr'><strong>aragoniae.</strong></span> 
     </span>
    </p>

    <p class='ocr_par' dir='ltr' id='par_1_9' title="bbox 255 4214 1494 4343">
     <span class='ocr_line' id='line_1_36' title="bbox 294 4214 1494 4270; baseline -0.006 -6"><span class='ocrx_word' id='word_1_267' title='bbox 294 4221 306 4253; x_wconf 79' lang='lat'>³</span> <span class='ocrx_word' id='word_1_268' title='bbox 332 4220 361 4264; x_wconf 91' lang='lat' dir='ltr'><strong>ln</strong></span> <span class='ocrx_word' id='word_1_269' title='bbox 371 4220 417 4263; x_wconf 79' lang='lat' dir='ltr'><strong>bls.</strong></span> <span class='ocrx_word' id='word_1_270' title='bbox 428 4230 480 4262; x_wconf 83' lang='lat' dir='ltr'><strong>vox</strong></span> <span class='ocrx_word' id='word_1_271' title='bbox 491 4221 556 4263; x_wconf 85' lang='lat' dir='ltr'><strong>baec</strong></span> <span class='ocrx_word' id='word_1_272' title='bbox 567 4229 618 4260; x_wconf 84' lang='lat' dir='ltr'><strong>non</strong></span> <span class='ocrx_word' id='word_1_273' title='bbox 629 4216 670 4261; x_wconf 89' lang='lat' dir='ltr'><strong>bic</strong></span> <span class='ocrx_word' id='word_1_274' title='bbox 688 4218 756 4261; x_wconf 89' lang='lat' dir='ltr'><strong>inter</strong></span> <span class='ocrx_word' id='word_1_275' title='bbox 773 4218 855 4261; x_wconf 76' lang='lat' dir='ltr'><strong>linens</strong></span> <span class='ocrx_word' id='word_1_276' title='bbox 872 4216 1036 4270; x_wconf 66' lang='lat' dir='ltr'><strong>eupnposlte</strong></span> <span class='ocrx_word' id='word_1_277' title='bbox 1051 4221 1091 4257; x_wconf 85' lang='lat' dir='ltr'><strong>est</strong></span> <span class='ocrx_word' id='word_1_278' title='bbox 1107 4220 1133 4256; x_wconf 91' lang='lat' dir='ltr'><strong>et</strong></span> <span class='ocrx_word' id='word_1_279' title='bbox 1148 4214 1286 4258; x_wconf 77' lang='lat' dir='ltr'><strong>recentiori</strong></span> <span class='ocrx_word' id='word_1_280' title='bbox 1299 4225 1378 4258; x_wconf 83' lang='lat' dir='ltr'><strong>manu</strong></span> <span class='ocrx_word' id='word_1_281' title='bbox 1393 4214 1494 4267; x_wconf 52' lang='lat' dir='ltr'><strong>deletae</strong></span> 
     </span>
     <span class='ocr_line' id='line_1_37' title="bbox 255 4284 1324 4343; baseline -0.006 -7"><span class='ocrx_word' id='word_1_282' title='bbox 255 4303 354 4343; x_wconf 82' lang='lat' dir='ltr'><strong>verum,</strong></span> <span class='ocrx_word' id='word_1_283' title='bbox 365 4300 393 4335; x_wconf 85' lang='lat' dir='ltr'><strong>nt</strong></span> <span class='ocrx_word' id='word_1_284' title='bbox 404 4291 535 4335; x_wconf 81' lang='lat' dir='ltr'><strong>sententia</strong></span> <span class='ocrx_word' id='word_1_285' title='bbox 547 4296 656 4339; x_wconf 79' lang='lat' dir='ltr'><strong>constet.</strong></span> <span class='ocrx_word' id='word_1_286' title='bbox 667 4288 829 4333; x_wconf 83' lang='lat' dir='ltr'><strong>restituenda</strong></span> <span class='ocrx_word' id='word_1_287' title='bbox 840 4288 953 4332; x_wconf 87' lang='lat' dir='ltr'><strong>videtur.</strong></span> <span class='ocrx_word' id='word_1_288' title='bbox 965 4286 1031 4331; x_wconf 90' lang='lat' dir='ltr'><strong>Vide</strong></span> <span class='ocrx_word' id='word_1_289' title='bbox 1042 4295 1129 4331; x_wconf 76' lang='lat' dir='ltr'><strong>tameo</strong></span> <span class='ocrx_word' id='word_1_290' title='bbox 1141 4285 1216 4334; x_wconf 79' lang='lat' dir='ltr'><strong>inire.</strong></span> <span class='ocrx_word' id='word_1_291' title='bbox 1226 4297 1251 4329; x_wconf 89' lang='lat' dir='ltr'><strong>n.</strong></span> <span class='ocrx_word' id='word_1_292' title='bbox 1264 4284 1324 4331; x_wconf 80' lang='lat'>1081.</span> 
     </span>
    </p>

    <p class='ocr_par' dir='ltr' id='par_1_10' title="bbox 254 4356 1491 4779">
     <span class='ocr_line' id='line_1_38' title="bbox 294 4356 1484 4415; baseline -0.007 -7"><span class='ocrx_word' id='word_1_293' title='bbox 294 4362 306 4396; x_wconf 73' lang='grc' dir='ltr'><strong>θ</strong></span> <span class='ocrx_word' id='word_1_294' title='bbox 332 4364 466 4407; x_wconf 85' lang='lat' dir='ltr'><strong>Vexillum</strong></span> <span class='ocrx_word' id='word_1_295' title='bbox 478 4363 541 4406; x_wconf 87' lang='lat' dir='ltr'><strong>illud</strong></span> <span class='ocrx_word' id='word_1_296' title='bbox 552 4362 686 4405; x_wconf 83' lang='lat' dir='ltr'><strong>coniecere</strong></span> <span class='ocrx_word' id='word_1_297' title='bbox 695 4360 767 4415; x_wconf 87' lang='lat' dir='ltr'><strong>pueri</strong></span> <span class='ocrx_word' id='word_1_298' title='bbox 779 4372 811 4403; x_wconf 87' lang='lat' dir='ltr'><strong>ex</strong></span> <span class='ocrx_word' id='word_1_299' title='bbox 821 4361 921 4404; x_wconf 75' lang='lat' dir='ltr'><strong>cbertls</strong></span> <span class='ocrx_word' id='word_1_300' title='bbox 935 4359 1005 4413; x_wconf 84' lang='lat' dir='ltr'><strong>ipsis,</strong></span> <span class='ocrx_word' id='word_1_301' title='bbox 1016 4359 1042 4401; x_wconf 89' lang='lat' dir='ltr'><strong>ln</strong></span> <span class='ocrx_word' id='word_1_302' title='bbox 1053 4359 1144 4412; x_wconf 90' lang='lat' dir='ltr'><strong>qulbus</strong></span> <span class='ocrx_word' id='word_1_303' title='bbox 1154 4356 1249 4411; x_wconf 84' lang='lat' dir='ltr'><strong>depicti</strong></span> <span class='ocrx_word' id='word_1_304' title='bbox 1261 4356 1364 4411; x_wconf 76' lang='lat' dir='ltr'><strong>Patres,</strong></span> <span class='ocrx_word' id='word_1_305' title='bbox 1379 4358 1484 4401; x_wconf 85' lang='lat' dir='ltr'><strong>exbibe-</strong></span> 
     </span>
     <span class='ocr_line' id='line_1_39' title="bbox 254 4427 1486 4488; baseline -0.006 -9"><span class='ocrx_word' id='word_1_306' title='bbox 254 4439 358 4481; x_wconf 81' lang='lat' dir='ltr'><strong>bantnr:</strong></span> <span class='ocrx_word' id='word_1_307' title='bbox 369 4435 484 4479; x_wconf 75' lang='lat' dir='ltr'><strong>“Vlendo</strong></span> <span class='ocrx_word' id='word_1_308' title='bbox 495 4436 533 4478; x_wconf 88' lang='lat' dir='ltr'><strong>los</strong></span> <span class='ocrx_word' id='word_1_309' title='bbox 544 4433 701 4477; x_wconf 76' lang='lat' dir='ltr'><strong>mucltacbor</strong></span> <span class='ocrx_word' id='word_1_310' title='bbox 711 4444 728 4488; x_wconf 78' lang='lat' dir='ltr'><strong>y</strong></span> <span class='ocrx_word' id='word_1_311' title='bbox 738 4432 866 4475; x_wconf 78' lang='lat' dir='ltr'><strong>mozuelos</strong></span> <span class='ocrx_word' id='word_1_312' title='bbox 876 4432 907 4475; x_wconf 86' lang='lat' dir='ltr'><strong>de</strong></span> <span class='ocrx_word' id='word_1_313' title='bbox 919 4441 983 4484; x_wconf 88' lang='lat' dir='ltr'><strong>poca</strong></span> <span class='ocrx_word' id='word_1_314' title='bbox 991 4430 1058 4472; x_wconf 84' lang='lat' dir='ltr'><strong>edad</strong></span> <span class='ocrx_word' id='word_1_315' title='bbox 1066 4430 1091 4472; x_wconf 93' lang='lat' dir='ltr'><strong>lo</strong></span> <span class='ocrx_word' id='word_1_316' title='bbox 1102 4439 1151 4482; x_wconf 89' lang='lat' dir='ltr'><strong>que</strong></span> <span class='ocrx_word' id='word_1_317' title='bbox 1162 4428 1258 4471; x_wconf 82' lang='lat' dir='ltr'><strong>bablan</strong></span> <span class='ocrx_word' id='word_1_318' title='bbox 1268 4427 1351 4472; x_wconf 84' lang='lat' dir='ltr'><strong>hecbo</strong></span> <span class='ocrx_word' id='word_1_319' title='bbox 1361 4430 1400 4472; x_wconf 86' lang='lat' dir='ltr'><strong>los</strong></span> <span class='ocrx_word' id='word_1_320' title='bbox 1410 4430 1486 4472; x_wconf 77' lang='lat' dir='ltr'><strong>cleri·</strong></span> 
     </span>
     <span class='ocr_line' id='line_1_40' title="bbox 255 4498 1488 4563; baseline -0.006 -11"><span class='ocrx_word' id='word_1_321' title='bbox 255 4520 302 4563; x_wconf 74' lang='lat' dir='ltr'><strong>goe</strong></span> <span class='ocrx_word' id='word_1_322' title='bbox 312 4509 413 4553; x_wconf 85' lang='lat' dir='ltr'><strong>cuando</strong></span> <span class='ocrx_word' id='word_1_323' title='bbox 422 4509 535 4552; x_wconf 84' lang='lat' dir='ltr'><strong>salleron</strong></span> <span class='ocrx_word' id='word_1_324' title='bbox 546 4517 577 4549; x_wconf 87' lang='lat' dir='ltr'><strong>en</strong></span> <span class='ocrx_word' id='word_1_325' title='bbox 588 4505 733 4559; x_wconf 80' lang='lat' dir='ltr'><strong>proceelon,</strong></span> <span class='ocrx_word' id='word_1_326' title='bbox 743 4507 757 4547; x_wconf 82' lang='lat' dir='ltr'><strong>e</strong></span> <span class='ocrx_word' id='word_1_327' title='bbox 768 4502 897 4547; x_wconf 77' lang='lat' dir='ltr'><strong>incitados</strong></span> <span class='ocrx_word' id='word_1_328' title='bbox 908 4503 938 4545; x_wconf 86' lang='lat' dir='ltr'><strong>de</strong></span> <span class='ocrx_word' id='word_1_329' title='bbox 951 4509 1023 4545; x_wconf 82' lang='lat' dir='ltr'><strong>otros</strong></span> <span class='ocrx_word' id='word_1_330' title='bbox 1032 4501 1064 4544; x_wconf 90' lang='lat' dir='ltr'><strong>de</strong></span> <span class='ocrx_word' id='word_1_331' title='bbox 1074 4511 1166 4556; x_wconf 81' lang='lat' dir='ltr'><strong>mayor</strong></span> <span class='ocrx_word' id='word_1_332' title='bbox 1180 4500 1246 4543; x_wconf 77' lang='lat' dir='ltr'><strong>edad</strong></span> <span class='ocrx_word' id='word_1_333' title='bbox 1257 4512 1275 4555; x_wconf 86' lang='lat' dir='ltr'>y</span> <span class='ocrx_word' id='word_1_334' title='bbox 1291 4498 1422 4553; x_wconf 68' lang='lat' dir='ltr'><strong>dignldnd,</strong></span> <span class='ocrx_word' id='word_1_335' title='bbox 1431 4501 1488 4554; x_wconf 81' lang='lat' dir='ltr'><strong>jdn-</strong></span> 
     </span>
     <span class='ocr_line' id='line_1_41' title="bbox 256 4571 1490 4634; baseline -0.007 -11"><span class='ocrx_word' id='word_1_336' title='bbox 256 4586 330 4624; x_wconf 75' lang='lat' dir='ltr'><strong>tense</strong></span> <span class='ocrx_word' id='word_1_337' title='bbox 341 4590 371 4625; x_wconf 90' lang='lat' dir='ltr'><strong>en</strong></span> <span class='ocrx_word' id='word_1_338' title='bbox 383 4590 449 4634; x_wconf 74' lang='lat' dir='ltr'><strong>gran</strong></span> <span class='ocrx_word' id='word_1_339' title='bbox 464 4581 577 4631; x_wconf 77' lang='lat' dir='ltr'><strong>numero,</strong></span> <span class='ocrx_word' id='word_1_340' title='bbox 588 4578 736 4631; x_wconf 71' lang='lat' dir='ltr'><strong>desapegnn</strong></span> <span class='ocrx_word' id='word_1_341' title='bbox 752 4577 791 4619; x_wconf 85' lang='lat' dir='ltr'><strong>los</strong></span> <span class='ocrx_word' id='word_1_342' title='bbox 802 4576 940 4619; x_wconf 87' lang='lat' dir='ltr'><strong>ceduloues</strong></span> <span class='ocrx_word' id='word_1_343' title='bbox 956 4573 987 4616; x_wconf 92' lang='lat' dir='ltr'><strong>de</strong></span> <span class='ocrx_word' id='word_1_344' title='bbox 998 4575 1037 4616; x_wconf 72' lang='lat' dir='ltr'><strong>lae</strong></span> <span class='ocrx_word' id='word_1_345' title='bbox 1048 4572 1185 4627; x_wconf 83' lang='lat' dir='ltr'><strong>paredesy</strong></span> <span class='ocrx_word' id='word_1_346' title='bbox 1200 4577 1308 4625; x_wconf 81' lang='lat' dir='ltr'><strong>puertas</strong></span> <span class='ocrx_word' id='word_1_347' title='bbox 1322 4571 1404 4615; x_wconf 89' lang='lat' dir='ltr'><strong>donde</strong></span> <span class='ocrx_word' id='word_1_348' title='bbox 1421 4578 1490 4615; x_wconf 81' lang='lat' dir='ltr'><strong>esta·</strong></span> 
     </span>
     <span class='ocr_line' id='line_1_42' title="bbox 257 4642 1490 4705; baseline -0.009 -8"><span class='ocrx_word' id='word_1_349' title='bbox 257 4652 317 4705; x_wconf 72' lang='lat' dir='ltr'><strong>ben,</strong></span> <span class='ocrx_word' id='word_1_350' title='bbox 328 4652 428 4696; x_wconf 79' lang='lat' dir='ltr'><strong>forman</strong></span> <span class='ocrx_word' id='word_1_351' title='bbox 439 4652 521 4695; x_wconf 85' lang='lat' dir='ltr'><strong>dellos</strong></span> <span class='ocrx_word' id='word_1_352' title='bbox 531 4661 581 4694; x_wconf 81' lang='lat' dir='ltr'><strong>una</strong></span> <span class='ocrx_word' id='word_1_353' title='bbox 592 4648 716 4701; x_wconf 81' lang='lat' dir='ltr'><strong>bandora,</strong></span> <span class='ocrx_word' id='word_1_354' title='bbox 726 4659 744 4703; x_wconf 88' lang='lat' dir='ltr'>y</span> <span class='ocrx_word' id='word_1_355' title='bbox 754 4646 785 4690; x_wconf 88' lang='lat' dir='ltr'><strong>de</strong></span> <span class='ocrx_word' id='word_1_356' title='bbox 797 4648 880 4700; x_wconf 85' lang='lat' dir='ltr'><strong>tropel</strong></span> <span class='ocrx_word' id='word_1_357' title='bbox 891 4658 917 4702; x_wconf 93' lang='lat' dir='ltr'><strong>y,</strong></span> <span class='ocrx_word' id='word_1_358' title='bbox 927 4655 1001 4689; x_wconf 86' lang='lat' dir='ltr'><strong>como</strong></span> <span class='ocrx_word' id='word_1_359' title='bbox 1012 4644 1094 4693; x_wconf 82' lang='lat' dir='ltr'><strong>dicen,</strong></span> <span class='ocrx_word' id='word_1_360' title='bbox 1107 4647 1122 4686; x_wconf 81' lang='lat' dir='ltr'><strong>tl</strong></span> <span class='ocrx_word' id='word_1_361' title='bbox 1133 4642 1232 4696; x_wconf 86' lang='lat' dir='ltr'><strong>pendon</strong></span> <span class='ocrx_word' id='word_1_362' title='bbox 1244 4642 1343 4696; x_wconf 89' lang='lat' dir='ltr'><strong>berldo,</strong></span> <span class='ocrx_word' id='word_1_363' title='bbox 1352 4642 1402 4686; x_wconf 81' lang='lat' dir='ltr'><strong>den</strong></span> <span class='ocrx_word' id='word_1_364' title='bbox 1411 4645 1490 4686; x_wconf 86' lang='lat' dir='ltr'><strong>sobre</strong></span> 
     </span>
     <span class='ocr_line' id='line_1_43' title="bbox 258 4714 1491 4779; baseline -0.009 -12"><span class='ocrx_word' id='word_1_365' title='bbox 258 4732 365 4769; x_wconf 85' lang='lat' dir='ltr'><strong>nuestro</strong></span> <span class='ocrx_word' id='word_1_366' title='bbox 376 4724 475 4779; x_wconf 74' lang='lat' dir='ltr'><strong>coleglo</strong></span> <span class='ocrx_word' id='word_1_367' title='bbox 486 4734 537 4767; x_wconf 83' lang='lat' dir='ltr'><strong>nna</strong></span> <span class='ocrx_word' id='word_1_368' title='bbox 548 4730 593 4767; x_wconf 84' lang='lat' dir='ltr'><strong>tan</strong></span> <span class='ocrx_word' id='word_1_369' title='bbox 604 4720 702 4765; x_wconf 78' lang='lat' dir='ltr'><strong>furiosa</strong></span> <span class='ocrx_word' id='word_1_370' title='bbox 713 4719 819 4763; x_wconf 83' lang='lat' dir='ltr'><strong>roelada</strong></span> <span class='ocrx_word' id='word_1_371' title='bbox 829 4719 861 4762; x_wconf 85' lang='lat' dir='ltr'><strong>de</strong></span> <span class='ocrx_word' id='word_1_372' title='bbox 870 4717 984 4772; x_wconf 82' lang='lat' dir='ltr'><strong>pledrae,</strong></span> <span class='ocrx_word' id='word_1_373' title='bbox 1000 4727 1049 4771; x_wconf 84' lang='lat' dir='ltr'><strong>que</strong></span> <span class='ocrx_word' id='word_1_374' title='bbox 1060 4726 1123 4770; x_wconf 86' lang='lat' dir='ltr'><strong>puso</strong></span> <span class='ocrx_word' id='word_1_375' title='bbox 1134 4714 1242 4758; x_wconf 78' lang='lat' dir='ltr'><strong>culdedo</strong></span> <span class='ocrx_word' id='word_1_376' title='bbox 1254 4718 1270 4757; x_wconf 74' lang='lat' dir='ltr'><strong>a</strong></span> <span class='ocrx_word' id='word_1_377' title='bbox 1286 4716 1324 4757; x_wconf 81' lang='lat' dir='ltr'><strong>loo</strong></span> <span class='ocrx_word' id='word_1_378' title='bbox 1339 4716 1459 4758; x_wconf 77' lang='lat' dir='ltr'><strong>nue&#39;stros</strong></span> <span class='ocrx_word' id='word_1_379' title='bbox 1469 4728 1491 4771; x_wconf 74' lang='lat' dir='ltr'>y</span> 
     </span>
    </p>
   </div>
   <div class='ocr_carea' id='block_1_4' title="bbox 0 0 1866 5400">
    <p class='ocr_par' dir='ltr' id='par_1_11' title="bbox 0 0 1866 5400">
     <span class='ocr_line' id='line_1_44' title="bbox 0 0 1866 5400; baseline 0 0"><span class='ocrx_word' id='word_1_380' title='bbox 0 0 1866 5400; x_wconf 95' lang='lat' dir='ltr'><strong> </strong></span> 
     </span>
    </p>
   </div>
  </div>
 </body>
</html>
