3717 5400
817 491 880 548 An.
903 491 973 549 1555
1460 489 1511 550 1ae

272 651 365 698 nere
380 637 568 714 potuerint.
586 635 768 716 Quaedam
781 619 900 702 autem
910 637 1129 702 nobilissima
1141 646 1303 700 matrona
1314 645 1350 700 et
1364 646 1510 700 nostrae

271 739 449 805 -Societati
463 742 500 804 in
515 743 638 823 primis
653 743 806 822 addicta,
822 743 917 824 apud
933 744 1049 807 virum
1063 761 1166 808 suum
1181 743 1334 820 curavit,
1351 753 1390 806 ut
1401 744 1509 822 impe-

273 857 389 912 traret
404 865 425 910 a
440 850 569 913 summi
583 851 704 930 templi
719 851 881 930 praeside
901 868 945 914 ac
960 848 1190 915 Senatoribus
1210 861 1247 914 ut
1271 849 1412 914 Patrem
1427 849 1509 914 Hie·

278 973 467 1036 rouymum
481 969 673 1020 exorarent
687 966 726 1022 ut
740 959 787 1021 ad
800 958 895 1022 idem
908 957 1114 1022 cathedrale
1131 959 1300 1038 templum
1320 959 1509 1022 conciona-

281 1076 381 1126 turus
400 1064 550 1141 veniret;
577 1064 671 1144 quod
696 1081 777 1128 cum
805 1066 1049 1144 obtinuissent,
1077 1075 1150 1128 tarn
1174 1064 1354 1154 ferventer
1379 1065 1509 1129 ibidem

281 1171 429 1234 verbum
442 1170 510 1234 Dei
525 1173 756 1236 concionatus
770 1184 835 1250 est,
852 1183 889 1236 ut
909 1189 1009 1252 spem
1035 1173 1192 1236 omnium
1211 1173 1452 1251 superaverit;
1474 1182 1508 1235 et

270 1293 362 1341 cum
375 1277 457 1341 inde
470 1279 516 1342 ad
536 1289 698 1343 nostrum
718 1282 897 1360 templum,
923 1278 983 1344 S.²¹
1001 1279 1138 1343 Nicolai
1157 1279 1303 1357 scilicet,
1332 1279 1505 1359 rediisset,

273 1403 376 1448 nova
392 1388 583 1450 multorum
597 1388 779 1452 hominum
792 1387 1002 1468 frequentia,
1030 1388 1089 1468 qui
1113 1404 1295 1468 nunquam
1320 1404 1362 1450 eo
1383 1387 1506 1450 venire

280 1491 374 1554 soliti
385 1500 497 1572 erant,
514 1504 637 1557 secuta
651 1504 715 1558 est.

337 1599 409 1662 526.
452 1599 778 1664 Cumddhorarum
803 1603 929 1678 oratio,
957 1618 1022 1681 pro
1047 1619 1156 1680 more,
1181 1611 1302 1666 nostro
1318 1602 1354 1665 in
1374 1603 1505 1680 templo

268 1703 377 1770 fieret
393 1705 466 1785 ¹,P.
481 1707 734 1788 Hieronymus
761 1726 842 1772 cum
867 1711 965 1773 socio
991 1712 1160 1789 templum
1174 1710 1358 1788 ingressus
1381 1708 1505 1772 intem-

278 1822 379 1892 pesta
394 1813 468 1878 fere
482 1827 603 1893 nocte,
620 1825 701 1879 ante
716 1819 829 1881 altare
843 1816 1012 1896 constitit,
1029 1833 1072 1880 ac
1087 1815 1148 1879 diu
1167 1816 1213 1889 ibi
1232 1815 1334 1879 flexis
1355 1815 1504 1894 genibus

278 1938 398 2001 orans,
415 1941 458 1987 ac
472 1923 599 1987 deinde
614 1923 747 1988 Christi
768 1923 928 1987 crucifixi
952 1924 1124 1987 vexillum
1149 1923 1311 2000 manibus
1326 1923 1501 2000 attollenS,

278 2034 328 2096 ita
343 2031 521 2095 orantium
536 2031 675 2095 animos
694 2031 813 2094 verbis
828 2029 1073 2109 inflammavit,
1095 2039 1134 2092 ut
1149 2047 1194 2092 ex
1210 2029 1277 2092 illis
1297 2029 1406 2110 aliqui
1420 2036 1503 2092 ante

265 2139 347 2203 *diei
361 2147 478 2202 ortum
492 2155 644 2218 corpora
660 2156 725 2202 sua
746 2138 954 2202 verberibus
972 2138 1133 2216 graviter
1157 2155 1201 2199 ac
1224 2137 1285 2199 diu
1300 2136 1501 2215 caederent,

276 2247 397 2310 omnia
411 2255 529 2309 autem
543 2247 713 2327 lacrymis
728 2264 771 2309 ac
782 2246 922 2310 fervore
939 2245 1116 2308 orantium
1132 2245 1235 2324 plena
1251 2252 1380 2306 essent.

334 2353 395 2417 527
398 2404 404 2416 .
448 2352 521 2418 Sub
536 2365 705 2417 autumno
719 2363 903 2430 venerant,
920 2352 1130 2415 concionem
1144 2351 1341 2430 auditurae,
1355 2349 1503 2429 impudi-

275 2476 339 2524 cae
353 2460 530 2540 quaedam
544 2462 710 2524 mulieres
724 2469 769 2538 et,
786 2469 825 2522 ut
846 2458 976 2538 conjici
997 2468 1148 2539 poterat,
1175 2476 1248 2522 non
1262 2459 1356 2521 bono
1371 2458 1500 2533 animo,

275 2583 356 2630 cum
368 2568 528 2631 vestibus
543 2585 630 2631 auro
649 2569 869 2648 gemmisque
887 2567 1062 2631 distinctis
1082 2575 1201 2630 essent
1220 2565 1435 2643 succinctae,
1459 2579 1502 2626 ac

276 2674 459 2756 torquibus
475 2691 605 2755 magna
620 2684 696 2739 arte
711 2673 917 2738 fabrefactis
932 2682 1089 2738 ornatae.
1111 2671 1180 2738 Sed
1195 2673 1321 2737 harum
1336 2687 1502 2753 egressus

273 2782 383 2862 longe
397 2783 442 2845 ab
456 2782 621 2861 ingressu
636 2782 799 2846 diversus
816 2781 892 2861 fuit,
908 2798 993 2844 narn
1007 2790 1148 2863 praeter
1162 2781 1289 2843 uberes
1308 2782 1499 2859 lacrymas

273 2889 412 2951 vultum
436 2888 647 2968 operientes
671 2888 826 2967 gemitus
849 2906 893 2951 ac
914 2888 1066 2968 suspiria
1083 2897 1117 2950 et
1131 2887 1287 2967 pectoris
1306 2886 1500 2963 tunsiones

275 3010 397 3059 eomas
414 2996 604 3073 vellebant,
626 3010 715 3075 quas
730 3002 835 3058 antea
852 3004 927 3057 tam
942 2994 1130 3074 diligenter
1155 3002 1440 3074 composuerant,
1467 3003 1502 3055 et

278 3112 423 3182 torques
451 3103 518 3165 sibi
546 3100 795 3187 detraxerunt,
830 3118 874 3166 ac
902 3102 1044 3165 demum
1073 3100 1234 3181 publicae
1262 3099 1500 3180 poenitentiae

274 3210 438 3289 exemplo
454 3209 543 3272 alios
558 3208 604 3272 ad
619 3207 778 3271 eamdem
792 3218 874 3271 sunt
887 3209 1111 3286 adhortatae,
1127 3217 1163 3271 et
1177 3207 1319 3287 quidem
1333 3207 1401 3270 hoc
1417 3215 1499 3268 ante

273 3316 471 3379 absolutam
488 3314 707 3379 concionem.

334 3420 405 3486 528.
449 3421 631 3501 Pro-regis
645 3421 716 3486 tilia
731 3429 742 3463 ¹
756 3439 836 3485 cum
852 3423 931 3485 aliis
952 3421 1113 3502 plurimis
1134 3422 1306 3487 matronis
1331 3423 1500 3501 templum

277 3538 439 3593 nostrum
453 3539 528 3593 tam
548 3530 750 3608 frequenter
771 3547 814 3592 ac
835 3530 984 3593 sollicite
1010 3531 1220 3593 concionum
1244 3529 1501 3593 audiendarum

269 3636 394 3715 gratia
419 3637 550 3715 adibat,
577 3646 615 3699 ut
629 3653 827 3717 perpaucas
846 3648 881 3700 et
901 3654 963 3701 eas
984 3638 1127 3700 minime
1145 3638 1295 3699 libenter
1309 3638 1498 3700 omitteret.

275 3742 408 3807 Eadem
431 3744 510 3822 ipsa
536 3743 769 3806 confessionis
793 3756 827 3806 et
851 3744 1109 3807 communionis
1127 3744 1245 3823 gratia
1267 3744 1313 3806 ad
1332 3744 1500 3823 templum

276 3851 402 3913 crebro
416 3850 620 3929 accedebat,
637 3852 730 3930 quod
746 3852 845 3931 prius
858 3851 953 3914 domi
976 3868 1061 3914 suae
1082 3852 1118 3914 in
1139 3851 1280 3931 privato
1301 3851 1431 3913 sacello
1449 3849 1499 3913 fa-

274 3974 356 4019 cere
369 3957 474 4020 solita
489 3966 577 4019 erat.

265 4084 271 4093 ·
335 4062 406 4126 529.
450 4062 528 4126 Hac
551 4072 703 4139 aestate,
730 4064 824 4127 idem
849 4064 887 4127 P.
913 4064 1151 4145 Hieronymus
1181 4064 1316 4128 Otellus
1344 4064 1380 4127 in
1410 4062 1498 4126 aede

276 4170 314 4232 B.
330 4168 493 4249 Virginis
507 4171 674 4250 epistolas
689 4170 728 4234 B.
745 4170 846 4233 Pauli
861 4171 1046 4235 dominicis
1061 4190 1104 4235 ac
1123 4172 1222 4235 festis
1243 4172 1365 4235 diebus
1390 4170 1498 4251 expli-

270 4276 381 4339 cavit.
398 4276 479 4340 Una
494 4287 613 4341 autem
627 4277 678 4340 sic
692 4279 867 4357 exposita,
880 4294 1074 4358 aggressus
1085 4289 1139 4343 est
1152 4277 1316 4358 decalogi
1327 4279 1497 4359 interpre-

263 4383 451 4462 tationem,
468 4400 548 4447 cum
562 4383 738 4464 frequenti
754 4384 946 4449 admodum
960 4386 1160 4449 auditorum
1175 4403 1334 4465 numero,
1351 4404 1435 4450 narn
1450 4387 1496 4450 ad

1116 4603 1127 4634 r

311 4664 318 4693 ¹
348 4662 415 4706 Vide
425 4674 512 4717 supra,
523 4669 542 4706 t.
555 4674 589 4715 ru,
601 4674 660 4717 pag.
671 4662 718 4711 198.
727 4676 751 4707 n.
762 4664 810 4717 «120,
821 4672 908 4708 annot.
920 4668 939 4717 l,
950 4671 976 4708 et
987 4665 1054 4709 infra
1065 4666 1090 4709 iu
1101 4667 1148 4710 hoc
1160 4674 1178 4710 t.
1191 4680 1216 4717 v,
1227 4680 1251 4710 n.
1261 4668 1308 4710 547.

309 4736 321 4766 i
350 4732 483 4778 Elisabeth
495 4736 525 4778 de
536 4734 620 4789 vega,
631 4735 745 4779 Bibonae
756 4736 874 4789 Ducissa,
885 4736 992 4788 Joannis
1002 4739 1033 4781 de
1046 4738 1126 4791 Vaga.
1138 4738 1242 4785 Slclllae
1256 4740 1383 4793 Proregls,
1393 4739 1453 4784 filla.
1479 4749 1484 4775 1
