<?xml version="1.0" encoding="UTF-8"?>
<!DOCTYPE html PUBLIC "-//W3C//DTD XHTML 1.0 Transitional//EN"
    "http://www.w3.org/TR/xhtml1/DTD/xhtml1-transitional.dtd">
<html xmlns="http://www.w3.org/1999/xhtml" xml:lang="en" lang="en">
 <head>
  <title>
</title>
<meta http-equiv="Content-Type" content="text/html;charset=utf-8" />
  <meta name='ocr-system' content='tesseract 3.04.00' />
  <meta name='ocr-capabilities' content='ocr_page ocr_carea ocr_par ocr_line ocrx_word'/>
</head>
<body>
  <div class='ocr_page' id='page_1' title='image "./vitaignatiiloio01polagoog_0098.png"; bbox 0 0 3717 5400; ppageno 0'>
   <div class='ocr_carea' id='block_1_1' title="bbox 367 473 1142 556">
    <p class='ocr_par' dir='ltr' id='par_1_1' title="bbox 367 473 1142 556">
     <span class='ocr_line' id='line_1_1' title="bbox 367 473 1142 556; baseline 0.004 -16"><span class='ocrx_word' id='word_1_1' title='bbox 367 473 404 533; x_wconf 84' lang='grc'>92</span> <span class='ocrx_word' id='word_1_2' title='bbox 826 479 956 541; x_wconf 80' lang='lat' dir='ltr'>Cuaou.</span> <span class='ocrx_word' id='word_1_3' title='bbox 976 480 1052 540; x_wconf 92' lang='lat' dir='ltr'>Soc.</span> <span class='ocrx_word' id='word_1_4' title='bbox 1072 481 1142 556; x_wconf 78' lang='lat' dir='ltr'>Jus.</span> 
     </span>
    </p>
   </div>
   <div class='ocr_carea' id='block_1_2' title="bbox 287 623 1596 4557">
    <p class='ocr_par' dir='ltr' id='par_1_2' title="bbox 362 623 1596 1333">
     <span class='ocr_line' id='line_1_2' title="bbox 363 623 1596 713; baseline 0.009 -27"><span class='ocrx_word' id='word_1_5' title='bbox 363 623 622 689; x_wconf 84' lang='lat' dir='ltr'><strong>habitationum</strong></span> <span class='ocrx_word' id='word_1_6' title='bbox 634 643 831 690; x_wconf 90' lang='lat' dir='ltr'>numerum.</span> <span class='ocrx_word' id='word_1_7' title='bbox 845 626 1067 692; x_wconf 88' lang='lat' dir='ltr'>Censebatur</span> <span class='ocrx_word' id='word_1_8' title='bbox 1078 638 1197 693; x_wconf 86' lang='lat' dir='ltr'>autem</span> <span class='ocrx_word' id='word_1_9' title='bbox 1209 647 1252 693; x_wconf 87' lang='lat' dir='ltr'>ea</span> <span class='ocrx_word' id='word_1_10' title='bbox 1266 647 1352 710; x_wconf 90' lang='lat' dir='ltr'>pars</span> <span class='ocrx_word' id='word_1_11' title='bbox 1366 631 1459 696; x_wconf 93' lang='lat' dir='ltr'>illius</span> <span class='ocrx_word' id='word_1_12' title='bbox 1472 635 1596 713; x_wconf 89' lang='lat' dir='ltr'>palatii</span> 
     </span>
     <span class='ocr_line' id='line_1_3' title="bbox 363 732 1591 819; baseline 0.008 -25"><span class='ocrx_word' id='word_1_13' title='bbox 363 749 433 812; x_wconf 93' lang='lat' dir='ltr'>quo</span> <span class='ocrx_word' id='word_1_14' title='bbox 448 732 574 796; x_wconf 88' lang='lat' dir='ltr'>editior</span> <span class='ocrx_word' id='word_1_15' title='bbox 590 751 632 796; x_wconf 93' lang='lat' dir='ltr'>eo</span> <span class='ocrx_word' id='word_1_16' title='bbox 647 733 826 797; x_wconf 84' lang='lat' dir='ltr'>salubrior</span> <span class='ocrx_word' id='word_1_17' title='bbox 840 743 875 797; x_wconf 92' lang='lat' dir='ltr'>et</span> <span class='ocrx_word' id='word_1_18' title='bbox 890 734 985 798; x_wconf 80' lang='lat' dir='ltr'>aeris</span> <span class='ocrx_word' id='word_1_19' title='bbox 998 736 1116 799; x_wconf 90' lang='lat' dir='ltr'>minus</span> <span class='ocrx_word' id='word_1_20' title='bbox 1130 737 1270 818; x_wconf 89' lang='lat' dir='ltr'>impuri,</span> <span class='ocrx_word' id='word_1_21' title='bbox 1286 746 1322 800; x_wconf 92' lang='lat' dir='ltr'>et</span> <span class='ocrx_word' id='word_1_22' title='bbox 1335 738 1418 818; x_wconf 90' lang='lat' dir='ltr'>quia</span> <span class='ocrx_word' id='word_1_23' title='bbox 1431 757 1544 819; x_wconf 87' lang='lat' dir='ltr'>aquae</span> <span class='ocrx_word' id='word_1_24' title='bbox 1557 753 1591 804; x_wconf 90' lang='lat' dir='ltr'>et</span> 
     </span>
     <span class='ocr_line' id='line_1_4' title="bbox 362 838 1595 927; baseline 0.008 -27"><span class='ocrx_word' id='word_1_25' title='bbox 362 838 542 918; x_wconf 85' lang='lat' dir='ltr'>lignorum</span> <span class='ocrx_word' id='word_1_26' title='bbox 561 841 796 904; x_wconf 86' lang='lat' dir='ltr'>commoditas</span> <span class='ocrx_word' id='word_1_27' title='bbox 815 841 934 905; x_wconf 91' lang='lat' dir='ltr'>minor</span> <span class='ocrx_word' id='word_1_28' title='bbox 954 841 1021 905; x_wconf 88' lang='lat' dir='ltr'>hac</span> <span class='ocrx_word' id='word_1_29' title='bbox 1041 843 1180 906; x_wconf 92' lang='lat' dir='ltr'>ratione</span> <span class='ocrx_word' id='word_1_30' title='bbox 1203 842 1321 907; x_wconf 85' lang='lat' dir='ltr'>lutura</span> <span class='ocrx_word' id='word_1_31' title='bbox 1342 854 1429 922; x_wconf 87' lang='lat' dir='ltr'>erat,</span> <span class='ocrx_word' id='word_1_32' title='bbox 1452 863 1595 927; x_wconf 89' lang='lat' dir='ltr'>prospe·</span> 
     </span>
     <span class='ocr_line' id='line_1_5' title="bbox 364 947 1591 1034; baseline 0.007 -25"><span class='ocrx_word' id='word_1_33' title='bbox 364 955 460 1010; x_wconf 91' lang='lat' dir='ltr'>ctum</span> <span class='ocrx_word' id='word_1_34' title='bbox 475 957 528 1010; x_wconf 90' lang='lat' dir='ltr'>est</span> <span class='ocrx_word' id='word_1_35' title='bbox 543 947 624 1011; x_wconf 91' lang='lat' dir='ltr'>huic</span> <span class='ocrx_word' id='word_1_36' title='bbox 639 949 747 1012; x_wconf 89' lang='lat' dir='ltr'>etiam</span> <span class='ocrx_word' id='word_1_37' title='bbox 761 949 1000 1028; x_wconf 88' lang='lat' dir='ltr'>incommodo,</span> <span class='ocrx_word' id='word_1_38' title='bbox 1017 967 1098 1014; x_wconf 91' lang='lat' dir='ltr'>cum</span> <span class='ocrx_word' id='word_1_39' title='bbox 1114 951 1211 1013; x_wconf 90' lang='lat' dir='ltr'>scala</span> <span class='ocrx_word' id='word_1_40' title='bbox 1227 949 1402 1031; x_wconf 87' lang='lat' dir='ltr'><strong>quaedam</strong></span> <span class='ocrx_word' id='word_1_41' title='bbox 1413 953 1460 1016; x_wconf 88' lang='lat' dir='ltr'>ad</span> <span class='ocrx_word' id='word_1_42' title='bbox 1471 970 1591 1034; x_wconf 91' lang='lat' dir='ltr'>supre-</span> 
     </span>
     <span class='ocr_line' id='line_1_6' title="bbox 362 1055 1593 1139; baseline 0.006 -22"><span class='ocrx_word' id='word_1_43' title='bbox 362 1072 440 1118; x_wconf 89' lang='lat' dir='ltr'>mas</span> <span class='ocrx_word' id='word_1_44' title='bbox 454 1072 567 1134; x_wconf 89' lang='lat' dir='ltr'>usque</span> <span class='ocrx_word' id='word_1_45' title='bbox 582 1055 820 1120; x_wconf 85' lang='lat' dir='ltr'>habitationes</span> <span class='ocrx_word' id='word_1_46' title='bbox 835 1057 969 1119; x_wconf 88' lang='lat' dir='ltr'>sensim</span> <span class='ocrx_word' id='word_1_47' title='bbox 984 1057 1203 1132; x_wconf 84' lang='lat' dir='ltr'>ascenderet,</span> <span class='ocrx_word' id='word_1_48' title='bbox 1220 1075 1327 1138; x_wconf 91' lang='lat' dir='ltr'>quam</span> <span class='ocrx_word' id='word_1_49' title='bbox 1338 1056 1496 1139; x_wconf 88' lang='lat' dir='ltr'>jumenta</span> <span class='ocrx_word' id='word_1_50' title='bbox 1512 1078 1593 1124; x_wconf 91' lang='lat' dir='ltr'>one·</span> 
     </span>
     <span class='ocr_line' id='line_1_7' title="bbox 362 1162 1594 1245; baseline 0.005 -21"><span class='ocrx_word' id='word_1_51' title='bbox 362 1171 441 1225; x_wconf 85' lang='lat' dir='ltr'>rata</span> <span class='ocrx_word' id='word_1_52' title='bbox 457 1162 697 1226; x_wconf 86' lang='lat' dir='ltr'>conscendere</span> <span class='ocrx_word' id='word_1_53' title='bbox 711 1172 877 1242; x_wconf 91' lang='lat' dir='ltr'>poterant</span> <span class='ocrx_word' id='word_1_54' title='bbox 896 1172 931 1226; x_wconf 93' lang='lat' dir='ltr'>et</span> <span class='ocrx_word' id='word_1_55' title='bbox 951 1179 1010 1226; x_wconf 91' lang='lat' dir='ltr'>res</span> <span class='ocrx_word' id='word_1_56' title='bbox 1030 1164 1252 1227; x_wconf 87' lang='lat' dir='ltr'>necessarias</span> <span class='ocrx_word' id='word_1_57' title='bbox 1267 1181 1378 1245; x_wconf 90' lang='lat' dir='ltr'>usque</span> <span class='ocrx_word' id='word_1_58' title='bbox 1393 1167 1439 1229; x_wconf 89' lang='lat' dir='ltr'>ad</span> <span class='ocrx_word' id='word_1_59' title='bbox 1458 1167 1594 1230; x_wconf 85' lang='lat' dir='ltr'>habita·</span> 
     </span>
     <span class='ocr_line' id='line_1_8' title="bbox 362 1267 814 1333; baseline 0.002 -1"><span class='ocrx_word' id='word_1_60' title='bbox 362 1267 476 1332; x_wconf 91' lang='lat' dir='ltr'>tiones</span> <span class='ocrx_word' id='word_1_61' title='bbox 490 1279 693 1333; x_wconf 90' lang='lat' dir='ltr'>nostrorum</span> <span class='ocrx_word' id='word_1_62' title='bbox 708 1269 814 1333; x_wconf 83' lang='lat' dir='ltr'>serre.</span> 
     </span>
    </p>

    <p class='ocr_par' dir='ltr' id='par_1_3' title="bbox 359 1375 1593 1671">
     <span class='ocr_line' id='line_1_9' title="bbox 419 1375 1593 1444; baseline 0.003 -5"><span class='ocrx_word' id='word_1_63' title='bbox 419 1377 490 1440; x_wconf 82' lang='lat'>235.</span> <span class='ocrx_word' id='word_1_64' title='bbox 534 1375 731 1441; x_wconf 85' lang='lat' dir='ltr'>Videbatur</span> <span class='ocrx_word' id='word_1_65' title='bbox 751 1389 870 1442; x_wconf 90' lang='lat' dir='ltr'>autem</span> <span class='ocrx_word' id='word_1_66' title='bbox 890 1379 927 1442; x_wconf 91' lang='lat' dir='ltr'>in</span> <span class='ocrx_word' id='word_1_67' title='bbox 953 1379 1071 1441; x_wconf 90' lang='lat' dir='ltr'>animo</span> <span class='ocrx_word' id='word_1_68' title='bbox 1092 1379 1223 1441; x_wconf 89' lang='lat' dir='ltr'>habere</span> <span class='ocrx_word' id='word_1_69' title='bbox 1246 1377 1472 1443; x_wconf 86' lang='lat' dir='ltr'>Gubernator</span> <span class='ocrx_word' id='word_1_70' title='bbox 1498 1397 1593 1444; x_wconf 88' lang='lat' dir='ltr'>anno</span> 
     </span>
     <span class='ocr_line' id='line_1_10' title="bbox 359 1483 1593 1567; baseline 0.002 -20"><span class='ocrx_word' id='word_1_71' title='bbox 359 1483 520 1564; x_wconf 88' lang='lat' dir='ltr'>sequenti</span> <span class='ocrx_word' id='word_1_72' title='bbox 544 1501 677 1548; x_wconf 89' lang='lat' dir='ltr'>novum</span> <span class='ocrx_word' id='word_1_73' title='bbox 701 1484 899 1565; x_wconf 83' lang='lat' dir='ltr'>Collegium</span> <span class='ocrx_word' id='word_1_74' title='bbox 923 1485 1080 1564; x_wconf 82' lang='lat' dir='ltr'>erigere;</span> <span class='ocrx_word' id='word_1_75' title='bbox 1104 1486 1167 1549; x_wconf 91' lang='lat' dir='ltr'>sed</span> <span class='ocrx_word' id='word_1_76' title='bbox 1191 1486 1322 1565; x_wconf 89' lang='lat' dir='ltr'>partim</span> <span class='ocrx_word' id='word_1_77' title='bbox 1351 1487 1444 1567; x_wconf 93' lang='lat' dir='ltr'>quod</span> <span class='ocrx_word' id='word_1_78' title='bbox 1472 1487 1593 1550; x_wconf 90' lang='lat' dir='ltr'>multis</span> 
     </span>
     <span class='ocr_line' id='line_1_11' title="bbox 359 1591 1593 1671; baseline 0.005 -18"><span class='ocrx_word' id='word_1_79' title='bbox 359 1591 462 1654; x_wconf 90' lang='lat' dir='ltr'>annis</span> <span class='ocrx_word' id='word_1_80' title='bbox 477 1608 548 1654; x_wconf 92' lang='lat' dir='ltr'>non</span> <span class='ocrx_word' id='word_1_81' title='bbox 563 1591 688 1654; x_wconf 84' lang='lat' dir='ltr'>suisset</span> <span class='ocrx_word' id='word_1_82' title='bbox 707 1591 918 1666; x_wconf 88' lang='lat' dir='ltr'>absolutum,</span> <span class='ocrx_word' id='word_1_83' title='bbox 941 1593 1071 1671; x_wconf 91' lang='lat' dir='ltr'>partim</span> <span class='ocrx_word' id='word_1_84' title='bbox 1088 1592 1176 1655; x_wconf 87' lang='lat' dir='ltr'>alias</span> <span class='ocrx_word' id='word_1_85' title='bbox 1197 1592 1242 1655; x_wconf 97' lang='lat' dir='ltr'>ob</span> <span class='ocrx_word' id='word_1_86' title='bbox 1261 1609 1400 1666; x_wconf 84' lang='lat' dir='ltr'>causas,</span> <span class='ocrx_word' id='word_1_87' title='bbox 1418 1596 1531 1658; x_wconf 92' lang='lat' dir='ltr'>nostri</span> <span class='ocrx_word' id='word_1_88' title='bbox 1546 1595 1593 1659; x_wconf 85' lang='lat' dir='ltr'>ad</span> 
     </span>
    </p>

    <p class='ocr_par' dir='ltr' id='par_1_4' title="bbox 358 1695 1479 1780">
     <span class='ocr_line' id='line_1_12' title="bbox 358 1695 1479 1780; baseline 0.004 -21"><span class='ocrx_word' id='word_1_89' title='bbox 358 1697 427 1760; x_wconf 95' lang='lat' dir='ltr'>hoc</span> <span class='ocrx_word' id='word_1_90' title='bbox 442 1715 554 1780; x_wconf 90' lang='lat' dir='ltr'>usque</span> <span class='ocrx_word' id='word_1_91' title='bbox 569 1708 718 1779; x_wconf 70' lang='lat' dir='ltr'>tempus</span> <span class='ocrx_word' id='word_1_92' title='bbox 736 1700 772 1762; x_wconf 93' lang='lat' dir='ltr'>in</span> <span class='ocrx_word' id='word_1_93' title='bbox 784 1695 967 1778; x_wconf 88' lang='lat' dir='ltr'>jamdicta</span> <span class='ocrx_word' id='word_1_94' title='bbox 983 1709 1084 1778; x_wconf 85' lang='lat' dir='ltr'>parte</span> <span class='ocrx_word' id='word_1_95' title='bbox 1100 1699 1223 1778; x_wconf 88' lang='lat' dir='ltr'>palatii</span> <span class='ocrx_word' id='word_1_96' title='bbox 1238 1711 1479 1779; x_wconf 85' lang='lat' dir='ltr'>perseverant.</span> 
     </span>
    </p>

    <p class='ocr_par' dir='ltr' id='par_1_5' title="bbox 287 1798 1590 2403">
     <span class='ocr_line' id='line_1_13' title="bbox 287 1798 1590 1886; baseline 0.002 -18"><span class='ocrx_word' id='word_1_97' title='bbox 287 1798 292 1807; x_wconf 84' lang='lat'>&#39;</span> <span class='ocrx_word' id='word_1_98' title='bbox 417 1803 488 1868; x_wconf 78' lang='lat'>236.</span> <span class='ocrx_word' id='word_1_99' title='bbox 532 1804 587 1868; x_wconf 91' lang='lat' dir='ltr'>De</span> <span class='ocrx_word' id='word_1_100' title='bbox 601 1805 876 1886; x_wconf 86' lang='lat' dir='ltr'>supellectilibus</span> <span class='ocrx_word' id='word_1_101' title='bbox 891 1816 1022 1883; x_wconf 91' lang='lat' dir='ltr'>autem,</span> <span class='ocrx_word' id='word_1_102' title='bbox 1040 1806 1208 1884; x_wconf 87' lang='lat' dir='ltr'>paulatim</span> <span class='ocrx_word' id='word_1_103' title='bbox 1225 1807 1378 1886; x_wconf 91' lang='lat' dir='ltr'>quidem,</span> <span class='ocrx_word' id='word_1_104' title='bbox 1394 1806 1456 1871; x_wconf 93' lang='lat' dir='ltr'>sed</span> <span class='ocrx_word' id='word_1_105' title='bbox 1472 1817 1590 1872; x_wconf 90' lang='lat' dir='ltr'>tamen</span> 
     </span>
     <span class='ocr_line' id='line_1_14' title="bbox 357 1913 1589 1993; baseline 0.001 -16"><span class='ocrx_word' id='word_1_106' title='bbox 357 1913 523 1993; x_wconf 89' lang='lat' dir='ltr'>providit,</span> <span class='ocrx_word' id='word_1_107' title='bbox 539 1922 576 1976; x_wconf 92' lang='lat' dir='ltr'>ut</span> <span class='ocrx_word' id='word_1_108' title='bbox 602 1913 710 1977; x_wconf 91' lang='lat' dir='ltr'>etiam</span> <span class='ocrx_word' id='word_1_109' title='bbox 734 1913 902 1992; x_wconf 89' lang='lat' dir='ltr'>hospites,</span> <span class='ocrx_word' id='word_1_110' title='bbox 930 1913 991 1992; x_wconf 91' lang='lat' dir='ltr'>qui</span> <span class='ocrx_word' id='word_1_111' title='bbox 1016 1913 1223 1993; x_wconf 88' lang='lat' dir='ltr'>saepissime</span> <span class='ocrx_word' id='word_1_112' title='bbox 1248 1931 1291 1976; x_wconf 90' lang='lat' dir='ltr'>eo</span> <span class='ocrx_word' id='word_1_113' title='bbox 1313 1913 1589 1978; x_wconf 89' lang='lat' dir='ltr'>conveniuntde</span> 
     </span>
     <span class='ocr_line' id='line_1_15' title="bbox 357 2018 1586 2102; baseline 0.002 -21"><span class='ocrx_word' id='word_1_114' title='bbox 357 2019 435 2101; x_wconf 89' lang='lat' dir='ltr'>ipsa</span> <span class='ocrx_word' id='word_1_115' title='bbox 449 2019 627 2083; x_wconf 89' lang='lat' dir='ltr'>Societate</span> <span class='ocrx_word' id='word_1_116' title='bbox 641 2018 843 2083; x_wconf 85' lang='lat' dir='ltr'>devotionis</span> <span class='ocrx_word' id='word_1_117' title='bbox 857 2036 957 2099; x_wconf 86' lang='lat' dir='ltr'>ergo,</span> <span class='ocrx_word' id='word_1_118' title='bbox 975 2020 1140 2099; x_wconf 83' lang='lat' dir='ltr'>excipere</span> <span class='ocrx_word' id='word_1_119' title='bbox 1155 2030 1287 2100; x_wconf 91' lang='lat' dir='ltr'>posset.</span> <span class='ocrx_word' id='word_1_120' title='bbox 1300 2020 1343 2084; x_wconf 94' lang='lat' dir='ltr'>Et</span> <span class='ocrx_word' id='word_1_121' title='bbox 1355 2021 1431 2101; x_wconf 89' lang='lat' dir='ltr'>ipse</span> <span class='ocrx_word' id='word_1_122' title='bbox 1446 2021 1586 2102; x_wconf 89' lang='lat' dir='ltr'>quidem</span> 
     </span>
     <span class='ocr_line' id='line_1_16' title="bbox 357 2125 1588 2208; baseline 0.002 -18"><span class='ocrx_word' id='word_1_123' title='bbox 357 2125 583 2190; x_wconf 84' lang='lat' dir='ltr'>Gubernator</span> <span class='ocrx_word' id='word_1_124' title='bbox 597 2125 727 2190; x_wconf 80' lang='lat' dir='ltr'>eximio</span> <span class='ocrx_word' id='word_1_125' title='bbox 743 2126 871 2190; x_wconf 82' lang='lat' dir='ltr'>affectu</span> <span class='ocrx_word' id='word_1_126' title='bbox 891 2135 1033 2190; x_wconf 91' lang='lat' dir='ltr'>nostros</span> <span class='ocrx_word' id='word_1_127' title='bbox 1048 2128 1340 2208; x_wconf 86' lang='lat' dir='ltr'>prosequebatur,</span> <span class='ocrx_word' id='word_1_128' title='bbox 1361 2129 1424 2192; x_wconf 93' lang='lat' dir='ltr'>sed</span> <span class='ocrx_word' id='word_1_129' title='bbox 1444 2129 1521 2192; x_wconf 90' lang='lat' dir='ltr'>aliis</span> <span class='ocrx_word' id='word_1_130' title='bbox 1536 2146 1588 2192; x_wconf 90' lang='lat' dir='ltr'>rc·</span> 
     </span>
     <span class='ocr_line' id='line_1_17' title="bbox 355 2233 1587 2315; baseline 0.003 -19"><span class='ocrx_word' id='word_1_131' title='bbox 355 2234 422 2296; x_wconf 91' lang='lat' dir='ltr'>bus</span> <span class='ocrx_word' id='word_1_132' title='bbox 436 2233 635 2313; x_wconf 92' lang='lat' dir='ltr'>impeditus,</span> <span class='ocrx_word' id='word_1_133' title='bbox 656 2233 833 2296; x_wconf 91' lang='lat' dir='ltr'>interdum</span> <span class='ocrx_word' id='word_1_134' title='bbox 852 2234 1060 2313; x_wconf 88' lang='lat' dir='ltr'>patientiam</span> <span class='ocrx_word' id='word_1_135' title='bbox 1085 2251 1254 2297; x_wconf 86' lang='lat' dir='ltr'>exercere</span> <span class='ocrx_word' id='word_1_136' title='bbox 1278 2244 1422 2298; x_wconf 91' lang='lat' dir='ltr'>nostros</span> <span class='ocrx_word' id='word_1_137' title='bbox 1445 2236 1587 2315; x_wconf 89' lang='lat' dir='ltr'>permit·</span> 
     </span>
     <span class='ocr_line' id='line_1_18' title="bbox 356 2340 465 2403; baseline -0.018 -1"><span class='ocrx_word' id='word_1_138' title='bbox 356 2340 465 2403; x_wconf 88' lang='lat' dir='ltr'>tebat.</span> 
     </span>
    </p>

    <p class='ocr_par' dir='ltr' id='par_1_6' title="bbox 353 2447 1588 2940">
     <span class='ocr_line' id='line_1_19' title="bbox 413 2447 1588 2529; baseline 0.003 -19"><span class='ocrx_word' id='word_1_139' title='bbox 413 2447 485 2511; x_wconf 83' lang='lat'>237.</span> <span class='ocrx_word' id='word_1_140' title='bbox 529 2447 623 2512; x_wconf 90' lang='lat' dir='ltr'>Inter</span> <span class='ocrx_word' id='word_1_141' title='bbox 632 2449 853 2528; x_wconf 85' lang='lat' dir='ltr'>peregrinos,</span> <span class='ocrx_word' id='word_1_142' title='bbox 866 2449 926 2529; x_wconf 92' lang='lat' dir='ltr'>qui</span> <span class='ocrx_word' id='word_1_143' title='bbox 937 2466 999 2528; x_wconf 92' lang='lat' dir='ltr'>per</span> <span class='ocrx_word' id='word_1_144' title='bbox 1012 2447 1208 2528; x_wconf 85' lang='lat' dir='ltr'>Collegium</span> <span class='ocrx_word' id='word_1_145' title='bbox 1220 2447 1461 2512; x_wconf 87' lang='lat' dir='ltr'>Lauretnnum</span> <span class='ocrx_word' id='word_1_146' title='bbox 1475 2459 1588 2513; x_wconf 88' lang='lat' dir='ltr'>trans-</span> 
     </span>
     <span class='ocr_line' id='line_1_20' title="bbox 354 2554 1584 2636; baseline 0.004 -20"><span class='ocrx_word' id='word_1_147' title='bbox 354 2554 463 2632; x_wconf 87' lang='lat' dir='ltr'>ibant,</span> <span class='ocrx_word' id='word_1_148' title='bbox 484 2554 550 2618; x_wconf 83' lang='lat' dir='ltr'>luit</span> <span class='ocrx_word' id='word_1_149' title='bbox 569 2555 607 2618; x_wconf 92' lang='grc' dir='ltr'>Ρ.</span> <span class='ocrx_word' id='word_1_150' title='bbox 634 2554 874 2636; x_wconf 89' lang='lat' dir='ltr'>Hieronymus</span> <span class='ocrx_word' id='word_1_151' title='bbox 899 2555 1056 2634; x_wconf 89' lang='lat' dir='ltr'>Bassius‚</span> <span class='ocrx_word' id='word_1_152' title='bbox 1084 2556 1143 2636; x_wconf 93' lang='lat' dir='ltr'>qui</span> <span class='ocrx_word' id='word_1_153' title='bbox 1158 2573 1279 2618; x_wconf 91' lang='lat' dir='ltr'>mense</span> <span class='ocrx_word' id='word_1_154' title='bbox 1304 2555 1433 2620; x_wconf 85' lang='lat' dir='ltr'>Martio</span> <span class='ocrx_word' id='word_1_155' title='bbox 1454 2556 1584 2621; x_wconf 90' lang='lat' dir='ltr'>Laure-</span> 
     </span>
     <span class='ocr_line' id='line_1_21' title="bbox 354 2661 1587 2743; baseline 0.002 -18"><span class='ocrx_word' id='word_1_156' title='bbox 354 2671 428 2725; x_wconf 90' lang='lat' dir='ltr'>tum</span> <span class='ocrx_word' id='word_1_157' title='bbox 443 2680 488 2726; x_wconf 86' lang='lat' dir='ltr'>ex</span> <span class='ocrx_word' id='word_1_158' title='bbox 503 2661 620 2727; x_wconf 88' lang='lat' dir='ltr'>Gallia</span> <span class='ocrx_word' id='word_1_159' title='bbox 635 2661 797 2742; x_wconf 91' lang='lat' dir='ltr'>pervenit</span> <span class='ocrx_word' id='word_1_160' title='bbox 811 2679 891 2726; x_wconf 93' lang='lat' dir='ltr'>cum</span> <span class='ocrx_word' id='word_1_161' title='bbox 907 2662 1016 2739; x_wconf 89' lang='lat' dir='ltr'>socio,</span> <span class='ocrx_word' id='word_1_162' title='bbox 1038 2669 1073 2725; x_wconf 92' lang='lat' dir='ltr'>et</span> <span class='ocrx_word' id='word_1_163' title='bbox 1087 2661 1168 2725; x_wconf 92' lang='lat' dir='ltr'>inde</span> <span class='ocrx_word' id='word_1_164' title='bbox 1186 2661 1336 2726; x_wconf 87' lang='lat' dir='ltr'>Romam</span> <span class='ocrx_word' id='word_1_165' title='bbox 1356 2679 1587 2743; x_wconf 85' lang='lat' dir='ltr'>progressus,</span> 
     </span>
     <span class='ocr_line' id='line_1_22' title="bbox 353 2770 1584 2851; baseline 0 -18"><span class='ocrx_word' id='word_1_166' title='bbox 353 2779 388 2833; x_wconf 91' lang='lat' dir='ltr'>et</span> <span class='ocrx_word' id='word_1_167' title='bbox 403 2771 537 2851; x_wconf 89' lang='lat' dir='ltr'>aliquot</span> <span class='ocrx_word' id='word_1_168' title='bbox 548 2787 688 2833; x_wconf 91' lang='lat' dir='ltr'>menses</span> <span class='ocrx_word' id='word_1_169' title='bbox 702 2770 749 2832; x_wconf 93' lang='lat' dir='ltr'>ibi</span> <span class='ocrx_word' id='word_1_170' title='bbox 765 2779 942 2847; x_wconf 89' lang='lat' dir='ltr'>versatus,</span> <span class='ocrx_word' id='word_1_171' title='bbox 960 2779 997 2833; x_wconf 90' lang='lat' dir='ltr'>ul</span> <span class='ocrx_word' id='word_1_172' title='bbox 1010 2770 1164 2832; x_wconf 89' lang='lat' dir='ltr'>diximus</span> <span class='ocrx_word' id='word_1_173' title='bbox 1179 2772 1199 2847; x_wconf 92' lang='lat'>¹,</span> <span class='ocrx_word' id='word_1_174' title='bbox 1218 2770 1285 2833; x_wconf 94' lang='lat' dir='ltr'>hoc</span> <span class='ocrx_word' id='word_1_175' title='bbox 1302 2770 1425 2833; x_wconf 91' lang='lat' dir='ltr'>eodem</span> <span class='ocrx_word' id='word_1_176' title='bbox 1441 2788 1534 2834; x_wconf 89' lang='lat' dir='ltr'>anno</span> <span class='ocrx_word' id='word_1_177' title='bbox 1547 2770 1584 2833; x_wconf 94' lang='lat' dir='ltr'>in</span> 
     </span>
     <span class='ocr_line' id='line_1_23' title="bbox 355 2874 639 2940; baseline -0.004 -1"><span class='ocrx_word' id='word_1_178' title='bbox 355 2874 509 2940; x_wconf 87' lang='lat' dir='ltr'>Galliam</span> <span class='ocrx_word' id='word_1_179' title='bbox 524 2876 639 2940; x_wconf 89' lang='lat' dir='ltr'>rediit.</span> 
     </span>
    </p>

    <p class='ocr_par' dir='ltr' id='par_1_7' title="bbox 351 2982 1586 3491">
     <span class='ocr_line' id='line_1_24' title="bbox 412 2982 1579 3064; baseline 0 -17"><span class='ocrx_word' id='word_1_180' title='bbox 412 2982 483 3046; x_wconf 83' lang='lat'><strong>238.</strong></span> <span class='ocrx_word' id='word_1_181' title='bbox 528 2984 617 3047; x_wconf 91' lang='lat' dir='ltr'>Cum</span> <span class='ocrx_word' id='word_1_182' title='bbox 629 2993 748 3047; x_wconf 89' lang='lat' dir='ltr'>autem</span> <span class='ocrx_word' id='word_1_183' title='bbox 763 2984 899 3064; x_wconf 91' lang='lat' dir='ltr'>aliquos</span> <span class='ocrx_word' id='word_1_184' title='bbox 914 2984 1013 3064; x_wconf 90' lang='lat' dir='ltr'>prius</span> <span class='ocrx_word' id='word_1_185' title='bbox 1027 3001 1100 3046; x_wconf 96' lang='lat' dir='ltr'>non</span> <span class='ocrx_word' id='word_1_186' title='bbox 1115 2984 1275 3046; x_wconf 93' lang='lat' dir='ltr'>consulto</span> <span class='ocrx_word' id='word_1_187' title='bbox 1298 2982 1335 3047; x_wconf 90' lang='lat' dir='ltr'>P.</span> <span class='ocrx_word' id='word_1_188' title='bbox 1360 2983 1499 3061; x_wconf 76' lang='lat' dir='ltr'>Ignatio</span> <span class='ocrx_word' id='word_1_189' title='bbox 1514 2982 1579 3047; x_wconf 92' lang='lat' dir='ltr'>Ro·</span> 
     </span>
     <span class='ocr_line' id='line_1_25' title="bbox 352 3090 1583 3169; baseline -0.002 -15"><span class='ocrx_word' id='word_1_190' title='bbox 352 3107 447 3154; x_wconf 90' lang='lat' dir='ltr'>mam</span> <span class='ocrx_word' id='word_1_191' title='bbox 462 3092 627 3169; x_wconf 88' lang='lat' dir='ltr'>misisset,</span> <span class='ocrx_word' id='word_1_192' title='bbox 644 3092 712 3154; x_wconf 92' lang='lat' dir='ltr'>hoc</span> <span class='ocrx_word' id='word_1_193' title='bbox 727 3100 897 3155; x_wconf 89' lang='lat' dir='ltr'>autumno</span> <span class='ocrx_word' id='word_1_194' title='bbox 923 3090 961 3153; x_wconf 91' lang='lat' dir='ltr'>P.</span> <span class='ocrx_word' id='word_1_195' title='bbox 984 3090 1162 3154; x_wconf 90' lang='lat' dir='ltr'>Oliverius</span> <span class='ocrx_word' id='word_1_196' title='bbox 1181 3090 1382 3154; x_wconf 89' lang='lat' dir='ltr'>admonitus</span> <span class='ocrx_word' id='word_1_197' title='bbox 1406 3102 1471 3168; x_wconf 93' lang='lat' dir='ltr'>est,</span> <span class='ocrx_word' id='word_1_198' title='bbox 1488 3107 1532 3153; x_wconf 88' lang='lat' dir='ltr'>ne</span> <span class='ocrx_word' id='word_1_199' title='bbox 1548 3090 1583 3155; x_wconf 82' lang='lat' dir='ltr'>iri</span> 
     </span>
     <span class='ocr_line' id='line_1_26' title="bbox 352 3194 1584 3279; baseline -0.001 -19"><span class='ocrx_word' id='word_1_200' title='bbox 352 3197 584 3279; x_wconf 89' lang='lat' dir='ltr'>inposterum</span> <span class='ocrx_word' id='word_1_201' title='bbox 600 3197 745 3273; x_wconf 85' lang='lat' dir='ltr'>laceret,</span> <span class='ocrx_word' id='word_1_202' title='bbox 761 3197 825 3260; x_wconf 87' lang='lat' dir='ltr'>sed</span> <span class='ocrx_word' id='word_1_203' title='bbox 844 3205 1052 3277; x_wconf 87' lang='lat' dir='ltr'>expectaret</span> <span class='ocrx_word' id='word_1_204' title='bbox 1076 3212 1287 3276; x_wconf 91' lang='lat' dir='ltr'>responsum</span> <span class='ocrx_word' id='word_1_205' title='bbox 1309 3214 1329 3259; x_wconf 89' lang='lat' dir='ltr'>a</span> <span class='ocrx_word' id='word_1_206' title='bbox 1353 3194 1532 3275; x_wconf 87' lang='lat' dir='ltr'>Generali;</span> <span class='ocrx_word' id='word_1_207' title='bbox 1548 3208 1584 3260; x_wconf 93' lang='lat' dir='ltr'>et</span> 
     </span>
     <span class='ocr_line' id='line_1_27' title="bbox 351 3302 1586 3384; baseline -0.002 -17"><span class='ocrx_word' id='word_1_208' title='bbox 351 3304 403 3368; x_wconf 90' lang='lat' dir='ltr'>sic</span> <span class='ocrx_word' id='word_1_209' title='bbox 433 3305 573 3367; x_wconf 91' lang='lat' dir='ltr'>demum</span> <span class='ocrx_word' id='word_1_210' title='bbox 602 3305 771 3383; x_wconf 88' lang='lat' dir='ltr'>mitteret,</span> <span class='ocrx_word' id='word_1_211' title='bbox 794 3321 883 3384; x_wconf 94' lang='lat' dir='ltr'>quos</span> <span class='ocrx_word' id='word_1_212' title='bbox 908 3303 1097 3367; x_wconf 92' lang='lat' dir='ltr'>mittendos</span> <span class='ocrx_word' id='word_1_213' title='bbox 1125 3302 1313 3381; x_wconf 89' lang='lat' dir='ltr'>censebat,</span> <span class='ocrx_word' id='word_1_214' title='bbox 1340 3303 1371 3366; x_wconf 93' lang='lat' dir='ltr'>si</span> <span class='ocrx_word' id='word_1_215' title='bbox 1395 3302 1586 3367; x_wconf 88' lang='lat' dir='ltr'>Generalis</span> 
     </span>
     <span class='ocr_line' id='line_1_28' title="bbox 353 3411 599 3491; baseline 0.004 -18"><span class='ocrx_word' id='word_1_216' title='bbox 353 3411 599 3491; x_wconf 87' lang='lat' dir='ltr'>approbasset.</span> 
     </span>
    </p>

    <p class='ocr_par' dir='ltr' id='par_1_8' title="bbox 348 3516 1585 4454">
     <span class='ocr_line' id='line_1_29' title="bbox 410 3516 1584 3599; baseline 0.001 -19"><span class='ocrx_word' id='word_1_217' title='bbox 410 3516 480 3580; x_wconf 82' lang='lat'>239.</span> <span class='ocrx_word' id='word_1_218' title='bbox 524 3518 704 3582; x_wconf 89' lang='lat' dir='ltr'>Exercitia</span> <span class='ocrx_word' id='word_1_219' title='bbox 720 3519 919 3599; x_wconf 89' lang='lat' dir='ltr'>spiritualia</span> <span class='ocrx_word' id='word_1_220' title='bbox 934 3518 1115 3599; x_wconf 90' lang='lat' dir='ltr'>proposita</span> <span class='ocrx_word' id='word_1_221' title='bbox 1128 3516 1338 3599; x_wconf 89' lang='lat' dir='ltr'>quibusdam</span> <span class='ocrx_word' id='word_1_222' title='bbox 1354 3516 1507 3596; x_wconf 87' lang='lat' dir='ltr'>fuerunt,</span> <span class='ocrx_word' id='word_1_223' title='bbox 1522 3520 1584 3599; x_wconf 93' lang='lat' dir='ltr'>qui</span> 
     </span>
     <span class='ocr_line' id='line_1_30' title="bbox 349 3621 1582 3705; baseline 0 -18"><span class='ocrx_word' id='word_1_224' title='bbox 349 3621 562 3688; x_wconf 89' lang='lat' dir='ltr'>Societatem</span> <span class='ocrx_word' id='word_1_225' title='bbox 577 3626 715 3705; x_wconf 82' lang='lat' dir='ltr'>ingredi</span> <span class='ocrx_word' id='word_1_226' title='bbox 741 3626 1010 3703; x_wconf 85' lang='lat' dir='ltr'>constituerunt,</span> <span class='ocrx_word' id='word_1_227' title='bbox 1032 3624 1094 3688; x_wconf 91' lang='lat' dir='ltr'>sed</span> <span class='ocrx_word' id='word_1_228' title='bbox 1120 3624 1338 3703; x_wconf 89' lang='lat' dir='ltr'>experientia</span> <span class='ocrx_word' id='word_1_229' title='bbox 1356 3625 1476 3688; x_wconf 90' lang='lat' dir='ltr'>docuit</span> <span class='ocrx_word' id='word_1_230' title='bbox 1491 3624 1582 3689; x_wconf 87' lang='lat' dir='ltr'>dele·</span> 
     </span>
     <span class='ocr_line' id='line_1_31' title="bbox 350 3730 1583 3814; baseline 0.002 -21"><span class='ocrx_word' id='word_1_231' title='bbox 350 3739 446 3794; x_wconf 91' lang='lat' dir='ltr'>ctum</span> <span class='ocrx_word' id='word_1_232' title='bbox 460 3731 661 3795; x_wconf 90' lang='lat' dir='ltr'>habendum</span> <span class='ocrx_word' id='word_1_233' title='bbox 676 3748 754 3795; x_wconf 90' lang='lat' dir='ltr'>esse</span> <span class='ocrx_word' id='word_1_234' title='bbox 779 3749 918 3810; x_wconf 90' lang='lat' dir='ltr'>eorum,</span> <span class='ocrx_word' id='word_1_235' title='bbox 946 3732 1006 3814; x_wconf 94' lang='lat' dir='ltr'>qui</span> <span class='ocrx_word' id='word_1_236' title='bbox 1028 3732 1122 3795; x_wconf 91' lang='lat' dir='ltr'>eoin</span> <span class='ocrx_word' id='word_1_237' title='bbox 1147 3734 1224 3795; x_wconf 92' lang='lat' dir='ltr'>loco</span> <span class='ocrx_word' id='word_1_238' title='bbox 1250 3730 1419 3794; x_wconf 90' lang='lat' dir='ltr'>Societati</span> <span class='ocrx_word' id='word_1_239' title='bbox 1440 3748 1478 3794; x_wconf 91' lang='lat' dir='ltr'>se</span> <span class='ocrx_word' id='word_1_240' title='bbox 1499 3730 1583 3811; x_wconf 83' lang='lat' dir='ltr'>adji-</span> 
     </span>
     <span class='ocr_line' id='line_1_32' title="bbox 350 3838 1584 3919; baseline 0 -18"><span class='ocrx_word' id='word_1_241' title='bbox 350 3855 430 3901; x_wconf 89' lang='lat' dir='ltr'>cere</span> <span class='ocrx_word' id='word_1_242' title='bbox 445 3838 717 3903; x_wconf 88' lang='lat' dir='ltr'>constituebant.</span> <span class='ocrx_word' id='word_1_243' title='bbox 732 3838 885 3919; x_wconf 86' lang='lat' dir='ltr'>Quidam</span> <span class='ocrx_word' id='word_1_244' title='bbox 897 3840 990 3903; x_wconf 90' lang='lat' dir='ltr'>enim</span> <span class='ocrx_word' id='word_1_245' title='bbox 1003 3841 1060 3902; x_wconf 91' lang='lat' dir='ltr'>vel</span> <span class='ocrx_word' id='word_1_246' title='bbox 1073 3838 1288 3901; x_wconf 88' lang='lat' dir='ltr'>inconstanti</span> <span class='ocrx_word' id='word_1_247' title='bbox 1300 3838 1419 3901; x_wconf 88' lang='lat' dir='ltr'>animo</span> <span class='ocrx_word' id='word_1_248' title='bbox 1432 3840 1490 3900; x_wconf 92' lang='lat' dir='ltr'>vel</span> <span class='ocrx_word' id='word_1_249' title='bbox 1502 3838 1584 3902; x_wconf 91' lang='lat' dir='ltr'>licto</span> 
     </span>
     <span class='ocr_line' id='line_1_33' title="bbox 350 3944 1583 4026; baseline 0 -19"><span class='ocrx_word' id='word_1_250' title='bbox 350 3961 427 4008; x_wconf 88' lang='lat' dir='ltr'>esse</span> <span class='ocrx_word' id='word_1_251' title='bbox 439 3944 650 4026; x_wconf 87' lang='lat' dir='ltr'>deprehensi</span> <span class='ocrx_word' id='word_1_252' title='bbox 661 3955 754 4024; x_wconf 89' lang='lat' dir='ltr'>sunt,</span> <span class='ocrx_word' id='word_1_253' title='bbox 771 3964 851 4010; x_wconf 94' lang='lat' dir='ltr'>cum</span> <span class='ocrx_word' id='word_1_254' title='bbox 864 3948 910 4011; x_wconf 92' lang='lat' dir='ltr'>ad</span> <span class='ocrx_word' id='word_1_255' title='bbox 922 3964 1002 4010; x_wconf 85' lang='lat' dir='ltr'>cum</span> <span class='ocrx_word' id='word_1_256' title='bbox 1015 3948 1131 4009; x_wconf 94' lang='lat' dir='ltr'>locum</span> <span class='ocrx_word' id='word_1_257' title='bbox 1141 3944 1244 4008; x_wconf 84' lang='lat' dir='ltr'>varia</span> <span class='ocrx_word' id='word_1_258' title='bbox 1255 3945 1438 4008; x_wconf 91' lang='lat' dir='ltr'>hominum</span> <span class='ocrx_word' id='word_1_259' title='bbox 1449 3960 1583 4024; x_wconf 83' lang='lat' dir='ltr'>genera</span> 
     </span>
     <span class='ocr_line' id='line_1_34' title="bbox 348 4050 1585 4132; baseline 0 -18"><span class='ocrx_word' id='word_1_260' title='bbox 348 4060 383 4114; x_wconf 91' lang='lat' dir='ltr'>et</span> <span class='ocrx_word' id='word_1_261' title='bbox 397 4052 519 4115; x_wconf 85' lang='lat' dir='ltr'>varias</span> <span class='ocrx_word' id='word_1_262' title='bbox 534 4052 579 4115; x_wconf 94' lang='lat' dir='ltr'>ob</span> <span class='ocrx_word' id='word_1_263' title='bbox 594 4070 724 4116; x_wconf 88' lang='lat' dir='ltr'>causas</span> <span class='ocrx_word' id='word_1_264' title='bbox 739 4054 964 4117; x_wconf 87' lang='lat' dir='ltr'>conveniant.</span> <span class='ocrx_word' id='word_1_265' title='bbox 982 4054 1036 4117; x_wconf 83' lang='lat' dir='ltr'>Ex</span> <span class='ocrx_word' id='word_1_266' title='bbox 1050 4053 1105 4115; x_wconf 90' lang='lat' dir='ltr'>his</span> <span class='ocrx_word' id='word_1_267' title='bbox 1120 4052 1238 4129; x_wconf 90' lang='lat' dir='ltr'>etiam,</span> <span class='ocrx_word' id='word_1_268' title='bbox 1252 4068 1341 4132; x_wconf 93' lang='lat' dir='ltr'>quos</span> <span class='ocrx_word' id='word_1_269' title='bbox 1352 4051 1390 4114; x_wconf 93' lang='grc' dir='ltr'>Ρ.</span> <span class='ocrx_word' id='word_1_270' title='bbox 1405 4050 1585 4115; x_wconf 89' lang='lat' dir='ltr'>Oliverius</span> 
     </span>
     <span class='ocr_line' id='line_1_35' title="bbox 349 4157 1583 4241; baseline 0.002 -22"><span class='ocrx_word' id='word_1_271' title='bbox 349 4157 552 4236; x_wconf 89' lang='lat' dir='ltr'>admiserat,</span> <span class='ocrx_word' id='word_1_272' title='bbox 569 4158 670 4222; x_wconf 90' lang='lat' dir='ltr'>brevi</span> <span class='ocrx_word' id='word_1_273' title='bbox 685 4160 794 4222; x_wconf 91' lang='lat' dir='ltr'>etiam</span> <span class='ocrx_word' id='word_1_274' title='bbox 817 4157 1016 4241; x_wconf 89' lang='lat' dir='ltr'>[quosdam]</span> <span class='ocrx_word' id='word_1_275' title='bbox 1042 4158 1185 4234; x_wconf 91' lang='lat' dir='ltr'>dimisit,</span> <span class='ocrx_word' id='word_1_276' title='bbox 1212 4166 1401 4238; x_wconf 89' lang='lat' dir='ltr'>postquam</span> <span class='ocrx_word' id='word_1_277' title='bbox 1427 4176 1491 4222; x_wconf 91' lang='lat' dir='ltr'>eos</span> <span class='ocrx_word' id='word_1_278' title='bbox 1505 4176 1583 4239; x_wconf 91' lang='lat' dir='ltr'>per·</span> 
     </span>
     <span class='ocr_line' id='line_1_36' title="bbox 348 4263 1582 4347; baseline 0.002 -21"><span class='ocrx_word' id='word_1_279' title='bbox 348 4273 489 4343; x_wconf 92' lang='lat' dir='ltr'>spectos</span> <span class='ocrx_word' id='word_1_280' title='bbox 505 4264 639 4328; x_wconf 89' lang='lat' dir='ltr'>habuit.</span> <span class='ocrx_word' id='word_1_281' title='bbox 657 4265 776 4347; x_wconf 89' lang='lat' dir='ltr'>Aliqui</span> <span class='ocrx_word' id='word_1_282' title='bbox 791 4277 911 4330; x_wconf 88' lang='lat' dir='ltr'>tamen</span> <span class='ocrx_word' id='word_1_283' title='bbox 936 4266 1052 4329; x_wconf 92' lang='lat' dir='ltr'>idonei</span> <span class='ocrx_word' id='word_1_284' title='bbox 1073 4263 1117 4327; x_wconf 90' lang='lat' dir='ltr'>ad</span> <span class='ocrx_word' id='word_1_285' title='bbox 1133 4273 1293 4327; x_wconf 91' lang='lat' dir='ltr'>nostrum</span> <span class='ocrx_word' id='word_1_286' title='bbox 1318 4264 1517 4329; x_wconf 90' lang='lat' dir='ltr'>institutum</span> <span class='ocrx_word' id='word_1_287' title='bbox 1532 4265 1582 4328; x_wconf 94' lang='lat' dir='ltr'>ibi</span> 
     </span>
     <span class='ocr_line' id='line_1_37' title="bbox 349 4371 1178 4454; baseline 0 -22"><span class='ocrx_word' id='word_1_288' title='bbox 349 4382 554 4434; x_wconf 89' lang='lat' dir='ltr'>manserunt</span> <span class='ocrx_word' id='word_1_289' title='bbox 570 4381 605 4434; x_wconf 91' lang='lat' dir='ltr'>et</span> <span class='ocrx_word' id='word_1_290' title='bbox 620 4371 753 4435; x_wconf 93' lang='lat' dir='ltr'>Romae</span> <span class='ocrx_word' id='word_1_291' title='bbox 770 4374 877 4437; x_wconf 90' lang='lat' dir='ltr'>etiam</span> <span class='ocrx_word' id='word_1_292' title='bbox 892 4380 1178 4454; x_wconf 87' lang='lat' dir='ltr'>perseverarunt.</span> 
     </span>
    </p>

    <p class='ocr_par' dir='ltr' id='par_1_9' title="bbox 408 4476 1583 4557">
     <span class='ocr_line' id='line_1_38' title="bbox 408 4476 1583 4557; baseline 0.001 -17"><span class='ocrx_word' id='word_1_293' title='bbox 408 4476 479 4540; x_wconf 80' lang='lat'><strong>240.</strong></span> <span class='ocrx_word' id='word_1_294' title='bbox 523 4478 600 4542; x_wconf 92' lang='lat' dir='ltr'>Hoc</span> <span class='ocrx_word' id='word_1_295' title='bbox 630 4488 748 4542; x_wconf 89' lang='lat' dir='ltr'>autem</span> <span class='ocrx_word' id='word_1_296' title='bbox 776 4481 819 4543; x_wconf 90' lang='lat' dir='ltr'>de</span> <span class='ocrx_word' id='word_1_297' title='bbox 847 4481 979 4544; x_wconf 90' lang='lat' dir='ltr'>nostris</span> <span class='ocrx_word' id='word_1_298' title='bbox 1008 4480 1052 4542; x_wconf 91' lang='lat' dir='ltr'>ab</span> <span class='ocrx_word' id='word_1_299' title='bbox 1081 4478 1180 4541; x_wconf 92' lang='lat' dir='ltr'>initio</span> <span class='ocrx_word' id='word_1_300' title='bbox 1208 4476 1312 4557; x_wconf 91' lang='lat' dir='ltr'>hujus</span> <span class='ocrx_word' id='word_1_301' title='bbox 1340 4479 1423 4541; x_wconf 88' lang='lat' dir='ltr'>anni</span> <span class='ocrx_word' id='word_1_302' title='bbox 1452 4480 1583 4543; x_wconf 86' lang='lat' dir='ltr'>fatetur</span> 
     </span>
    </p>
   </div>
   <div class='ocr_carea' id='block_1_3' title="bbox 349 4624 562 4638">
    <p class='ocr_par' dir='ltr' id='par_1_10' title="bbox 349 4624 562 4638">
     <span class='ocr_line' id='line_1_39' title="bbox 349 4624 562 4638; baseline 0.005 -1"><span class='ocrx_word' id='word_1_303' title='bbox 349 4624 562 4638; x_wconf 47' lang='lat'>*—</span> 
     </span>
    </p>
   </div>
   <div class='ocr_carea' id='block_1_4' title="bbox 388 4719 721 4775">
    <p class='ocr_par' dir='ltr' id='par_1_11' title="bbox 388 4719 721 4775">
     <span class='ocr_line' id='line_1_40' title="bbox 388 4719 721 4775; baseline 0 -11"><span class='ocrx_word' id='word_1_304' title='bbox 388 4720 398 4752; x_wconf 85' lang='lat'>¹</span> <span class='ocrx_word' id='word_1_305' title='bbox 429 4719 520 4775; x_wconf 79' lang='lat' dir='ltr'>Supra,</span> <span class='ocrx_word' id='word_1_306' title='bbox 532 4732 593 4775; x_wconf 66' lang='lat' dir='ltr'>pag.</span> <span class='ocrx_word' id='word_1_307' title='bbox 604 4722 640 4773; x_wconf 84' lang='lat' dir='ltr'>u,</span> <span class='ocrx_word' id='word_1_308' title='bbox 650 4734 667 4765; x_wconf 86' lang='lat' dir='ltr'>n</span> <span class='ocrx_word' id='word_1_309' title='bbox 685 4722 721 4764; x_wconf 74' lang='lat'>711.</span> 
     </span>
    </p>
   </div>
   <div class='ocr_carea' id='block_1_5' title="bbox 0 0 1864 5400">
    <p class='ocr_par' dir='ltr' id='par_1_12' title="bbox 0 0 1864 5400">
     <span class='ocr_line' id='line_1_41' title="bbox 0 0 1864 5400; baseline 0 6"><span class='ocrx_word' id='word_1_310' title='bbox 0 0 1864 5400; x_wconf 95' lang='lat' dir='ltr'> </span> 
     </span>
    </p>
   </div>
  </div>
 </body>
</html>
