<?xml version="1.0" encoding="UTF-8"?>
<!DOCTYPE html PUBLIC "-//W3C//DTD XHTML 1.0 Transitional//EN"
    "http://www.w3.org/TR/xhtml1/DTD/xhtml1-transitional.dtd">
<html xmlns="http://www.w3.org/1999/xhtml" xml:lang="en" lang="en">
 <head>
  <title>
</title>
<meta http-equiv="Content-Type" content="text/html;charset=utf-8" />
  <meta name='ocr-system' content='tesseract 3.04.00' />
  <meta name='ocr-capabilities' content='ocr_page ocr_carea ocr_par ocr_line ocrx_word'/>
</head>
<body>
  <div class='ocr_page' id='page_1' title='image "./vitaignatiiloio01polagoog_0283.png"; bbox 0 0 3717 5400; ppageno 0'>
   <div class='ocr_carea' id='block_1_1' title="bbox 859 509 1551 570">
    <p class='ocr_par' dir='ltr' id='par_1_1' title="bbox 859 509 1551 570">
     <span class='ocr_line' id='line_1_1' title="bbox 859 509 1551 570; baseline -0.001 -1"><span class='ocrx_word' id='word_1_1' title='bbox 859 512 923 570; x_wconf 81' lang='lat' dir='ltr'><strong>Art.</strong></span> <span class='ocrx_word' id='word_1_2' title='bbox 946 512 1017 570; x_wconf 72' lang='lat'><strong>1553</strong></span> <span class='ocrx_word' id='word_1_3' title='bbox 1497 509 1551 568; x_wconf 82' lang='lat'><strong>277</strong></span> 
     </span>
    </p>
   </div>
   <div class='ocr_carea' id='block_1_2' title="bbox 317 653 1552 1378">
    <p class='ocr_par' dir='ltr' id='par_1_2' title="bbox 317 653 1552 1378">
     <span class='ocr_line' id='line_1_2' title="bbox 322 653 1550 739; baseline -0.004 -17"><span class='ocrx_word' id='word_1_4' title='bbox 322 667 379 722; x_wconf 87' lang='lat' dir='ltr'><strong>tus</strong></span> <span class='ocrx_word' id='word_1_5' title='bbox 392 659 529 722; x_wconf 90' lang='lat' dir='ltr'><strong>carceri</strong></span> <span class='ocrx_word' id='word_1_6' title='bbox 544 659 803 739; x_wconf 85' lang='lat' dir='ltr'><strong>manciparunt,</strong></span> <span class='ocrx_word' id='word_1_7' title='bbox 817 657 875 738; x_wconf 88' lang='lat' dir='ltr'><strong>qui</strong></span> <span class='ocrx_word' id='word_1_8' title='bbox 891 657 926 719; x_wconf 93' lang='lat' dir='ltr'><strong>in</strong></span> <span class='ocrx_word' id='word_1_9' title='bbox 942 657 1096 720; x_wconf 88' lang='lat' dir='ltr'><strong>naturali</strong></span> <span class='ocrx_word' id='word_1_10' title='bbox 1110 654 1334 736; x_wconf 80' lang='lat' dir='ltr'>philosophia</span> <span class='ocrx_word' id='word_1_11' title='bbox 1347 653 1550 734; x_wconf 69' lang='lat' dir='ltr'><strong>perdoctus</strong></span> 
     </span>
     <span class='ocr_line' id='line_1_3' title="bbox 319 761 1551 843; baseline -0.006 -13"><span class='ocrx_word' id='word_1_12' title='bbox 319 767 575 830; x_wconf 77' lang='lat' dir='ltr'><strong>revelationem</strong></span> <span class='ocrx_word' id='word_1_13' title='bbox 591 782 628 828; x_wconf 90' lang='lat' dir='ltr'><strong>se</strong></span> <span class='ocrx_word' id='word_1_14' title='bbox 653 765 819 828; x_wconf 86' lang='lat' dir='ltr'><strong>habuisse</strong></span> <span class='ocrx_word' id='word_1_15' title='bbox 844 765 1034 839; x_wconf 83' lang='lat' dir='ltr'><strong>fatebatur,</strong></span> <span class='ocrx_word' id='word_1_16' title='bbox 1061 763 1167 843; x_wconf 85' lang='lat' dir='ltr'><strong>quod,</strong></span> <span class='ocrx_word' id='word_1_17' title='bbox 1194 779 1261 825; x_wconf 91' lang='lat' dir='ltr'><strong>sua</strong></span> <span class='ocrx_word' id='word_1_18' title='bbox 1287 761 1551 842; x_wconf 87' lang='lat' dir='ltr'><strong>praedicatione</strong></span> 
     </span>
     <span class='ocr_line' id='line_1_4' title="bbox 318 867 1549 948; baseline -0.006 -11"><span class='ocrx_word' id='word_1_19' title='bbox 318 874 559 937; x_wconf 89' lang='lat' dir='ltr'><strong>coloniensem</strong></span> <span class='ocrx_word' id='word_1_20' title='bbox 584 872 776 936; x_wconf 90' lang='lat' dir='ltr'><strong>dioecesim</strong></span> <span class='ocrx_word' id='word_1_21' title='bbox 797 879 890 934; x_wconf 91' lang='lat' dir='ltr'><strong>esset</strong></span> <span class='ocrx_word' id='word_1_22' title='bbox 911 870 1182 947; x_wconf 67' lang='lat' dir='ltr'><strong>reformaturus</strong></span> <span class='ocrx_word' id='word_1_23' title='bbox 1200 877 1246 948; x_wconf 86' lang='lat' dir='ltr'><strong>et,</strong></span> <span class='ocrx_word' id='word_1_24' title='bbox 1262 868 1293 932; x_wconf 90' lang='lat' dir='ltr'><strong>si</strong></span> <span class='ocrx_word' id='word_1_25' title='bbox 1308 867 1549 947; x_wconf 87' lang='lat' dir='ltr'><strong>impediretur,</strong></span> 
     </span>
     <span class='ocr_line' id='line_1_5' title="bbox 323 973 1552 1059; baseline -0.007 -15"><span class='ocrx_word' id='word_1_26' title='bbox 323 983 451 1044; x_wconf 91' lang='lat' dir='ltr'><strong>multos</strong></span> <span class='ocrx_word' id='word_1_27' title='bbox 472 998 517 1044; x_wconf 87' lang='lat' dir='ltr'><strong>ex</strong></span> <span class='ocrx_word' id='word_1_28' title='bbox 545 977 739 1059; x_wconf 88' lang='lat' dir='ltr'><strong>majoribus</strong></span> <span class='ocrx_word' id='word_1_29' title='bbox 766 978 868 1042; x_wconf 88' lang='lat' dir='ltr'><strong>brevi</strong></span> <span class='ocrx_word' id='word_1_30' title='bbox 892 978 1084 1041; x_wconf 89' lang='lat' dir='ltr'><strong>morituros</strong></span> <span class='ocrx_word' id='word_1_31' title='bbox 1112 993 1203 1040; x_wconf 89' lang='lat' dir='ltr'><strong>esse.</strong></span> <span class='ocrx_word' id='word_1_32' title='bbox 1229 973 1298 1040; x_wconf 86' lang='lat' dir='ltr'><strong>Sed</strong></span> <span class='ocrx_word' id='word_1_33' title='bbox 1323 974 1552 1038; x_wconf 87' lang='lat' dir='ltr'><strong>nihilominus</strong></span> 
     </span>
     <span class='ocr_line' id='line_1_6' title="bbox 322 1081 1551 1166; baseline -0.006 -16"><span class='ocrx_word' id='word_1_34' title='bbox 322 1087 436 1166; x_wconf 86' lang='lat' dir='ltr'><strong>prima</strong></span> <span class='ocrx_word' id='word_1_35' title='bbox 451 1087 554 1151; x_wconf 89' lang='lat' dir='ltr'><strong>lectio</strong></span> <span class='ocrx_word' id='word_1_36' title='bbox 570 1096 622 1150; x_wconf 87' lang='lat' dir='ltr'><strong>est</strong></span> <span class='ocrx_word' id='word_1_37' title='bbox 637 1088 669 1150; x_wconf 88' lang='lat' dir='ltr'><strong>ei</strong></span> <span class='ocrx_word' id='word_1_38' title='bbox 686 1085 874 1166; x_wconf 88' lang='lat' dir='ltr'><strong>prohibita,</strong></span> <span class='ocrx_word' id='word_1_39' title='bbox 891 1083 1017 1148; x_wconf 89' lang='lat' dir='ltr'><strong>deinde</strong></span> <span class='ocrx_word' id='word_1_40' title='bbox 1032 1084 1173 1160; x_wconf 82' lang='lat' dir='ltr'><strong>civitas,</strong></span> <span class='ocrx_word' id='word_1_41' title='bbox 1190 1100 1233 1146; x_wconf 90' lang='lat' dir='ltr'><strong>ac</strong></span> <span class='ocrx_word' id='word_1_42' title='bbox 1253 1083 1396 1144; x_wconf 90' lang='lat' dir='ltr'><strong>demum</strong></span> <span class='ocrx_word' id='word_1_43' title='bbox 1417 1081 1454 1144; x_wconf 92' lang='lat' dir='ltr'><strong>iu</strong></span> <span class='ocrx_word' id='word_1_44' title='bbox 1476 1098 1551 1143; x_wconf 85' lang='lat' dir='ltr'><strong>car·</strong></span> 
     </span>
     <span class='ocr_line' id='line_1_7' title="bbox 319 1187 1550 1274; baseline -0.006 -17"><span class='ocrx_word' id='word_1_45' title='bbox 319 1211 439 1258; x_wconf 85' lang='lat' dir='ltr'><strong>cerem</strong></span> <span class='ocrx_word' id='word_1_46' title='bbox 453 1191 635 1274; x_wconf 90' lang='lat' dir='ltr'><strong>conjectus</strong></span> <span class='ocrx_word' id='word_1_47' title='bbox 646 1204 710 1263; x_wconf 73' lang='lat' dir='ltr'><strong>est:</strong></span> <span class='ocrx_word' id='word_1_48' title='bbox 729 1209 832 1272; x_wconf 91' lang='lat' dir='ltr'><strong>quem</strong></span> <span class='ocrx_word' id='word_1_49' title='bbox 848 1192 1023 1254; x_wconf 90' lang='lat' dir='ltr'><strong>allocutus</strong></span> <span class='ocrx_word' id='word_1_50' title='bbox 1038 1199 1092 1252; x_wconf 89' lang='lat' dir='ltr'><strong>est</strong></span> <span class='ocrx_word' id='word_1_51' title='bbox 1107 1187 1145 1252; x_wconf 91' lang='lat' dir='ltr'><strong>P.</strong></span> <span class='ocrx_word' id='word_1_52' title='bbox 1162 1187 1371 1252; x_wconf 90' lang='lat' dir='ltr'><strong>Leonardus</strong></span> <span class='ocrx_word' id='word_1_53' title='bbox 1391 1187 1550 1267; x_wconf 90' lang='lat' dir='ltr'><strong>aliquau-</strong></span> 
     </span>
     <span class='ocr_line' id='line_1_8' title="bbox 317 1293 1549 1378; baseline -0.006 -14"><span class='ocrx_word' id='word_1_54' title='bbox 317 1299 379 1378; x_wconf 88' lang='lat' dir='ltr'><strong>do;</strong></span> <span class='ocrx_word' id='word_1_55' title='bbox 395 1300 456 1364; x_wconf 91' lang='lat' dir='ltr'><strong>sed</strong></span> <span class='ocrx_word' id='word_1_56' title='bbox 471 1301 527 1364; x_wconf 91' lang='lat' dir='ltr'><strong>vir</strong></span> <span class='ocrx_word' id='word_1_57' title='bbox 541 1301 684 1363; x_wconf 89' lang='lat' dir='ltr'><strong>delusus</strong></span> <span class='ocrx_word' id='word_1_58' title='bbox 698 1311 733 1362; x_wconf 87' lang='lat' dir='ltr'><strong>et</strong></span> <span class='ocrx_word' id='word_1_59' title='bbox 749 1299 948 1362; x_wconf 90' lang='lat' dir='ltr'><strong>obstinatus</strong></span> <span class='ocrx_word' id='word_1_60' title='bbox 963 1315 985 1359; x_wconf 90' lang='lat' dir='ltr'><strong>a</strong></span> <span class='ocrx_word' id='word_1_61' title='bbox 1000 1313 1064 1360; x_wconf 91' lang='lat' dir='ltr'><strong>suo</strong></span> <span class='ocrx_word' id='word_1_62' title='bbox 1078 1296 1261 1376; x_wconf 90' lang='lat' dir='ltr'><strong>proposito</strong></span> <span class='ocrx_word' id='word_1_63' title='bbox 1277 1312 1347 1359; x_wconf 90' lang='lat' dir='ltr'><strong>non</strong></span> <span class='ocrx_word' id='word_1_64' title='bbox 1364 1293 1512 1358; x_wconf 88' lang='lat' dir='ltr'><strong>recessit</strong></span> <span class='ocrx_word' id='word_1_65' title='bbox 1526 1293 1549 1353; x_wconf 86' lang='lat'><strong>¹.</strong></span> 
     </span>
    </p>
   </div>
   <div class='ocr_carea' id='block_1_3' title="bbox 310 1619 1550 3733">
    <p class='ocr_par' dir='ltr' id='par_1_3' title="bbox 316 1619 1550 2650">
     <span class='ocr_line' id='line_1_9' title="bbox 383 1619 1550 1700; baseline -0.002 -16"><span class='ocrx_word' id='word_1_66' title='bbox 383 1623 453 1687; x_wconf 86' lang='grc'><strong>762.</strong></span> <span class='ocrx_word' id='word_1_67' title='bbox 497 1623 568 1688; x_wconf 90' lang='lat' dir='ltr'><strong>Sub</strong></span> <span class='ocrx_word' id='word_1_68' title='bbox 593 1625 755 1687; x_wconf 85' lang='lat' dir='ltr'><strong>natalitia</strong></span> <span class='ocrx_word' id='word_1_69' title='bbox 783 1622 875 1686; x_wconf 83' lang='lat' dir='ltr'><strong>festa</strong></span> <span class='ocrx_word' id='word_1_70' title='bbox 902 1624 986 1685; x_wconf 88' lang='lat' dir='ltr'><strong>anni</strong></span> <span class='ocrx_word' id='word_1_71' title='bbox 1010 1621 1255 1700; x_wconf 89' lang='lat' dir='ltr'><strong>praecedentis</strong></span> <span class='ocrx_word' id='word_1_72' title='bbox 1284 1619 1550 1699; x_wconf 81' lang='lat' dir='ltr'><strong>Noviomagum</strong></span> 
     </span>
     <span class='ocr_line' id='line_1_10' title="bbox 323 1726 1548 1811; baseline -0.003 -17"><span class='ocrx_word' id='word_1_73' title='bbox 323 1728 362 1794; x_wconf 74' lang='lat' dir='ltr'><strong>l’.</strong></span> <span class='ocrx_word' id='word_1_74' title='bbox 378 1731 586 1795; x_wconf 86' lang='lat' dir='ltr'><strong>Leonardus</strong></span> <span class='ocrx_word' id='word_1_75' title='bbox 600 1732 779 1811; x_wconf 86' lang='lat' dir='ltr'><strong>proiectus</strong></span> <span class='ocrx_word' id='word_1_76' title='bbox 794 1741 858 1809; x_wconf 88' lang='lat' dir='ltr'><strong>est,</strong></span> <span class='ocrx_word' id='word_1_77' title='bbox 876 1743 1007 1792; x_wconf 89' lang='lat' dir='ltr'><strong>etcum</strong></span> <span class='ocrx_word' id='word_1_78' title='bbox 1028 1730 1065 1791; x_wconf 91' lang='lat' dir='ltr'><strong>in</strong></span> <span class='ocrx_word' id='word_1_79' title='bbox 1079 1729 1156 1809; x_wconf 86' lang='lat' dir='ltr'><strong>ipsa</strong></span> <span class='ocrx_word' id='word_1_80' title='bbox 1177 1728 1301 1808; x_wconf 77' lang='lat' dir='ltr'><strong>vigilia</strong></span> <span class='ocrx_word' id='word_1_81' title='bbox 1321 1726 1458 1791; x_wconf 88' lang='lat' dir='ltr'><strong>Natalis</strong></span> <span class='ocrx_word' id='word_1_82' title='bbox 1478 1727 1548 1791; x_wconf 93' lang='lat' dir='ltr'><strong>Do·</strong></span> 
     </span>
     <span class='ocr_line' id='line_1_11' title="bbox 327 1836 1549 1919; baseline -0.002 -19"><span class='ocrx_word' id='word_1_83' title='bbox 327 1839 422 1910; x_wconf 89' lang='lat' dir='ltr'><strong>mini,</strong></span> <span class='ocrx_word' id='word_1_84' title='bbox 436 1841 603 1919; x_wconf 91' lang='lat' dir='ltr'><strong>templum</strong></span> <span class='ocrx_word' id='word_1_85' title='bbox 620 1837 821 1901; x_wconf 90' lang='lat' dir='ltr'><strong>celebrandi</strong></span> <span class='ocrx_word' id='word_1_86' title='bbox 836 1837 952 1916; x_wconf 86' lang='lat' dir='ltr'><strong>gratia</strong></span> <span class='ocrx_word' id='word_1_87' title='bbox 968 1837 1151 1914; x_wconf 83' lang='lat' dir='ltr'><strong>ingressus</strong></span> <span class='ocrx_word' id='word_1_88' title='bbox 1166 1844 1270 1913; x_wconf 90' lang='lat' dir='ltr'><strong>esset,</strong></span> <span class='ocrx_word' id='word_1_89' title='bbox 1292 1844 1413 1898; x_wconf 89' lang='lat' dir='ltr'><strong>tantus</strong></span> <span class='ocrx_word' id='word_1_90' title='bbox 1428 1836 1549 1915; x_wconf 91' lang='lat' dir='ltr'><strong>populi</strong></span> 
     </span>
     <span class='ocr_line' id='line_1_12' title="bbox 326 1942 1549 2024; baseline -0.002 -16"><span class='ocrx_word' id='word_1_91' title='bbox 326 1962 521 2008; x_wconf 77' lang='lat' dir='ltr'><strong>concursus</strong></span> <span class='ocrx_word' id='word_1_92' title='bbox 545 1945 661 2008; x_wconf 87' lang='lat' dir='ltr'><strong>iactus</strong></span> <span class='ocrx_word' id='word_1_93' title='bbox 686 1954 751 2024; x_wconf 89' lang='lat' dir='ltr'><strong>est,</strong></span> <span class='ocrx_word' id='word_1_94' title='bbox 774 1955 823 2022; x_wconf 92' lang='lat' dir='ltr'><strong>ut,</strong></span> <span class='ocrx_word' id='word_1_95' title='bbox 845 1960 950 2006; x_wconf 85' lang='lat' dir='ltr'><strong>sacro</strong></span> <span class='ocrx_word' id='word_1_96' title='bbox 974 1943 1147 2020; x_wconf 87' lang='lat' dir='ltr'><strong>absoluto,</strong></span> <span class='ocrx_word' id='word_1_97' title='bbox 1169 1943 1299 2022; x_wconf 88' lang='lat' dir='ltr'><strong>templo</strong></span> <span class='ocrx_word' id='word_1_98' title='bbox 1329 1942 1452 2021; x_wconf 84' lang='lat' dir='ltr'><strong>egredi</strong></span> <span class='ocrx_word' id='word_1_99' title='bbox 1477 1959 1549 2005; x_wconf 89' lang='lat' dir='ltr'><strong>non</strong></span> 
     </span>
     <span class='ocr_line' id='line_1_13' title="bbox 327 2049 1547 2131; baseline -0.002 -17"><span class='ocrx_word' id='word_1_100' title='bbox 327 2053 489 2131; x_wconf 89' lang='lat' dir='ltr'><strong>potuerit,</strong></span> <span class='ocrx_word' id='word_1_101' title='bbox 513 2070 593 2115; x_wconf 90' lang='lat' dir='ltr'><strong>cum</strong></span> <span class='ocrx_word' id='word_1_102' title='bbox 616 2068 747 2131; x_wconf 85' lang='lat' dir='ltr'><strong>magna</strong></span> <span class='ocrx_word' id='word_1_103' title='bbox 773 2051 955 2114; x_wconf 91' lang='lat' dir='ltr'><strong>hominum</strong></span> <span class='ocrx_word' id='word_1_104' title='bbox 975 2049 1161 2113; x_wconf 88' lang='lat' dir='ltr'><strong>multitudo</strong></span> <span class='ocrx_word' id='word_1_105' title='bbox 1186 2049 1218 2112; x_wconf 94' lang='lat' dir='ltr'><strong>ei</strong></span> <span class='ocrx_word' id='word_1_106' title='bbox 1244 2049 1404 2112; x_wconf 88' lang='lat' dir='ltr'><strong>confiteri</strong></span> <span class='ocrx_word' id='word_1_107' title='bbox 1429 2050 1547 2124; x_wconf 89' lang='lat' dir='ltr'><strong>veliet,</strong></span> 
     </span>
     <span class='ocr_line' id='line_1_14' title="bbox 319 2154 1550 2237; baseline -0.002 -17"><span class='ocrx_word' id='word_1_108' title='bbox 319 2175 472 2237; x_wconf 85' lang='lat' dir='ltr'><strong>quorum</strong></span> <span class='ocrx_word' id='word_1_109' title='bbox 496 2159 737 2222; x_wconf 83' lang='lat' dir='ltr'><strong>confessiones</strong></span> <span class='ocrx_word' id='word_1_110' title='bbox 762 2156 885 2221; x_wconf 89' lang='lat' dir='ltr'><strong>audire</strong></span> <span class='ocrx_word' id='word_1_111' title='bbox 906 2157 1035 2236; x_wconf 90' lang='lat' dir='ltr'><strong>coepit;</strong></span> <span class='ocrx_word' id='word_1_112' title='bbox 1063 2173 1125 2236; x_wconf 91' lang='lat' dir='ltr'><strong>per</strong></span> <span class='ocrx_word' id='word_1_113' title='bbox 1144 2164 1258 2219; x_wconf 91' lang='lat' dir='ltr'><strong>totum</strong></span> <span class='ocrx_word' id='word_1_114' title='bbox 1279 2154 1371 2219; x_wconf 89' lang='lat' dir='ltr'><strong>diem</strong></span> <span class='ocrx_word' id='word_1_115' title='bbox 1396 2155 1495 2218; x_wconf 91' lang='lat' dir='ltr'><strong>iilum</strong></span> <span class='ocrx_word' id='word_1_116' title='bbox 1514 2165 1550 2217; x_wconf 89' lang='lat' dir='ltr'><strong>et</strong></span> 
     </span>
     <span class='ocr_line' id='line_1_15' title="bbox 316 2262 1549 2344; baseline 0.001 -19"><span class='ocrx_word' id='word_1_117' title='bbox 316 2274 460 2328; x_wconf 88' lang='lat' dir='ltr'><strong>noctem</strong></span> <span class='ocrx_word' id='word_1_118' title='bbox 475 2275 510 2328; x_wconf 90' lang='lat' dir='ltr'><strong>et</strong></span> <span class='ocrx_word' id='word_1_119' title='bbox 530 2265 621 2328; x_wconf 90' lang='lat' dir='ltr'><strong>diem</strong></span> <span class='ocrx_word' id='word_1_120' title='bbox 644 2267 758 2344; x_wconf 90' lang='lat' dir='ltr'><strong>ipsum</strong></span> <span class='ocrx_word' id='word_1_121' title='bbox 778 2263 942 2328; x_wconf 78' lang='lat' dir='ltr'><strong>Natalem</strong></span> <span class='ocrx_word' id='word_1_122' title='bbox 961 2263 1120 2336; x_wconf 84' lang='lat' dir='ltr'><strong>Domini,</strong></span> <span class='ocrx_word' id='word_1_123' title='bbox 1137 2263 1245 2326; x_wconf 91' lang='lat' dir='ltr'><strong>immo</strong></span> <span class='ocrx_word' id='word_1_124' title='bbox 1265 2272 1301 2325; x_wconf 93' lang='lat' dir='ltr'><strong>et</strong></span> <span class='ocrx_word' id='word_1_125' title='bbox 1320 2262 1549 2342; x_wconf 88' lang='lat' dir='ltr'><strong>sequentibus</strong></span> 
     </span>
     <span class='ocr_line' id='line_1_16' title="bbox 322 2359 1548 2450; baseline -0.002 -16"><span class='ocrx_word' id='word_1_126' title='bbox 322 2371 431 2450; x_wconf 79' lang='lat' dir='ltr'><strong>iestiS,</strong></span> <span class='ocrx_word' id='word_1_127' title='bbox 448 2389 528 2434; x_wconf 92' lang='lat' dir='ltr'><strong>cum</strong></span> <span class='ocrx_word' id='word_1_128' title='bbox 544 2374 733 2435; x_wconf 90' lang='lat' dir='ltr'><strong>multorum</strong></span> <span class='ocrx_word' id='word_1_129' title='bbox 755 2372 998 2434; x_wconf 90' lang='lat' dir='ltr'><strong>consolatione</strong></span> <span class='ocrx_word' id='word_1_130' title='bbox 1012 2359 1050 2432; x_wconf 62' lang='lat' dir='ltr'><strong>et&#39;</strong></span> <span class='ocrx_word' id='word_1_131' title='bbox 1061 2369 1190 2446; x_wconf 87' lang='lat' dir='ltr'><strong>fructu,</strong></span> <span class='ocrx_word' id='word_1_132' title='bbox 1213 2369 1328 2432; x_wconf 88' lang='lat' dir='ltr'><strong>eidem</strong></span> <span class='ocrx_word' id='word_1_133' title='bbox 1352 2369 1548 2432; x_wconf 88' lang='lat' dir='ltr'><strong>ministerio</strong></span> 
     </span>
     <span class='ocr_line' id='line_1_17' title="bbox 321 2475 1548 2559; baseline -0.002 -18"><span class='ocrx_word' id='word_1_134' title='bbox 321 2479 486 2556; x_wconf 89' lang='lat' dir='ltr'><strong>vacabat;</strong></span> <span class='ocrx_word' id='word_1_135' title='bbox 503 2489 537 2542; x_wconf 91' lang='lat' dir='ltr'><strong>et</strong></span> <span class='ocrx_word' id='word_1_136' title='bbox 558 2497 691 2557; x_wconf 70' lang='lat' dir='ltr'><strong>omnes</strong></span> <span class='ocrx_word' id='word_1_137' title='bbox 715 2481 774 2559; x_wconf 92' lang='lat' dir='ltr'><strong>qui</strong></span> <span class='ocrx_word' id='word_1_138' title='bbox 796 2479 829 2542; x_wconf 90' lang='lat' dir='ltr'><strong>ei</strong></span> <span class='ocrx_word' id='word_1_139' title='bbox 850 2477 1119 2555; x_wconf 85' lang='lat' dir='ltr'><strong>confitebantur,</strong></span> <span class='ocrx_word' id='word_1_140' title='bbox 1142 2478 1255 2540; x_wconf 90' lang='lat' dir='ltr'><strong>vitam</strong></span> <span class='ocrx_word' id='word_1_141' title='bbox 1274 2476 1308 2539; x_wconf 92' lang='lat' dir='ltr'><strong>in</strong></span> <span class='ocrx_word' id='word_1_142' title='bbox 1331 2475 1457 2539; x_wconf 91' lang='lat' dir='ltr'><strong>melius</strong></span> <span class='ocrx_word' id='word_1_143' title='bbox 1475 2493 1548 2539; x_wconf 91' lang='lat' dir='ltr'><strong>mu·</strong></span> 
     </span>
     <span class='ocr_line' id='line_1_18' title="bbox 320 2586 794 2650; baseline 0.002 -2"><span class='ocrx_word' id='word_1_144' title='bbox 320 2595 397 2648; x_wconf 90' lang='lat' dir='ltr'><strong>tare</strong></span> <span class='ocrx_word' id='word_1_145' title='bbox 412 2586 504 2648; x_wconf 90' lang='lat' dir='ltr'><strong>serio</strong></span> <span class='ocrx_word' id='word_1_146' title='bbox 520 2586 794 2650; x_wconf 85' lang='lat' dir='ltr'><strong>constituebant.</strong></span> 
     </span>
    </p>

    <p class='ocr_par' dir='ltr' id='par_1_4' title="bbox 310 2689 1548 3733">
     <span class='ocr_line' id='line_1_19' title="bbox 378 2689 1547 2771; baseline -0.001 -18"><span class='ocrx_word' id='word_1_147' title='bbox 378 2692 448 2757; x_wconf 89' lang='grc'>763.</span> <span class='ocrx_word' id='word_1_148' title='bbox 493 2691 683 2756; x_wconf 86' lang='lat' dir='ltr'><strong>Matertera</strong></span> <span class='ocrx_word' id='word_1_149' title='bbox 696 2693 836 2756; x_wconf 89' lang='lat' dir='ltr'><strong>interim</strong></span> <span class='ocrx_word' id='word_1_150' title='bbox 848 2691 1011 2771; x_wconf 84' lang='lat' dir='ltr'><strong>magistri</strong></span> <span class='ocrx_word' id='word_1_151' title='bbox 1028 2690 1238 2755; x_wconf 88' lang='lat' dir='ltr'><strong>Theodorici</strong></span> <span class='ocrx_word' id='word_1_152' title='bbox 1255 2689 1389 2754; x_wconf 86' lang='lat' dir='ltr'><strong>Canisii</strong></span> <span class='ocrx_word' id='word_1_153' title='bbox 1400 2689 1423 2768; x_wconf 75' lang='lat'><strong>⁸,</strong></span> <span class='ocrx_word' id='word_1_154' title='bbox 1444 2708 1547 2771; x_wconf 84' lang='lat' dir='ltr'><strong>quae,</strong></span> 
     </span>
     <span class='ocr_line' id='line_1_20' title="bbox 318 2797 1547 2880; baseline -0.003 -17"><span class='ocrx_word' id='word_1_155' title='bbox 318 2811 355 2863; x_wconf 91' lang='lat' dir='ltr'><strong>ut</strong></span> <span class='ocrx_word' id='word_1_156' title='bbox 381 2800 536 2863; x_wconf 84' lang='lat' dir='ltr'><strong>diximus</strong></span> <span class='ocrx_word' id='word_1_157' title='bbox 562 2801 736 2880; x_wconf 82' lang='lat' dir='ltr'><strong>superius,</strong></span> <span class='ocrx_word' id='word_1_158' title='bbox 763 2802 871 2863; x_wconf 90' lang='lat' dir='ltr'><strong>situm</strong></span> <span class='ocrx_word' id='word_1_159' title='bbox 892 2818 936 2863; x_wconf 86' lang='lat' dir='ltr'><strong>ac</strong></span> <span class='ocrx_word' id='word_1_160' title='bbox 960 2799 1084 2862; x_wconf 91' lang='lat' dir='ltr'><strong>domos</strong></span> <span class='ocrx_word' id='word_1_161' title='bbox 1110 2797 1279 2861; x_wconf 90' lang='lat' dir='ltr'><strong>Societati</strong></span> <span class='ocrx_word' id='word_1_162' title='bbox 1304 2799 1439 2861; x_wconf 86' lang='lat' dir='ltr'><strong>donare</strong></span> <span class='ocrx_word' id='word_1_163' title='bbox 1464 2814 1547 2860; x_wconf 91' lang='lat' dir='ltr'><strong>con·</strong></span> 
     </span>
     <span class='ocr_line' id='line_1_21' title="bbox 317 2906 1544 2987; baseline -0.002 -18"><span class='ocrx_word' id='word_1_164' title='bbox 317 2907 494 2985; x_wconf 89' lang='lat' dir='ltr'><strong>stituerat,</strong></span> <span class='ocrx_word' id='word_1_165' title='bbox 512 2910 589 2987; x_wconf 89' lang='lat' dir='ltr'><strong>ipso</strong></span> <span class='ocrx_word' id='word_1_166' title='bbox 615 2908 670 2969; x_wconf 92' lang='lat' dir='ltr'><strong>die</strong></span> <span class='ocrx_word' id='word_1_167' title='bbox 692 2906 829 2970; x_wconf 86' lang='lat' dir='ltr'><strong>Natalis</strong></span> <span class='ocrx_word' id='word_1_168' title='bbox 855 2906 997 2970; x_wconf 92' lang='lat' dir='ltr'><strong>Domini</strong></span> <span class='ocrx_word' id='word_1_169' title='bbox 1020 2906 1181 2985; x_wconf 90' lang='lat' dir='ltr'><strong>graviter</strong></span> <span class='ocrx_word' id='word_1_170' title='bbox 1202 2906 1318 2984; x_wconf 90' lang='lat' dir='ltr'><strong>coepit</strong></span> <span class='ocrx_word' id='word_1_171' title='bbox 1343 2912 1544 2983; x_wconf 84' lang='lat' dir='ltr'><strong>aegrotare;</strong></span> 
     </span>
     <span class='ocr_line' id='line_1_22' title="bbox 312 3012 1545 3094; baseline -0.002 -18"><span class='ocrx_word' id='word_1_172' title='bbox 312 3024 352 3076; x_wconf 84' lang='lat' dir='ltr'><strong>ct</strong></span> <span class='ocrx_word' id='word_1_173' title='bbox 366 3016 526 3094; x_wconf 87' lang='lat' dir='ltr'><strong>sequenti</strong></span> <span class='ocrx_word' id='word_1_174' title='bbox 542 3014 608 3094; x_wconf 91' lang='lat' dir='ltr'><strong>die,</strong></span> <span class='ocrx_word' id='word_1_175' title='bbox 623 3015 684 3094; x_wconf 91' lang='lat' dir='ltr'><strong>qui</strong></span> <span class='ocrx_word' id='word_1_176' title='bbox 694 3014 738 3077; x_wconf 93' lang='lat' dir='ltr'><strong>D.</strong></span> <span class='ocrx_word' id='word_1_177' title='bbox 753 3012 933 3092; x_wconf 86' lang='lat' dir='ltr'><strong>Stephano</strong></span> <span class='ocrx_word' id='word_1_178' title='bbox 945 3029 1048 3076; x_wconf 88' lang='lat' dir='ltr'><strong>sacer</strong></span> <span class='ocrx_word' id='word_1_179' title='bbox 1059 3022 1147 3091; x_wconf 87' lang='lat' dir='ltr'><strong>erat,</strong></span> <span class='ocrx_word' id='word_1_180' title='bbox 1160 3021 1199 3076; x_wconf 92' lang='lat' dir='ltr'><strong>ut</strong></span> <span class='ocrx_word' id='word_1_181' title='bbox 1211 3030 1313 3075; x_wconf 91' lang='lat' dir='ltr'><strong>suum</strong></span> <span class='ocrx_word' id='word_1_182' title='bbox 1325 3012 1545 3092; x_wconf 90' lang='lat' dir='ltr'><strong>propositum</strong></span> 
     </span>
     <span class='ocr_line' id='line_1_23' title="bbox 314 3118 1546 3200; baseline -0.002 -17"><span class='ocrx_word' id='word_1_183' title='bbox 314 3121 484 3198; x_wconf 76' lang='lat' dir='ltr'><strong>firmaret,</strong></span> <span class='ocrx_word' id='word_1_184' title='bbox 501 3122 589 3184; x_wconf 92' lang='lat' dir='ltr'><strong>duos</strong></span> <span class='ocrx_word' id='word_1_185' title='bbox 604 3140 649 3183; x_wconf 88' lang='lat' dir='ltr'><strong>ex</strong></span> <span class='ocrx_word' id='word_1_186' title='bbox 663 3120 870 3185; x_wconf 86' lang='lat' dir='ltr'><strong>officialibus</strong></span> <span class='ocrx_word' id='word_1_187' title='bbox 881 3121 1039 3184; x_wconf 90' lang='lat' dir='ltr'><strong>civitatis</strong></span> <span class='ocrx_word' id='word_1_188' title='bbox 1055 3122 1155 3200; x_wconf 90' lang='lat' dir='ltr'><strong>(quos</strong></span> <span class='ocrx_word' id='word_1_189' title='bbox 1171 3119 1359 3182; x_wconf 83' lang='lat' dir='ltr'><strong>scitabz&#39;nos</strong></span> <span class='ocrx_word' id='word_1_190' title='bbox 1374 3118 1386 3149; x_wconf 81' lang='lat'>³</span> <span class='ocrx_word' id='word_1_191' title='bbox 1402 3119 1546 3195; x_wconf 86' lang='lat' dir='ltr'><strong>vocant)</strong></span> 
     </span>
     <span class='ocr_line' id='line_1_24' title="bbox 310 3225 1544 3308; baseline -0.003 -17"><span class='ocrx_word' id='word_1_192' title='bbox 310 3228 483 3291; x_wconf 77' lang='lat' dir='ltr'><strong>accersiri</strong></span> <span class='ocrx_word' id='word_1_193' title='bbox 494 3227 604 3308; x_wconf 89' lang='lat' dir='ltr'><strong>jubet,</strong></span> <span class='ocrx_word' id='word_1_194' title='bbox 622 3228 726 3308; x_wconf 88' lang='lat' dir='ltr'><strong>quod,</strong></span> <span class='ocrx_word' id='word_1_195' title='bbox 744 3228 780 3291; x_wconf 92' lang='lat' dir='ltr'><strong>in</strong></span> <span class='ocrx_word' id='word_1_196' title='bbox 792 3245 914 3291; x_wconf 90' lang='lat' dir='ltr'><strong>eorum</strong></span> <span class='ocrx_word' id='word_1_197' title='bbox 930 3228 1132 3307; x_wconf 89' lang='lat' dir='ltr'><strong>praesentia</strong></span> <span class='ocrx_word' id='word_1_198' title='bbox 1147 3236 1182 3289; x_wconf 91' lang='lat' dir='ltr'><strong>et</strong></span> <span class='ocrx_word' id='word_1_199' title='bbox 1197 3227 1340 3289; x_wconf 90' lang='lat' dir='ltr'><strong>testium</strong></span> <span class='ocrx_word' id='word_1_200' title='bbox 1362 3225 1544 3307; x_wconf 89' lang='lat' dir='ltr'><strong>deputato·</strong></span> 
     </span>
     <span class='ocr_line' id='line_1_25' title="bbox 315 3332 1545 3416; baseline -0.001 -19"><span class='ocrx_word' id='word_1_201' title='bbox 315 3352 404 3414; x_wconf 91' lang='lat' dir='ltr'><strong>rum,</strong></span> <span class='ocrx_word' id='word_1_202' title='bbox 421 3336 528 3399; x_wconf 89' lang='lat' dir='ltr'><strong>situm</strong></span> <span class='ocrx_word' id='word_1_203' title='bbox 542 3354 586 3400; x_wconf 85' lang='lat' dir='ltr'><strong>ac</strong></span> <span class='ocrx_word' id='word_1_204' title='bbox 601 3337 724 3399; x_wconf 89' lang='lat' dir='ltr'><strong>domos</strong></span> <span class='ocrx_word' id='word_1_205' title='bbox 738 3334 940 3416; x_wconf 88' lang='lat' dir='ltr'><strong>praedictas</strong></span> <span class='ocrx_word' id='word_1_206' title='bbox 957 3335 1128 3414; x_wconf 84' lang='lat' dir='ltr'><strong>magistro</strong></span> <span class='ocrx_word' id='word_1_207' title='bbox 1155 3332 1377 3397; x_wconf 88' lang='lat' dir='ltr'><strong>Theodorico</strong></span> <span class='ocrx_word' id='word_1_208' title='bbox 1402 3333 1545 3397; x_wconf 91' lang='lat' dir='ltr'><strong>Canisio</strong></span> 
     </span>
     <span class='ocr_line' id='line_1_26' title="bbox 317 3440 1545 3520; baseline -0.001 -17"><span class='ocrx_word' id='word_1_209' title='bbox 317 3441 362 3505; x_wconf 83' lang='lat' dir='ltr'><strong>nd</strong></span> <span class='ocrx_word' id='word_1_210' title='bbox 375 3460 477 3505; x_wconf 91' lang='lat' dir='ltr'><strong>usum</strong></span> <span class='ocrx_word' id='word_1_211' title='bbox 491 3441 680 3507; x_wconf 87' lang='lat' dir='ltr'><strong>Societatis</strong></span> <span class='ocrx_word' id='word_1_212' title='bbox 695 3442 806 3505; x_wconf 89' lang='lat' dir='ltr'><strong>daret.</strong></span> <span class='ocrx_word' id='word_1_213' title='bbox 823 3442 872 3505; x_wconf 87' lang='lat' dir='ltr'><strong>At</strong></span> <span class='ocrx_word' id='word_1_214' title='bbox 894 3442 1066 3518; x_wconf 90' lang='lat' dir='ltr'><strong>schabini,</strong></span> <span class='ocrx_word' id='word_1_215' title='bbox 1083 3441 1178 3520; x_wconf 93' lang='lat' dir='ltr'><strong>quod</strong></span> <span class='ocrx_word' id='word_1_216' title='bbox 1198 3440 1367 3503; x_wconf 90' lang='lat' dir='ltr'><strong>timebant</strong></span> <span class='ocrx_word' id='word_1_217' title='bbox 1386 3441 1545 3520; x_wconf 84' lang='lat' dir='ltr'><strong>indigna·</strong></span> 
     </span>
     <span class='ocr_line' id='line_1_27' title="bbox 316 3546 1544 3629; baseline -0.002 -18"><span class='ocrx_word' id='word_1_218' title='bbox 316 3549 446 3612; x_wconf 88' lang='lat' dir='ltr'><strong>tionem</strong></span> <span class='ocrx_word' id='word_1_219' title='bbox 459 3548 591 3625; x_wconf 81' lang='lat' dir='ltr'><strong>fratris,</strong></span> <span class='ocrx_word' id='word_1_220' title='bbox 610 3567 715 3629; x_wconf 89' lang='lat' dir='ltr'><strong>quem</strong></span> <span class='ocrx_word' id='word_1_221' title='bbox 727 3566 768 3611; x_wconf 91' lang='lat' dir='ltr'><strong>ea</strong></span> <span class='ocrx_word' id='word_1_222' title='bbox 783 3549 899 3627; x_wconf 84' lang='lat' dir='ltr'><strong>virg0,</strong></span> <span class='ocrx_word' id='word_1_223' title='bbox 920 3547 1133 3611; x_wconf 87' lang='lat' dir='ltr'><strong>Theudorici</strong></span> <span class='ocrx_word' id='word_1_224' title='bbox 1154 3556 1356 3623; x_wconf 89' lang='lat' dir='ltr'><strong>matertera,</strong></span> <span class='ocrx_word' id='word_1_225' title='bbox 1378 3546 1544 3625; x_wconf 88' lang='lat' dir='ltr'><strong>habebat,</strong></span> 
     </span>
     <span class='ocr_line' id='line_1_28' title="bbox 316 3653 1548 3733; baseline -0.001 -16"><span class='ocrx_word' id='word_1_226' title='bbox 316 3654 440 3720; x_wconf 87' lang='lat' dir='ltr'><strong>adesse</strong></span> <span class='ocrx_word' id='word_1_227' title='bbox 456 3666 676 3720; x_wconf 88' lang='lat' dir='ltr'><strong>recusarunt.</strong></span> <span class='ocrx_word' id='word_1_228' title='bbox 695 3656 795 3719; x_wconf 91' lang='lat' dir='ltr'><strong>Unus</strong></span> <span class='ocrx_word' id='word_1_229' title='bbox 814 3665 891 3718; x_wconf 91' lang='lat' dir='ltr'><strong>erat</strong></span> <span class='ocrx_word' id='word_1_230' title='bbox 910 3673 955 3718; x_wconf 86' lang='lat' dir='ltr'><strong>ex</strong></span> <span class='ocrx_word' id='word_1_231' title='bbox 975 3654 1199 3716; x_wconf 89' lang='lat' dir='ltr'><strong>senatoribus</strong></span> <span class='ocrx_word' id='word_1_232' title='bbox 1214 3653 1325 3716; x_wconf 88' lang='lat' dir='ltr'><strong>irater</strong></span> <span class='ocrx_word' id='word_1_233' title='bbox 1343 3653 1548 3733; x_wconf 88' lang='lat' dir='ltr'><strong>praedictus</strong></span> 
     </span>
    </p>
   </div>
   <div class='ocr_carea' id='block_1_4' title="bbox 307 3820 1548 4810">
    <p class='ocr_par' dir='ltr' id='par_1_5' title="bbox 310 3820 1548 4162">
     <span class='ocr_line' id='line_1_29' title="bbox 317 3820 1548 3879; baseline -0.002 -12"><span class='ocrx_word' id='word_1_234' title='bbox 317 3826 430 3869; x_wconf 83' lang='lat' dir='ltr'><strong>tantiam</strong></span> <span class='ocrx_word' id='word_1_235' title='bbox 438 3824 614 3879; x_wconf 83' lang='lat' dir='ltr'><strong>reprehendit,</strong></span> <span class='ocrx_word' id='word_1_236' title='bbox 625 3824 758 3877; x_wconf 81' lang='lat' dir='ltr'><strong>ignorasse</strong></span> <span class='ocrx_word' id='word_1_237' title='bbox 769 3822 900 3866; x_wconf 84' lang='lat' dir='ltr'><strong>videbitur</strong></span> <span class='ocrx_word' id='word_1_238' title='bbox 911 3822 971 3875; x_wconf 88' lang='lat' dir='ltr'><strong>quid</strong></span> <span class='ocrx_word' id='word_1_239' title='bbox 981 3820 1093 3864; x_wconf 86' lang='lat' dir='ltr'><strong>Senatus</strong></span> <span class='ocrx_word' id='word_1_240' title='bbox 1102 3821 1187 3874; x_wconf 77' lang='lat' dir='ltr'><strong>egerit</strong></span> <span class='ocrx_word' id='word_1_241' title='bbox 1198 3821 1265 3875; x_wconf 85' lang='lat' dir='ltr'><strong>quod</strong></span> <span class='ocrx_word' id='word_1_242' title='bbox 1277 3822 1370 3875; x_wconf 89' lang='lat' dir='ltr'><strong>populo</strong></span> <span class='ocrx_word' id='word_1_243' title='bbox 1381 3821 1548 3876; x_wconf 86' lang='lat' dir='ltr'><strong>displicuit.-</strong></span> 
     </span>
     <span class='ocr_line' id='line_1_30' title="bbox 315 3890 1547 3950; baseline -0.002 -13"><span class='ocrx_word' id='word_1_244' title='bbox 315 3894 454 3950; x_wconf 87' lang='lat' dir='ltr'><strong>Lapidatio</strong></span> <span class='ocrx_word' id='word_1_245' title='bbox 464 3896 528 3938; x_wconf 89' lang='lat' dir='ltr'><strong>haec</strong></span> <span class='ocrx_word' id='word_1_246' title='bbox 539 3902 565 3939; x_wconf 91' lang='lat' dir='ltr'><strong>et</strong></span> <span class='ocrx_word' id='word_1_247' title='bbox 576 3894 766 3938; x_wconf 86' lang='lat' dir='ltr'><strong>concionatoris</strong></span> <span class='ocrx_word' id='word_1_248' title='bbox 776 3892 868 3949; x_wconf 85' lang='lat' dir='ltr'><strong>ejectio</strong></span> <span class='ocrx_word' id='word_1_249' title='bbox 878 3894 962 3935; x_wconf 90' lang='lat' dir='ltr'><strong>iocum</strong></span> <span class='ocrx_word' id='word_1_250' title='bbox 972 3892 1094 3934; x_wconf 88' lang='lat' dir='ltr'><strong>habuisse</strong></span> <span class='ocrx_word' id='word_1_251' title='bbox 1108 3891 1213 3934; x_wconf 83' lang='lat' dir='ltr'><strong>videtur</strong></span> <span class='ocrx_word' id='word_1_252' title='bbox 1222 3892 1248 3934; x_wconf 92' lang='lat' dir='ltr'><strong>iu</strong></span> <span class='ocrx_word' id='word_1_253' title='bbox 1258 3890 1284 3935; x_wconf 89' lang='lat' dir='ltr'><strong>S.</strong></span> <span class='ocrx_word' id='word_1_254' title='bbox 1296 3890 1431 3935; x_wconf 87' lang='lat' dir='ltr'><strong>Laurentii</strong></span> <span class='ocrx_word' id='word_1_255' title='bbox 1441 3893 1547 3947; x_wconf 87' lang='lat' dir='ltr'><strong>templo.</strong></span> 
     </span>
     <span class='ocr_line' id='line_1_31' title="bbox 312 3961 1547 4017; baseline -0.002 -8"><span class='ocrx_word' id='word_1_256' title='bbox 312 3966 414 4010; x_wconf 70' lang='lat' dir='ltr'><strong>“Ueber</strong></span> <span class='ocrx_word' id='word_1_257' title='bbox 423 3966 511 4009; x_wconf 88' lang='lat' dir='ltr'><strong>diesen</strong></span> <span class='ocrx_word' id='word_1_258' title='bbox 522 3966 624 4010; x_wconf 88' lang='lat' dir='ltr'><strong>Voriaii</strong></span> <span class='ocrx_word' id='word_1_259' title='bbox 634 3968 660 4009; x_wconf 92' lang='lat' dir='ltr'><strong>in</strong></span> <span class='ocrx_word' id='word_1_260' title='bbox 671 3966 717 4008; x_wconf 88' lang='lat' dir='ltr'><strong>der</strong></span> <span class='ocrx_word' id='word_1_261' title='bbox 727 3964 937 4009; x_wconf 83' lang='lat' dir='ltr'><strong>Laurenzirirciie</strong></span> <span class='ocrx_word' id='word_1_262' title='bbox 948 3964 1001 4017; x_wconf 65' lang='grc' dir='ltr'><strong>νει.</strong></span> <span class='ocrx_word' id='word_1_263' title='bbox 1012 3962 1082 4005; x_wconf 88' lang='lat' dir='ltr'><strong>Bucb</strong></span> <span class='ocrx_word' id='word_1_264' title='bbox 1093 3961 1257 4015; x_wconf 75' lang='lat' dir='ltr'><strong>Weinsberg,</strong></span> <span class='ocrx_word' id='word_1_265' title='bbox 1267 3963 1298 4005; x_wconf 83' lang='lat' dir='ltr'><strong>ed</strong></span> <span class='ocrx_word' id='word_1_266' title='bbox 1310 3962 1446 4016; x_wconf 86' lang='lat' dir='ltr'><strong>Hbibautn,</strong></span> <span class='ocrx_word' id='word_1_267' title='bbox 1458 3963 1488 4015; x_wconf 92' lang='lat' dir='ltr'><strong>ii,</strong></span> <span class='ocrx_word' id='word_1_268' title='bbox 1497 3963 1547 4016; x_wconf 72' lang='lat' dir='ltr'><strong>oli„</strong></span> 
     </span>
     <span class='ocr_line' id='line_1_32' title="bbox 316 4032 1548 4091; baseline -0.002 -10"><span class='ocrx_word' id='word_1_269' title='bbox 316 4036 430 4090; x_wconf 79' lang='lat' dir='ltr'><strong>ilausur,</strong></span> <span class='ocrx_word' id='word_1_270' title='bbox 441 4038 458 4082; x_wconf 88' lang='lat' dir='ltr'><strong>l.</strong></span> <span class='ocrx_word' id='word_1_271' title='bbox 469 4050 500 4091; x_wconf 89' lang='lat' dir='ltr'><strong>e.,</strong></span> <span class='ocrx_word' id='word_1_272' title='bbox 515 4050 574 4091; x_wconf 66' lang='lat' dir='ltr'><strong>pap.</strong></span> <span class='ocrx_word' id='word_1_273' title='bbox 590 4038 637 4087; x_wconf 78' lang='lat'><strong>253,</strong></span> <span class='ocrx_word' id='word_1_274' title='bbox 651 4043 738 4080; x_wconf 88' lang='lat' dir='ltr'><strong>annot.</strong></span> <span class='ocrx_word' id='word_1_275' title='bbox 750 4036 769 4079; x_wconf 77' lang='lat'><strong>2.</strong></span> <span class='ocrx_word' id='word_1_276' title='bbox 786 4036 854 4079; x_wconf 86' lang='lat' dir='ltr'><strong>Vide</strong></span> <span class='ocrx_word' id='word_1_277' title='bbox 868 4036 948 4078; x_wconf 87' lang='lat' dir='ltr'><strong>etiam</strong></span> <span class='ocrx_word' id='word_1_278' title='bbox 963 4034 1059 4077; x_wconf 82' lang='lat' dir='ltr'><strong>Curias</strong></span> <span class='ocrx_word' id='word_1_279' title='bbox 1068 4034 1102 4076; x_wconf 84' lang='lat' dir='ltr'><strong>de</strong></span> <span class='ocrx_word' id='word_1_280' title='bbox 1114 4032 1139 4077; x_wconf 89' lang='lat' dir='ltr'><strong>S.</strong></span> <span class='ocrx_word' id='word_1_281' title='bbox 1154 4034 1273 4086; x_wconf 76' lang='lat' dir='ltr'><strong>lgnacto,</strong></span> <span class='ocrx_word' id='word_1_282' title='bbox 1283 4042 1301 4077; x_wconf 91' lang='lat' dir='ltr'><strong>t.</strong></span> <span class='ocrx_word' id='word_1_283' title='bbox 1313 4048 1339 4088; x_wconf 89' lang='lat' dir='ltr'><strong>v,</strong></span> <span class='ocrx_word' id='word_1_284' title='bbox 1350 4045 1410 4088; x_wconf 77' lang='lat' dir='ltr'><strong>pag.</strong></span> <span class='ocrx_word' id='word_1_285' title='bbox 1421 4034 1460 4078; x_wconf 75' lang='lat'><strong>1³8</strong></span> <span class='ocrx_word' id='word_1_286' title='bbox 1470 4042 1496 4077; x_wconf 86' lang='lat' dir='ltr'><strong>et</strong></span> <span class='ocrx_word' id='word_1_287' title='bbox 1506 4034 1548 4078; x_wconf 77' lang='lat'><strong>³68</strong></span> 
     </span>
     <span class='ocr_line' id='line_1_33' title="bbox 310 4106 921 4162; baseline 0 -11"><span class='ocrx_word' id='word_1_288' title='bbox 310 4114 343 4153; x_wconf 80' lang='lat' dir='ltr'><strong>et</strong></span> <span class='ocrx_word' id='word_1_289' title='bbox 352 4108 473 4153; x_wconf 78' lang='lat' dir='ltr'><strong>Litterae</strong></span> <span class='ocrx_word' id='word_1_290' title='bbox 484 4108 714 4161; x_wconf 76' lang='lat' dir='ltr'><strong>Quadrt&#39;mestres,</strong></span> <span class='ocrx_word' id='word_1_291' title='bbox 726 4115 743 4152; x_wconf 92' lang='lat' dir='ltr'><strong>t.</strong></span> <span class='ocrx_word' id='word_1_292' title='bbox 756 4119 793 4159; x_wconf 89' lang='grc' dir='ltr'><strong>ιιι,</strong></span> <span class='ocrx_word' id='word_1_293' title='bbox 805 4120 863 4162; x_wconf 85' lang='lat' dir='ltr'><strong>pag.</strong></span> <span class='ocrx_word' id='word_1_294' title='bbox 873 4106 921 4151; x_wconf 82' lang='lat'><strong>250.</strong></span> 
     </span>
    </p>

    <p class='ocr_par' dir='ltr' id='par_1_6' title="bbox 307 4176 1547 4523">
     <span class='ocr_line' id='line_1_34' title="bbox 355 4176 1547 4233; baseline -0.002 -10"><span class='ocrx_word' id='word_1_295' title='bbox 355 4181 362 4212; x_wconf 85' lang='lat'><strong>¹</strong></span> <span class='ocrx_word' id='word_1_296' title='bbox 391 4180 457 4224; x_wconf 87' lang='lat' dir='ltr'><strong>Vide</strong></span> <span class='ocrx_word' id='word_1_297' title='bbox 470 4182 590 4223; x_wconf 79' lang='lat' dir='ltr'><strong>Litterae</strong></span> <span class='ocrx_word' id='word_1_298' title='bbox 604 4180 833 4233; x_wconf 80' lang='lat' dir='ltr'><strong>Quadrimestres,</strong></span> <span class='ocrx_word' id='word_1_299' title='bbox 846 4187 863 4223; x_wconf 91' lang='lat' dir='ltr'><strong>t.</strong></span> <span class='ocrx_word' id='word_1_300' title='bbox 880 4189 918 4232; x_wconf 86' lang='lat' dir='ltr'><strong>tn,</strong></span> <span class='ocrx_word' id='word_1_301' title='bbox 935 4188 994 4233; x_wconf 75' lang='lat' dir='ltr'><strong>pag.</strong></span> <span class='ocrx_word' id='word_1_302' title='bbox 1009 4178 1058 4221; x_wconf 85' lang='lat'><strong>397.</strong></span> <span class='ocrx_word' id='word_1_303' title='bbox 1075 4176 1121 4228; x_wconf 89' lang='lat' dir='ltr'><strong>ibi,</strong></span> <span class='ocrx_word' id='word_1_304' title='bbox 1137 4185 1224 4222; x_wconf 82' lang='lat' dir='ltr'><strong>annot.</strong></span> <span class='ocrx_word' id='word_1_305' title='bbox 1240 4177 1262 4230; x_wconf 74' lang='lat'><strong>2,</strong></span> <span class='ocrx_word' id='word_1_306' title='bbox 1275 4188 1347 4231; x_wconf 81' lang='lat' dir='ltr'><strong>spem</strong></span> <span class='ocrx_word' id='word_1_307' title='bbox 1363 4189 1420 4221; x_wconf 85' lang='lat' dir='ltr'><strong>esse</strong></span> <span class='ocrx_word' id='word_1_308' title='bbox 1436 4177 1547 4223; x_wconf 79' lang='lat' dir='ltr'><strong>diximus</strong></span> 
     </span>
     <span class='ocr_line' id='line_1_35' title="bbox 310 4249 1546 4306; baseline 0 -13"><span class='ocrx_word' id='word_1_309' title='bbox 310 4250 367 4295; x_wconf 78' lang='lat' dir='ltr'><strong>iore</strong></span> <span class='ocrx_word' id='word_1_310' title='bbox 377 4259 405 4296; x_wconf 93' lang='lat' dir='ltr'><strong>ut</strong></span> <span class='ocrx_word' id='word_1_311' title='bbox 416 4253 491 4306; x_wconf 87' lang='lat' dir='ltr'><strong>plura</strong></span> <span class='ocrx_word' id='word_1_312' title='bbox 501 4253 532 4295; x_wconf 91' lang='lat' dir='ltr'><strong>de</strong></span> <span class='ocrx_word' id='word_1_313' title='bbox 544 4253 591 4296; x_wconf 89' lang='lat' dir='ltr'><strong>hoc</strong></span> <span class='ocrx_word' id='word_1_314' title='bbox 603 4253 711 4296; x_wconf 86' lang='lat' dir='ltr'><strong>dicenda</strong></span> <span class='ocrx_word' id='word_1_315' title='bbox 722 4252 851 4305; x_wconf 85' lang='lat' dir='ltr'><strong>venirent,</strong></span> <span class='ocrx_word' id='word_1_316' title='bbox 861 4262 918 4294; x_wconf 90' lang='lat' dir='ltr'><strong>cum</strong></span> <span class='ocrx_word' id='word_1_317' title='bbox 933 4252 984 4294; x_wconf 89' lang='lat' dir='ltr'><strong>vol.</strong></span> <span class='ocrx_word' id='word_1_318' title='bbox 1001 4261 1125 4304; x_wconf 82' lang='lat' dir='ltr'><strong>praesens</strong></span> <span class='ocrx_word' id='word_1_319' title='bbox 1141 4250 1255 4294; x_wconf 77' lang='lat' dir='ltr'><strong>Potiuct</strong></span> <span class='ocrx_word' id='word_1_320' title='bbox 1271 4251 1412 4294; x_wconf 85' lang='lat' dir='ltr'><strong>ederemus.</strong></span> <span class='ocrx_word' id='word_1_321' title='bbox 1429 4249 1546 4294; x_wconf 87' lang='lat' dir='ltr'><strong>Nondum</strong></span> 
     </span>
     <span class='ocr_line' id='line_1_36' title="bbox 315 4321 1547 4378; baseline -0.002 -11"><span class='ocrx_word' id='word_1_322' title='bbox 315 4333 402 4368; x_wconf 86' lang='lat' dir='ltr'><strong>tamea</strong></span> <span class='ocrx_word' id='word_1_323' title='bbox 412 4332 585 4378; x_wconf 83' lang='lat' dir='ltr'><strong>monumenta,</strong></span> <span class='ocrx_word' id='word_1_324' title='bbox 597 4332 642 4369; x_wconf 83' lang='lat' dir='ltr'><strong>aut</strong></span> <span class='ocrx_word' id='word_1_325' title='bbox 653 4325 731 4377; x_wconf 85' lang='lat' dir='ltr'><strong>edita,</strong></span> <span class='ocrx_word' id='word_1_326' title='bbox 744 4330 788 4367; x_wconf 88' lang='lat' dir='ltr'><strong>aut</strong></span> <span class='ocrx_word' id='word_1_327' title='bbox 800 4324 905 4375; x_wconf 84' lang='lat' dir='ltr'><strong>inedita,</strong></span> <span class='ocrx_word' id='word_1_328' title='bbox 917 4332 980 4376; x_wconf 86' lang='lat' dir='ltr'><strong>prae</strong></span> <span class='ocrx_word' id='word_1_329' title='bbox 992 4322 1108 4365; x_wconf 78' lang='lat' dir='ltr'><strong>manibus</strong></span> <span class='ocrx_word' id='word_1_330' title='bbox 1119 4322 1263 4370; x_wconf 87' lang='lat' dir='ltr'><strong>habuimus,</strong></span> <span class='ocrx_word' id='word_1_331' title='bbox 1275 4322 1367 4375; x_wconf 89' lang='lat' dir='ltr'><strong>qulbus</strong></span> <span class='ocrx_word' id='word_1_332' title='bbox 1381 4321 1447 4365; x_wconf 77' lang='lat' dir='ltr'><strong>haec</strong></span> <span class='ocrx_word' id='word_1_333' title='bbox 1463 4322 1547 4365; x_wconf 83' lang='lat' dir='ltr'><strong>decla-</strong></span> 
     </span>
     <span class='ocr_line' id='line_1_37' title="bbox 315 4393 1546 4449; baseline -0.001 -11"><span class='ocrx_word' id='word_1_334' title='bbox 315 4406 374 4439; x_wconf 81' lang='lat' dir='ltr'><strong>rare</strong></span> <span class='ocrx_word' id='word_1_335' title='bbox 384 4405 410 4440; x_wconf 89' lang='lat' dir='ltr'><strong>et</strong></span> <span class='ocrx_word' id='word_1_336' title='bbox 421 4396 573 4440; x_wconf 81' lang='lat' dir='ltr'><strong>confirmare</strong></span> <span class='ocrx_word' id='word_1_337' title='bbox 585 4398 741 4440; x_wconf 83' lang='lat' dir='ltr'><strong>valeremus.</strong></span> <span class='ocrx_word' id='word_1_338' title='bbox 753 4395 779 4439; x_wconf 92' lang='lat' dir='ltr'><strong>Si</strong></span> <span class='ocrx_word' id='word_1_339' title='bbox 791 4406 856 4449; x_wconf 85' lang='lat' dir='ltr'><strong>quae</strong></span> <span class='ocrx_word' id='word_1_340' title='bbox 866 4395 976 4437; x_wconf 86' lang='lat' dir='ltr'><strong>decursu</strong></span> <span class='ocrx_word' id='word_1_341' title='bbox 988 4393 1112 4447; x_wconf 88' lang='lat' dir='ltr'><strong>temporis</strong></span> <span class='ocrx_word' id='word_1_342' title='bbox 1120 4393 1284 4446; x_wconf 80' lang='lat' dir='ltr'><strong>offendemus,</strong></span> <span class='ocrx_word' id='word_1_343' title='bbox 1295 4394 1362 4437; x_wconf 85' lang='lat' dir='ltr'><strong>eain</strong></span> <span class='ocrx_word' id='word_1_344' title='bbox 1370 4394 1511 4438; x_wconf 81' lang='lat' dir='ltr'><strong>“Addenda</strong></span> <span class='ocrx_word' id='word_1_345' title='bbox 1519 4401 1546 4437; x_wconf 87' lang='lat' dir='ltr'><strong>et</strong></span> 
     </span>
     <span class='ocr_line' id='line_1_38' title="bbox 307 4464 1097 4523; baseline -0.006 -12"><span class='ocrx_word' id='word_1_346' title='bbox 307 4468 479 4523; x_wconf 77' lang='lat' dir='ltr'><strong>corrigenda„</strong></span> <span class='ocrx_word' id='word_1_347' title='bbox 490 4469 515 4511; x_wconf 92' lang='lat' dir='ltr'><strong>in</strong></span> <span class='ocrx_word' id='word_1_348' title='bbox 525 4474 657 4522; x_wconf 84' lang='lat' dir='ltr'><strong>postremo</strong></span> <span class='ocrx_word' id='word_1_349' title='bbox 669 4468 793 4512; x_wconf 78' lang='lat' dir='ltr'><strong>chronici</strong></span> <span class='ocrx_word' id='word_1_350' title='bbox 802 4468 855 4511; x_wconf 87' lang='lat' dir='ltr'><strong>vol.</strong></span> <span class='ocrx_word' id='word_1_351' title='bbox 866 4466 928 4509; x_wconf 90' lang='lat' dir='ltr'><strong>dare</strong></span> <span class='ocrx_word' id='word_1_352' title='bbox 940 4464 1097 4507; x_wconf 80' lang='lat' dir='ltr'><strong>curabimus.</strong></span> 
     </span>
    </p>

    <p class='ocr_par' dir='ltr' id='par_1_7' title="bbox 354 4536 1272 4595">
     <span class='ocr_line' id='line_1_39' title="bbox 354 4536 1272 4595; baseline -0.008 -11"><span class='ocrx_word' id='word_1_353' title='bbox 354 4542 366 4571; x_wconf 75' lang='lat'>²</span> <span class='ocrx_word' id='word_1_354' title='bbox 393 4540 519 4585; x_wconf 80' lang='lat' dir='ltr'><strong>Therasia</strong></span> <span class='ocrx_word' id='word_1_355' title='bbox 531 4540 560 4595; x_wconf 76' lang='lat' dir='ltr'><strong>[i]</strong></span> <span class='ocrx_word' id='word_1_356' title='bbox 572 4552 625 4585; x_wconf 89' lang='lat' dir='ltr'><strong>vau</strong></span> <span class='ocrx_word' id='word_1_357' title='bbox 635 4540 682 4583; x_wconf 89' lang='lat' dir='ltr'><strong>den</strong></span> <span class='ocrx_word' id='word_1_358' title='bbox 694 4538 790 4593; x_wconf 76' lang='lat' dir='ltr'><strong>Bergh.</strong></span> <span class='ocrx_word' id='word_1_359' title='bbox 801 4538 867 4581; x_wconf 89' lang='lat' dir='ltr'><strong>Vide</strong></span> <span class='ocrx_word' id='word_1_360' title='bbox 878 4548 966 4591; x_wconf 87' lang='lat' dir='ltr'><strong>supra,</strong></span> <span class='ocrx_word' id='word_1_361' title='bbox 978 4542 997 4579; x_wconf 90' lang='lat' dir='ltr'><strong>t.</strong></span> <span class='ocrx_word' id='word_1_362' title='bbox 1007 4547 1042 4590; x_wconf 80' lang='lat' dir='ltr'><strong>iv,</strong></span> <span class='ocrx_word' id='word_1_363' title='bbox 1054 4547 1113 4590; x_wconf 83' lang='lat' dir='ltr'><strong>pag.</strong></span> <span class='ocrx_word' id='word_1_364' title='bbox 1125 4536 1175 4588; x_wconf 72' lang='lat'><strong>255,</strong></span> <span class='ocrx_word' id='word_1_365' title='bbox 1186 4548 1210 4581; x_wconf 86' lang='lat' dir='ltr'><strong>n.</strong></span> <span class='ocrx_word' id='word_1_366' title='bbox 1220 4538 1272 4581; x_wconf 66' lang='lat'><strong>533.</strong></span> 
     </span>
    </p>

    <p class='ocr_par' dir='ltr' id='par_1_8' title="bbox 310 4608 1546 4810">
     <span class='ocr_line' id='line_1_40' title="bbox 354 4608 1544 4666; baseline -0.002 -11"><span class='ocrx_word' id='word_1_367' title='bbox 354 4612 364 4644; x_wconf 80' lang='lat'><strong>³</strong></span> <span class='ocrx_word' id='word_1_368' title='bbox 394 4610 445 4666; x_wconf 87' lang='lat' dir='ltr'><strong>Slc;</strong></span> <span class='ocrx_word' id='word_1_369' title='bbox 455 4612 615 4666; x_wconf 80' lang='lat' dir='ltr'><strong>frequentius</strong></span> <span class='ocrx_word' id='word_1_370' title='bbox 626 4613 738 4662; x_wconf 81' lang='lat' dir='ltr'><strong>scabini,</strong></span> <span class='ocrx_word' id='word_1_371' title='bbox 745 4609 840 4665; x_wconf 77' lang='lat' dir='ltr'><strong>gallice</strong></span> <span class='ocrx_word' id='word_1_372' title='bbox 857 4608 991 4656; x_wconf 74' lang='lat' dir='ltr'><strong>eckevtns,</strong></span> <span class='ocrx_word' id='word_1_373' title='bbox 1006 4608 1184 4663; x_wconf 81' lang='lat' dir='ltr'><strong>magistratus,</strong></span> <span class='ocrx_word' id='word_1_374' title='bbox 1195 4620 1212 4653; x_wconf 76' lang='lat' dir='ltr'><strong>a</strong></span> <span class='ocrx_word' id='word_1_375' title='bbox 1222 4610 1322 4653; x_wconf 82' lang='lat' dir='ltr'><strong>civibus</strong></span> <span class='ocrx_word' id='word_1_376' title='bbox 1332 4611 1482 4665; x_wconf 86' lang='lat' dir='ltr'><strong>pierumque</strong></span> <span class='ocrx_word' id='word_1_377' title='bbox 1493 4611 1544 4653; x_wconf 87' lang='lat' dir='ltr'><strong>ele·</strong></span> 
     </span>
     <span class='ocr_line' id='line_1_41' title="bbox 310 4681 1546 4739; baseline -0.005 -9"><span class='ocrx_word' id='word_1_378' title='bbox 310 4684 358 4737; x_wconf 60' lang='grc' dir='ltr'><strong>τιὴ</strong></span> <span class='ocrx_word' id='word_1_379' title='bbox 369 4685 400 4728; x_wconf 88' lang='lat' dir='ltr'><strong>iis</strong></span> <span class='ocrx_word' id='word_1_380' title='bbox 413 4690 486 4727; x_wconf 88' lang='lat' dir='ltr'><strong>certo</strong></span> <span class='ocrx_word' id='word_1_381' title='bbox 497 4684 606 4739; x_wconf 88' lang='lat' dir='ltr'><strong>quodam</strong></span> <span class='ocrx_word' id='word_1_382' title='bbox 614 4696 661 4727; x_wconf 89' lang='lat' dir='ltr'><strong>nec</strong></span> <span class='ocrx_word' id='word_1_383' title='bbox 671 4685 746 4737; x_wconf 74' lang='lat' dir='ltr'><strong>longo</strong></span> <span class='ocrx_word' id='word_1_384' title='bbox 758 4689 873 4735; x_wconf 88' lang='lat' dir='ltr'><strong>tempore</strong></span> <span class='ocrx_word' id='word_1_385' title='bbox 885 4690 964 4723; x_wconf 87' lang='lat' dir='ltr'><strong>curae</strong></span> <span class='ocrx_word' id='word_1_386' title='bbox 973 4686 1050 4721; x_wconf 81' lang='lat' dir='ltr'><strong>eraut</strong></span> <span class='ocrx_word' id='word_1_387' title='bbox 1066 4681 1259 4724; x_wconf 76' lang='lat' dir='ltr'><strong>communitatis</strong></span> <span class='ocrx_word' id='word_1_388' title='bbox 1273 4682 1378 4735; x_wconf 75' lang='lat' dir='ltr'><strong>negotia</strong></span> <span class='ocrx_word' id='word_1_389' title='bbox 1389 4691 1415 4726; x_wconf 84' lang='lat' dir='ltr'><strong>et</strong></span> <span class='ocrx_word' id='word_1_390' title='bbox 1432 4693 1497 4737; x_wconf 85' lang='lat' dir='ltr'><strong>quae</strong></span> <span class='ocrx_word' id='word_1_391' title='bbox 1513 4682 1546 4724; x_wconf 87' lang='lat' dir='ltr'><strong>ad</strong></span> 
     </span>
     <span class='ocr_line' id='line_1_42' title="bbox 312 4750 1055 4810; baseline -0.009 -10"><span class='ocrx_word' id='word_1_392' title='bbox 312 4757 492 4809; x_wconf 84' lang='lat' dir='ltr'><strong>securitatem,</strong></span> <span class='ocrx_word' id='word_1_393' title='bbox 503 4756 616 4810; x_wconf 87' lang='lat' dir='ltr'><strong>quietem</strong></span> <span class='ocrx_word' id='word_1_394' title='bbox 626 4762 652 4799; x_wconf 90' lang='lat' dir='ltr'><strong>et</strong></span> <span class='ocrx_word' id='word_1_395' title='bbox 663 4756 758 4799; x_wconf 84' lang='lat' dir='ltr'><strong>clvium</strong></span> <span class='ocrx_word' id='word_1_396' title='bbox 769 4759 884 4797; x_wconf 82' lang='lat' dir='ltr'><strong>tutamen</strong></span> <span class='ocrx_word' id='word_1_397' title='bbox 893 4750 1055 4803; x_wconf 87' lang='lat' dir='ltr'><strong>spectabant.</strong></span> 
     </span>
    </p>
   </div>
   <div class='ocr_carea' id='block_1_5' title="bbox 0 0 1864 5400">
    <p class='ocr_par' dir='ltr' id='par_1_9' title="bbox 0 0 1864 5400">
     <span class='ocr_line' id='line_1_43' title="bbox 0 0 1864 5400; baseline 0 1"><span class='ocrx_word' id='word_1_398' title='bbox 0 0 1864 5400; x_wconf 95' lang='lat' dir='ltr'><strong> </strong></span> 
     </span>
    </p>
   </div>
  </div>
 </body>
</html>
