3717 5400
377 486 429 544 180
832 486 961 546 (110100.
983 487 1059 544 Soc.
1080 487 1151 560 Jss.

372 633 444 694 rint
457 632 525 712 ipsi
540 633 825 695 concionandum
839 650 931 710 esse;
948 633 1041 712 quod
1058 641 1091 696 et
1114 633 1197 696 lecit
1220 633 1343 696 diebus
1366 633 1551 698 dominicis
1575 643 1610 697 et

372 737 483 816 sestis;
499 740 697 818 spiritualia
712 740 819 802 etiam
833 739 1004 802 exercitia
1020 741 1230 820 quibusdam
1246 741 1441 820 proposuit.

432 845 503 908 518.
547 845 694 925 Adiuvit
709 848 817 910 etiam
832 848 953 910 divina
968 847 1115 910 Bonitas
1134 863 1197 926 per
1217 847 1426 910 industriam
1448 865 1490 910 ac
1512 848 1607 912 labo-

371 971 448 1016 rem
461 952 507 1017 D.
523 953 731 1033 Hieronymi
748 952 884 1032 Vigues
903 963 937 1016 et
955 954 1103 1016 aliorum
1123 954 1344 1030 charitatem,
1366 963 1404 1018 ut
1420 954 1546 1018 domus
1569 955 1606 1018 in

372 1077 476 1124 usum
491 1060 641 1139 Collegii
652 1070 769 1140 empta
782 1070 816 1123 et
830 1060 995 1140 Augusto
1007 1077 1127 1124 meuse
1142 1060 1312 1123 solvenda
1330 1059 1350 1138 ¹,
1366 1062 1459 1124 solvi
1474 1071 1605 1141 posset,

378 1168 430 1230 ita
445 1179 484 1231 ut
498 1167 569 1231 duo
584 1168 693 1230 millia
709 1167 919 1231 ducatorum
935 1169 971 1230 in
987 1177 1174 1230 numerata
1190 1168 1340 1248 pecunia
1352 1169 1471 1232 statim
1483 1168 1608 1232 daren-

374 1285 444 1337 tur.
470 1274 525 1337 De
551 1276 687 1355 reliqua
712 1284 831 1337 autern
855 1291 1006 1350 summa,
1031 1292 1122 1352 quac
1142 1275 1313 1337 solvenda
1335 1284 1423 1351 erat,
1447 1291 1604 1352 censum,

376 1398 485 1462 supra
500 1382 626 1444 eadem
641 1381 745 1444 domo
762 1382 978 1460 impositum,
996 1381 1139 1444 domino
1155 1382 1282 1444 domus
1297 1381 1480 1458 dederunt,
1493 1381 1607 1444 donec

374 1489 546 1566 paulatim
567 1489 738 1568 temporis
753 1505 922 1551 successu
949 1489 1016 1550 hoc
1044 1505 1152 1550 onere
1168 1487 1365 1566 Collegium
1381 1489 1603 1552 liberaretur.

374 1594 554 1658 Particula
571 1606 690 1658 autem
707 1593 862 1674 ejusdem
880 1595 981 1669 situs,
995 1595 1052 1674 qui
1067 1594 1224 1672 Collegio
1237 1605 1359 1656 nostro
1375 1611 1444 1656 000
1457 1603 1534 1656 erat
1549 1613 1606 1658 ne·

374 1703 564 1779 cessariuS,
582 1702 744 1766 ducentis
759 1712 792 1764 et
808 1702 1065 1782 quinquaginta
1079 1701 1217 1764 ducatis
1229 1703 1373 1765 vendita
1387 1701 1463 1776 luit,
1478 1712 1605 1766 etcum

375 1808 421 1870 ad
436 1809 471 1873 id
489 1810 607 1873 Breve
622 1809 856 1888 apostolicum
877 1819 1055 1888 peteretur
1076 1810 1120 1870 ab
1141 1821 1314 1888 emptore,
1336 1827 1407 1871 non
1428 1809 1606 1873 existima·

374 1916 426 1978 vit
440 1914 479 1977 Ρ.
495 1915 655 1995 ignatius
670 1915 756 1978 illud
771 1933 849 1978 esse
861 1916 1083 1994 mittendum,
1097 1916 1159 1980 sed
1171 1915 1338 1978 facultate
1350 1917 1410 1978 illa
1422 1916 1603 1995 utendum,

371 2040 480 2103 quam
496 2024 653 2085 Litterae
668 2023 886 2102 apostolicae
901 2033 935 2085 et
952 2022 1229 2088 Constitutiones
1249 2035 1394 2086 nostrae
1416 2021 1604 2087 Societatis

373 2131 582 2210 Praeposito
597 2130 759 2209 generali
775 2130 945 2192 tribuunt.

434 2237 507 2300 519.
552 2237 732 2316 Acceptae
747 2236 889 2298 luerunt
905 2236 961 2298 bis
984 2237 1106 2300 diebus
1127 2238 1264 2299 litterae
1290 2235 1399 2316 Regis
1425 2235 1436 2267 '
1462 2237 1508 2301 ad
1532 2236 1605 2300 Du·

370 2362 449 2407 cem
475 2344 654 2407 Albanum
678 2341 702 2418 ³,
731 2358 776 2420 et,
804 2344 928 2407 eodem
952 2345 1108 2416 absente,
1137 2342 1181 2405 ad
1206 2343 1250 2406 D.
1277 2343 1535 2408 Bernardinum
1561 2346 1604 2408 de

371 2451 558 2528 Mendoza,
575 2470 596 2514 a
612 2468 683 2530 quo
698 2469 743 2514 ne
757 2451 792 2512 id
808 2452 951 2531 quidem
967 2452 1150 2531 impetrari
1166 2451 1279 2530 potuit
1295 2452 1415 2514 multis
1431 2452 1554 2516 diebus
1565 2463 1603 2516 ut

370 2559 506 2621 diceret
522 2558 604 2639 quid
619 2560 758 2621 litterae
774 2559 1005 2621 continerent.
1024 2559 1061 2622 Id
1078 2571 1196 2620 autem
1211 2557 1432 2636 credebatur,
1450 2558 1543 2638 quod
1559 2562 1602 2624 de

371 2667 498 2729 vacuis
513 2666 581 2729 illis
597 2666 686 2730 locis
700 2683 721 2727 a
738 2665 867 2729 Carolo
884 2663 917 2727 V
934 2665 1074 2729 donatis
1087 2665 1244 2743 Collegio
1261 2665 1481 2744 applicandis
1495 2663 1507 2696 ⁴
1522 2683 1603 2747 age·

370 2784 460 2836 rent.
477 2775 522 2837 Et
538 2775 703 2853 quamvis
713 2774 814 2836 initio
827 2772 999 2836 diffideret
1011 2773 1249 2853 Hieronymus
1261 2772 1399 2852 Vignes
1411 2773 1602 2853 quidquam

371 2898 417 2942 ex
431 2879 631 2959 hujusmodi
646 2881 772 2943 vacuis
787 2880 938 2942 obtineri
954 2896 1069 2958 posse,
1086 2896 1167 2941 cum
1188 2896 1304 2941 novus
1325 2879 1473 2943 Pro-rex
1493 2884 1602 2945 nollet

370 2988 415 3049 de
429 2988 499 3049 hoc
514 2989 659 3066 negotio
675 2988 824 3051 tractari
840 2988 981 3049 interim
997 2988 1081 3049 dum
1101 2988 1238 3063 classis,
1262 3005 1353 3067 quae
1376 2989 1411 3051 id
1433 2990 1602 3068 temporis

371 3096 623 3171 instruebatur,
640 3093 800 3173 profecta
816 3094 897 3156 inde
911 3111 982 3155 non
999 3104 1087 3170 erat,
1111 3108 1249 3172 partem
1270 3095 1460 3173 quamdam
1485 3096 1601 3176 hujus-

369 3202 464 3264 modi
480 3203 639 3264 loeorum
653 3218 861 3277 vacuorum,
879 3218 984 3279 quam
1003 3202 1096 3263 mille
1111 3211 1146 3262 et
1157 3200 1318 3263 ducentis
1330 3202 1447 3264 aureis
1460 3203 1603 3266 cuidam

368 3308 477 3371 nobili
499 3310 577 3371 viro
600 3308 823 3371 vendendam
845 3308 1115 3385 constituerant,
1137 3309 1309 3372 ducentos
1330 3311 1522 3373 amittendo
1547 3311 1602 3373 vel

369 3418 475 3495 paulo
487 3416 648 3494 amplius,
666 3416 779 3477 eidem
792 3416 901 3477 nobili
914 3414 1160 3495 vendiderunt,
1174 3433 1257 3478 nam
1270 3417 1407 3479 resilire
1420 3418 1476 3478 ille
1489 3436 1509 3479 a
1521 3434 1601 3497 pro·

370 3524 488 3585 missis
504 3523 657 3598 volebat,
675 3531 843 3584 ettamen
858 3522 1099 3602 Hieronymus
1114 3522 1263 3600 Vignes‚
1282 3524 1340 3602 qui
1357 3535 1477 3586 mutuo
1497 3542 1601 3603 pecu-

369 3629 464 3692 niam
481 3639 666 3707 acceptam
681 3646 726 3691 ex
745 3630 812 3691 hac
828 3646 964 3691 summa
985 3632 1163 3692 soluturus
1186 3639 1272 3707 erat,
1297 3631 1386 3693 ursit
1405 3632 1598 3710 negotium,

367 3738 534 3817 quamvis
550 3738 583 3799 ei
597 3736 725 3800 nobilis
744 3737 802 3798 ille
826 3737 1035 3810 minaretur;
1058 3746 1092 3798 et
1115 3734 1255 3799 demum
1277 3754 1356 3799 cum
1378 3738 1472 3801 bona
1493 3738 1599 3801 venia

366 3843 485 3907 Patris
502 3843 641 3921 Ignatii,
655 3842 794 3922 jactura
811 3844 870 3905 illa
885 3842 982 3906 sacta
998 3843 1233 3906 ducentorum
1245 3861 1445 3921 aureorum,
1463 3846 1599 3925 reliqua

364 3968 504 4014 summa
520 3961 730 4030 recuperata
749 3950 868 4012 multis
883 3950 1155 4013 necessitatibus
1171 3961 1373 4013 nostrorum
1389 3968 1492 4030 opem
1506 3952 1597 4017 tulit.

426 4058 471 4121 Et
485 4059 574 4121 haec
590 4057 632 4120 de
649 4056 807 4136 Collegio
827 4032 1074 4135 Neapolitano,

406 4373 414 4403 ¹
444 4372 511 4415 Vide
522 4383 610 4425 supra,
623 4378 641 4414 t.
652 4382 687 4424 tv,
699 4382 759 4425 pag.
769 4372 815 4422 179,
826 4382 851 4414 n.
861 4372 911 4425 377,
919 4378 946 4415 et
956 4382 1016 4426 pag.
1029 4373 1075 4424 187,
1086 4384 1110 4416 n.
1121 4374 1174 4417 399.

407 4444 419 4475 ¹
448 4444 560 4497 Philippi
572 4442 604 4486 11.

402 4516 415 4546 ³
443 4516 635 4559 Ferdinaudum
647 4515 761 4559 Alvarez
768 4515 799 4559 de
808 4514 913 4564 Tuledo,
922 4516 965 4569 qui
975 4519 1093 4569 pervenit
1106 4517 1143 4560 “in
1153 4516 1244 4573 Nupell
1252 4520 1278 4563 lu
1289 4520 1390 4573 qualittt
1397 4520 1422 4563 dl
1431 4519 1519 4563 vicere
1527 4520 1597 4565 uella

363 4590 413 4631 linc
425 4589 449 4631 dl
460 4590 618 4641 quest'anno
634 4586 707 4639 1110..
725 4588 869 4636 Grannona,
887 4588 987 4631 [steria
1004 4590 1085 4631 crolle
1102 4590 1145 4633 del
1165 4588 1257 4643 Regno
1271 4592 1300 4633 111
1318 4590 1425 4645 ll'apnlt',
1441 4592 1485 4634 llb.
1505 4602 1597 4645 uxtn,

364 4672 423 4706 ean.
435 4658 523 4701 l.-Cl.
533 4659 613 4701 eriam
623 4670 710 4711 supra,
722 4666 740 4701 t.
751 4669 787 4706 tv,
798 4669 858 4711 pag.
871 4659 916 4710 180,
929 4668 1015 4701 annot.
1026 4660 1049 4703 ¹2.

405 4731 417 4762 ⁴
445 4730 511 4773 Vide
521 4741 609 4783 supra,
621 4737 640 4771 t.
652 4740 688 4779 rv,
698 4740 758 4783 pag.
772 4728 816 4780 180,
828 4741 853 4772 0.
862 4730 911 4783 379,
922 4738 948 4773 et
960 4742 1020 4784 pag.
1034 4732 1079 4781 107,
1092 4743 1114 4775 0.
1124 4732 1174 4775 399.
