<?xml version="1.0" encoding="UTF-8"?>
<!DOCTYPE html PUBLIC "-//W3C//DTD XHTML 1.0 Transitional//EN"
    "http://www.w3.org/TR/xhtml1/DTD/xhtml1-transitional.dtd">
<html xmlns="http://www.w3.org/1999/xhtml" xml:lang="en" lang="en">
 <head>
  <title>
</title>
<meta http-equiv="Content-Type" content="text/html;charset=utf-8" />
  <meta name='ocr-system' content='tesseract 3.04.00' />
  <meta name='ocr-capabilities' content='ocr_page ocr_carea ocr_par ocr_line ocrx_word'/>
</head>
<body>
  <div class='ocr_page' id='page_1' title='image "./vitaignatiiloio01polagoog_0420.png"; bbox 0 0 3717 5400; ppageno 0'>
   <div class='ocr_carea' id='block_1_1' title="bbox 364 484 1142 555">
    <p class='ocr_par' dir='ltr' id='par_1_1' title="bbox 364 484 1142 555">
     <span class='ocr_line' id='line_1_1' title="bbox 364 484 1142 555; baseline -0.003 -14"><span class='ocrx_word' id='word_1_1' title='bbox 364 485 421 543; x_wconf 73' lang='lat' dir='ltr'><strong>tlt</strong></span> <span class='ocrx_word' id='word_1_2' title='bbox 824 484 953 543; x_wconf 78' lang='lat' dir='ltr'><strong>Canon.</strong></span> <span class='ocrx_word' id='word_1_3' title='bbox 975 484 1051 543; x_wconf 87' lang='lat' dir='ltr'>Soc.</span> <span class='ocrx_word' id='word_1_4' title='bbox 1072 486 1142 555; x_wconf 76' lang='lat' dir='ltr'><strong>jes.</strong></span> 
     </span>
    </p>
   </div>
   <div class='ocr_carea' id='block_1_2' title="bbox 363 628 1607 4454">
    <p class='ocr_par' dir='ltr' id='par_1_2' title="bbox 363 628 1607 1977">
     <span class='ocr_line' id='line_1_2' title="bbox 364 628 1604 710; baseline 0.002 -18"><span class='ocrx_word' id='word_1_5' title='bbox 364 629 475 708; x_wconf 82' lang='lat' dir='ltr'><strong>gisse,</strong></span> <span class='ocrx_word' id='word_1_6' title='bbox 491 638 630 693; x_wconf 91' lang='lat' dir='ltr'><strong>tantum</strong></span> <span class='ocrx_word' id='word_1_7' title='bbox 644 629 755 693; x_wconf 90' lang='lat' dir='ltr'><strong>animi</strong></span> <span class='ocrx_word' id='word_1_8' title='bbox 768 630 920 709; x_wconf 89' lang='lat' dir='ltr'>sumpsit</span> <span class='ocrx_word' id='word_1_9' title='bbox 937 638 973 692; x_wconf 94' lang='lat' dir='ltr'><strong>ut</strong></span> <span class='ocrx_word' id='word_1_10' title='bbox 987 628 1136 693; x_wconf 89' lang='lat' dir='ltr'>libenter</span> <span class='ocrx_word' id='word_1_11' title='bbox 1150 630 1236 692; x_wconf 91' lang='lat' dir='ltr'><strong>illud</strong></span> <span class='ocrx_word' id='word_1_12' title='bbox 1250 630 1433 710; x_wconf 87' lang='lat' dir='ltr'><strong>etreliqua</strong></span> <span class='ocrx_word' id='word_1_13' title='bbox 1450 631 1496 693; x_wconf 92' lang='lat' dir='ltr'><strong>sit</strong></span> <span class='ocrx_word' id='word_1_14' title='bbox 1516 648 1604 695; x_wconf 73' lang='lat' dir='ltr'><strong>con-</strong></span> 
     </span>
     <span class='ocr_line' id='line_1_3' title="bbox 366 734 1602 818; baseline 0.003 -19"><span class='ocrx_word' id='word_1_15' title='bbox 366 736 496 800; x_wconf 83' lang='lat' dir='ltr'><strong>sessus.</strong></span> <span class='ocrx_word' id='word_1_16' title='bbox 511 736 557 801; x_wconf 88' lang='lat' dir='ltr'><strong>Et</strong></span> <span class='ocrx_word' id='word_1_17' title='bbox 572 737 607 800; x_wconf 92' lang='lat' dir='ltr'><strong>in</strong></span> <span class='ocrx_word' id='word_1_18' title='bbox 622 736 691 799; x_wconf 92' lang='lat' dir='ltr'><strong>bac</strong></span> <span class='ocrx_word' id='word_1_19' title='bbox 705 746 809 818; x_wconf 89' lang='lat' dir='ltr'><strong>parte</strong></span> <span class='ocrx_word' id='word_1_20' title='bbox 830 736 973 817; x_wconf 87' lang='lat' dir='ltr'>plurimi</span> <span class='ocrx_word' id='word_1_21' title='bbox 994 754 1015 800; x_wconf 94' lang='lat' dir='ltr'><strong>a</strong></span> <span class='ocrx_word' id='word_1_22' title='bbox 1037 736 1115 801; x_wconf 92' lang='lat' dir='ltr'><strong>Deo</strong></span> <span class='ocrx_word' id='word_1_23' title='bbox 1139 734 1250 816; x_wconf 85' lang='lat' dir='ltr'><strong>adjuti</strong></span> <span class='ocrx_word' id='word_1_24' title='bbox 1269 737 1424 815; x_wconf 85' lang='lat' dir='ltr'><strong>luerunt,</strong></span> <span class='ocrx_word' id='word_1_25' title='bbox 1447 748 1486 800; x_wconf 93' lang='lat' dir='ltr'><strong>ut</strong></span> <span class='ocrx_word' id='word_1_26' title='bbox 1506 754 1602 818; x_wconf 85' lang='lat' dir='ltr'><strong>quae</strong></span> 
     </span>
     <span class='ocr_line' id='line_1_4' title="bbox 367 843 1598 925; baseline 0.003 -19"><span class='ocrx_word' id='word_1_27' title='bbox 367 861 561 925; x_wconf 90' lang='lat' dir='ltr'><strong>nunquam,</strong></span> <span class='ocrx_word' id='word_1_28' title='bbox 584 844 668 908; x_wconf 90' lang='lat' dir='ltr'><strong>dum</strong></span> <span class='ocrx_word' id='word_1_29' title='bbox 688 845 867 921; x_wconf 83' lang='lat' dir='ltr'>vixerant,</span> <span class='ocrx_word' id='word_1_30' title='bbox 889 844 1050 907; x_wconf 88' lang='lat' dir='ltr'><strong>confiteri</strong></span> <span class='ocrx_word' id='word_1_31' title='bbox 1069 843 1149 907; x_wconf 90' lang='lat' dir='ltr'><strong>aliis</strong></span> <span class='ocrx_word' id='word_1_32' title='bbox 1170 852 1372 925; x_wconf 91' lang='lat' dir='ltr'><strong>potuerant,</strong></span> <span class='ocrx_word' id='word_1_33' title='bbox 1395 845 1527 909; x_wconf 90' lang='lat' dir='ltr'><strong>nostris</strong></span> <span class='ocrx_word' id='word_1_34' title='bbox 1547 855 1598 909; x_wconf 84' lang='lat' dir='ltr'><strong>ta·</strong></span> 
     </span>
     <span class='ocr_line' id='line_1_5' title="bbox 365 950 1598 1031; baseline 0.002 -17"><span class='ocrx_word' id='word_1_35' title='bbox 365 968 449 1015; x_wconf 90' lang='lat' dir='ltr'><strong>men</strong></span> <span class='ocrx_word' id='word_1_36' title='bbox 463 951 602 1014; x_wconf 87' lang='lat' dir='ltr'><strong>sincere</strong></span> <span class='ocrx_word' id='word_1_37' title='bbox 617 950 879 1014; x_wconf 89' lang='lat' dir='ltr'><strong>confiterentur.</strong></span> <span class='ocrx_word' id='word_1_38' title='bbox 895 950 1006 1015; x_wconf 92' lang='lat' dir='ltr'><strong>Multo</strong></span> <span class='ocrx_word' id='word_1_39' title='bbox 1021 954 1141 1031; x_wconf 93' lang='lat' dir='ltr'><strong>plures</strong></span> <span class='ocrx_word' id='word_1_40' title='bbox 1152 962 1271 1015; x_wconf 88' lang='lat' dir='ltr'><strong>autem</strong></span> <span class='ocrx_word' id='word_1_41' title='bbox 1285 950 1438 1014; x_wconf 84' lang='lat' dir='ltr'>confessi</span> <span class='ocrx_word' id='word_1_42' title='bbox 1448 951 1598 1017; x_wconf 86' lang='lat' dir='ltr'><strong>luissent</strong></span> 
     </span>
     <span class='ocr_line' id='line_1_6' title="bbox 365 1058 1607 1137; baseline -0.001 -17"><span class='ocrx_word' id='word_1_43' title='bbox 365 1058 511 1136; x_wconf 77' lang='lat' dir='ltr'><strong>nostriS,</strong></span> <span class='ocrx_word' id='word_1_44' title='bbox 541 1058 572 1120; x_wconf 93' lang='lat' dir='ltr'><strong>si</strong></span> <span class='ocrx_word' id='word_1_45' title='bbox 595 1060 714 1137; x_wconf 90' lang='lat' dir='ltr'><strong>plures</strong></span> <span class='ocrx_word' id='word_1_46' title='bbox 738 1058 948 1121; x_wconf 84' lang='lat' dir='ltr'><strong>confessarii</strong></span> <span class='ocrx_word' id='word_1_47' title='bbox 973 1058 1055 1122; x_wconf 90' lang='lat' dir='ltr'><strong>huic</strong></span> <span class='ocrx_word' id='word_1_48' title='bbox 1079 1058 1275 1123; x_wconf 89' lang='lat' dir='ltr'><strong>ministerio</strong></span> <span class='ocrx_word' id='word_1_49' title='bbox 1303 1069 1505 1122; x_wconf 86' lang='lat' dir='ltr'><strong>vacassent.</strong></span> <span class='ocrx_word' id='word_1_50' title='bbox 1535 1060 1607 1123; x_wconf 81' lang='lat' dir='ltr'><strong>Eis.</strong></span> 
     </span>
     <span class='ocr_line' id='line_1_7' title="bbox 366 1152 1597 1246; baseline 0.003 -19"><span class='ocrx_word' id='word_1_51' title='bbox 366 1172 498 1242; x_wconf 89' lang='lat' dir='ltr'><strong>autem,</strong></span> <span class='ocrx_word' id='word_1_52' title='bbox 514 1167 575 1245; x_wconf 93' lang='lat' dir='ltr'><strong>qui</strong></span> <span class='ocrx_word' id='word_1_53' title='bbox 589 1165 678 1227; x_wconf 90' lang='lat' dir='ltr'><strong>satis</strong></span> <span class='ocrx_word' id='word_1_54' title='bbox 691 1167 794 1227; x_wconf 93' lang='lat' dir='ltr'><strong>multi</strong></span> <span class='ocrx_word' id='word_1_55' title='bbox 807 1166 942 1229; x_wconf 90' lang='lat' dir='ltr'><strong>nostris</strong></span> <span class='ocrx_word' id='word_1_56' title='bbox 956 1165 1224 1243; x_wconf 89' lang='lat' dir='ltr'><strong>confitebantur,</strong></span> <span class='ocrx_word' id='word_1_57' title='bbox 1239 1152 1445 1246; x_wconf 85' lang='lat' dir='ltr'><strong>persuaderi</strong></span> <span class='ocrx_word' id='word_1_58' title='bbox 1461 1167 1597 1231; x_wconf 83' lang='lat' dir='ltr'>solebat</span> 
     </span>
     <span class='ocr_line' id='line_1_8' title="bbox 365 1271 1596 1353; baseline 0.001 -19"><span class='ocrx_word' id='word_1_59' title='bbox 365 1271 539 1335; x_wconf 90' lang='lat' dir='ltr'><strong>orationis</strong></span> <span class='ocrx_word' id='word_1_60' title='bbox 554 1272 633 1352; x_wconf 91' lang='lat' dir='ltr'><strong>pius</strong></span> <span class='ocrx_word' id='word_1_61' title='bbox 647 1288 733 1335; x_wconf 90' lang='lat' dir='ltr'><strong>usus</strong></span> <span class='ocrx_word' id='word_1_62' title='bbox 748 1281 783 1334; x_wconf 92' lang='lat' dir='ltr'><strong>et</strong></span> <span class='ocrx_word' id='word_1_63' title='bbox 796 1272 1023 1352; x_wconf 85' lang='lat' dir='ltr'><strong>hospitalium</strong></span> <span class='ocrx_word' id='word_1_64' title='bbox 1039 1272 1196 1335; x_wconf 87' lang='lat' dir='ltr'><strong>visitatio</strong></span> <span class='ocrx_word' id='word_1_65' title='bbox 1209 1282 1247 1335; x_wconf 94' lang='lat' dir='ltr'><strong>ut</strong></span> <span class='ocrx_word' id='word_1_66' title='bbox 1262 1273 1477 1353; x_wconf 85' lang='lat' dir='ltr'><strong>pauperibus</strong></span> <span class='ocrx_word' id='word_1_67' title='bbox 1489 1274 1596 1337; x_wconf 90' lang='lat' dir='ltr'><strong>inser·</strong></span> 
     </span>
     <span class='ocr_line' id='line_1_9' title="bbox 363 1378 1597 1461; baseline 0.002 -21"><span class='ocrx_word' id='word_1_68' title='bbox 363 1378 495 1457; x_wconf 90' lang='lat' dir='ltr'><strong>virent,</strong></span> <span class='ocrx_word' id='word_1_69' title='bbox 511 1379 606 1459; x_wconf 89' lang='lat' dir='ltr'><strong>quod</strong></span> <span class='ocrx_word' id='word_1_70' title='bbox 620 1380 769 1443; x_wconf 88' lang='lat' dir='ltr'><strong>libenter</strong></span> <span class='ocrx_word' id='word_1_71' title='bbox 784 1378 931 1456; x_wconf 84' lang='lat' dir='ltr'><strong>iaciunt,</strong></span> <span class='ocrx_word' id='word_1_72' title='bbox 949 1391 983 1443; x_wconf 94' lang='lat' dir='ltr'><strong>et</strong></span> <span class='ocrx_word' id='word_1_73' title='bbox 998 1380 1080 1461; x_wconf 91' lang='lat' dir='ltr'><strong>quia</strong></span> <span class='ocrx_word' id='word_1_74' title='bbox 1096 1381 1195 1443; x_wconf 88' lang='lat' dir='ltr'><strong>multi</strong></span> <span class='ocrx_word' id='word_1_75' title='bbox 1210 1398 1333 1444; x_wconf 90' lang='lat' dir='ltr'><strong>eorum</strong></span> <span class='ocrx_word' id='word_1_76' title='bbox 1346 1382 1416 1444; x_wconf 92' lang='lat' dir='ltr'><strong>viri</strong></span> <span class='ocrx_word' id='word_1_77' title='bbox 1437 1382 1597 1459; x_wconf 90' lang='lat' dir='ltr'><strong>primarii</strong></span> 
     </span>
     <span class='ocr_line' id='line_1_10' title="bbox 365 1486 1597 1568; baseline 0.002 -21"><span class='ocrx_word' id='word_1_78' title='bbox 365 1494 468 1548; x_wconf 90' lang='lat' dir='ltr'><strong>erant</strong></span> <span class='ocrx_word' id='word_1_79' title='bbox 482 1486 519 1547; x_wconf 90' lang='lat' dir='ltr'><strong>in</strong></span> <span class='ocrx_word' id='word_1_80' title='bbox 534 1505 576 1547; x_wconf 87' lang='lat' dir='ltr'><strong>ea</strong></span> <span class='ocrx_word' id='word_1_81' title='bbox 591 1486 836 1562; x_wconf 86' lang='lat' dir='ltr'><strong>universitate,</strong></span> <span class='ocrx_word' id='word_1_82' title='bbox 852 1503 924 1548; x_wconf 92' lang='lat' dir='ltr'><strong>non</strong></span> <span class='ocrx_word' id='word_1_83' title='bbox 940 1488 1015 1549; x_wconf 90' lang='lat' dir='ltr'><strong>sine</strong></span> <span class='ocrx_word' id='word_1_84' title='bbox 1031 1504 1163 1567; x_wconf 89' lang='lat' dir='ltr'><strong>magna</strong></span> <span class='ocrx_word' id='word_1_85' title='bbox 1178 1486 1422 1551; x_wconf 90' lang='lat' dir='ltr'><strong>aedificatione</strong></span> <span class='ocrx_word' id='word_1_86' title='bbox 1436 1496 1597 1568; x_wconf 88' lang='lat' dir='ltr'><strong>spectan-</strong></span> 
     </span>
     <span class='ocr_line' id='line_1_11' title="bbox 365 1592 1597 1675; baseline 0.002 -21"><span class='ocrx_word' id='word_1_87' title='bbox 365 1592 454 1655; x_wconf 90' lang='lat' dir='ltr'><strong>tium</strong></span> <span class='ocrx_word' id='word_1_88' title='bbox 469 1592 525 1655; x_wconf 91' lang='lat' dir='ltr'><strong>his</strong></span> <span class='ocrx_word' id='word_1_89' title='bbox 540 1593 726 1655; x_wconf 89' lang='lat' dir='ltr'><strong>charitatis</strong></span> <span class='ocrx_word' id='word_1_90' title='bbox 741 1592 864 1655; x_wconf 89' lang='lat' dir='ltr'><strong>officiis</strong></span> <span class='ocrx_word' id='word_1_91' title='bbox 875 1592 1125 1673; x_wconf 84' lang='lat' dir='ltr'><strong>fungebantur.</strong></span> <span class='ocrx_word' id='word_1_92' title='bbox 1138 1593 1217 1657; x_wconf 90' lang='lat' dir='ltr'><strong>Hoc</strong></span> <span class='ocrx_word' id='word_1_93' title='bbox 1229 1605 1347 1658; x_wconf 91' lang='lat' dir='ltr'><strong>antem</strong></span> <span class='ocrx_word' id='word_1_94' title='bbox 1359 1594 1597 1675; x_wconf 81' lang='lat' dir='ltr'><strong>frequentissi-</strong></span> 
     </span>
     <span class='ocr_line' id='line_1_12' title="bbox 363 1700 1596 1780; baseline 0.005 -19"><span class='ocrx_word' id='word_1_95' title='bbox 363 1716 461 1762; x_wconf 91' lang='lat' dir='ltr'><strong>mum</strong></span> <span class='ocrx_word' id='word_1_96' title='bbox 476 1709 553 1761; x_wconf 89' lang='lat' dir='ltr'><strong>erat</strong></span> <span class='ocrx_word' id='word_1_97' title='bbox 568 1708 608 1762; x_wconf 91' lang='lat' dir='ltr'><strong>ut</strong></span> <span class='ocrx_word' id='word_1_98' title='bbox 622 1700 682 1780; x_wconf 92' lang='lat' dir='ltr'><strong>qui</strong></span> <span class='ocrx_word' id='word_1_99' title='bbox 697 1700 938 1764; x_wconf 86' lang='lat' dir='ltr'><strong>consessiones</strong></span> <span class='ocrx_word' id='word_1_100' title='bbox 961 1704 1147 1776; x_wconf 76' lang='lat' dir='ltr'><strong>generales</strong></span> <span class='ocrx_word' id='word_1_101' title='bbox 1165 1703 1261 1765; x_wconf 89' lang='lat' dir='ltr'><strong>vitae</strong></span> <span class='ocrx_word' id='word_1_102' title='bbox 1286 1702 1394 1764; x_wconf 90' lang='lat' dir='ltr'><strong>totius</strong></span> <span class='ocrx_word' id='word_1_103' title='bbox 1419 1701 1596 1767; x_wconf 86' lang='lat' dir='ltr'><strong>faciebant</strong></span> 
     </span>
     <span class='ocr_line' id='line_1_13' title="bbox 363 1807 1597 1888; baseline 0.003 -21"><span class='ocrx_word' id='word_1_104' title='bbox 363 1807 423 1869; x_wconf 89' lang='lat' dir='ltr'><strong>vel</strong></span> <span class='ocrx_word' id='word_1_105' title='bbox 433 1807 626 1869; x_wconf 87' lang='lat' dir='ltr'><strong>multorum</strong></span> <span class='ocrx_word' id='word_1_106' title='bbox 637 1824 823 1887; x_wconf 90' lang='lat' dir='ltr'><strong>annorum,</strong></span> <span class='ocrx_word' id='word_1_107' title='bbox 837 1825 918 1871; x_wconf 90' lang='lat' dir='ltr'><strong>curn</strong></span> <span class='ocrx_word' id='word_1_108' title='bbox 933 1808 1106 1888; x_wconf 84' lang='lat' dir='ltr'><strong>singulari</strong></span> <span class='ocrx_word' id='word_1_109' title='bbox 1121 1808 1228 1872; x_wconf 88' lang='lat' dir='ltr'><strong>animi</strong></span> <span class='ocrx_word' id='word_1_110' title='bbox 1244 1808 1485 1871; x_wconf 90' lang='lat' dir='ltr'><strong>consolatione</strong></span> <span class='ocrx_word' id='word_1_111' title='bbox 1500 1827 1522 1871; x_wconf 93' lang='lat' dir='ltr'><strong>a</strong></span> <span class='ocrx_word' id='word_1_112' title='bbox 1536 1826 1597 1871; x_wconf 92' lang='lat' dir='ltr'><strong>no·</strong></span> 
     </span>
     <span class='ocr_line' id='line_1_14' title="bbox 364 1914 683 1977; baseline 0 -4"><span class='ocrx_word' id='word_1_113' title='bbox 364 1914 449 1976; x_wconf 86' lang='lat' dir='ltr'><strong>stris</strong></span> <span class='ocrx_word' id='word_1_114' title='bbox 463 1914 683 1977; x_wconf 90' lang='lat' dir='ltr'><strong>recederent.</strong></span> 
     </span>
    </p>

    <p class='ocr_par' dir='ltr' id='par_1_3' title="bbox 364 2020 1606 4132">
     <span class='ocr_line' id='line_1_15' title="bbox 429 2020 1595 2101; baseline 0.003 -19"><span class='ocrx_word' id='word_1_115' title='bbox 429 2020 516 2084; x_wconf 89' lang='lat'>1107.</span> <span class='ocrx_word' id='word_1_116' title='bbox 563 2020 802 2085; x_wconf 90' lang='lat' dir='ltr'><strong>Concionator</strong></span> <span class='ocrx_word' id='word_1_117' title='bbox 828 2024 944 2086; x_wconf 89' lang='lat' dir='ltr'><strong>nullus</strong></span> <span class='ocrx_word' id='word_1_118' title='bbox 970 2023 1121 2101; x_wconf 85' lang='lat' dir='ltr'><strong>insignis</strong></span> <span class='ocrx_word' id='word_1_119' title='bbox 1145 2021 1213 2085; x_wconf 89' lang='lat' dir='ltr'><strong>hoc</strong></span> <span class='ocrx_word' id='word_1_120' title='bbox 1238 2040 1331 2085; x_wconf 89' lang='lat' dir='ltr'><strong>anno</strong></span> <span class='ocrx_word' id='word_1_121' title='bbox 1357 2021 1595 2087; x_wconf 89' lang='lat' dir='ltr'><strong>Salmanticae</strong></span> 
     </span>
     <span class='ocr_line' id='line_1_16' title="bbox 366 2126 1596 2206; baseline 0.001 -16"><span class='ocrx_word' id='word_1_122' title='bbox 366 2127 432 2191; x_wconf 89' lang='lat' dir='ltr'><strong>suit</strong></span> <span class='ocrx_word' id='word_1_123' title='bbox 447 2128 491 2190; x_wconf 91' lang='lat' dir='ltr'><strong>de</strong></span> <span class='ocrx_word' id='word_1_124' title='bbox 506 2126 683 2191; x_wconf 89' lang='lat' dir='ltr'><strong>Societate</strong></span> <span class='ocrx_word' id='word_1_125' title='bbox 697 2138 831 2206; x_wconf 73' lang='lat' dir='ltr'><strong>nostra,</strong></span> <span class='ocrx_word' id='word_1_126' title='bbox 847 2129 1077 2192; x_wconf 91' lang='lat' dir='ltr'><strong>nihilominus</strong></span> <span class='ocrx_word' id='word_1_127' title='bbox 1090 2130 1125 2192; x_wconf 93' lang='lat' dir='ltr'><strong>in</strong></span> <span class='ocrx_word' id='word_1_128' title='bbox 1140 2130 1292 2192; x_wconf 90' lang='lat' dir='ltr'><strong>ecclesia</strong></span> <span class='ocrx_word' id='word_1_129' title='bbox 1307 2130 1522 2192; x_wconf 85' lang='lat' dir='ltr'><strong>christianae</strong></span> <span class='ocrx_word' id='word_1_130' title='bbox 1537 2129 1596 2191; x_wconf 92' lang='lat' dir='ltr'><strong>do·</strong></span> 
     </span>
     <span class='ocr_line' id='line_1_17' title="bbox 365 2234 1596 2319; baseline 0.002 -22"><span class='ocrx_word' id='word_1_131' title='bbox 365 2234 501 2297; x_wconf 88' lang='lat' dir='ltr'><strong>ctrinae</strong></span> <span class='ocrx_word' id='word_1_132' title='bbox 515 2235 686 2297; x_wconf 88' lang='lat' dir='ltr'><strong>lectiones</strong></span> <span class='ocrx_word' id='word_1_133' title='bbox 707 2246 813 2316; x_wconf 86' lang='lat' dir='ltr'><strong>atque</strong></span> <span class='ocrx_word' id='word_1_134' title='bbox 828 2236 1093 2299; x_wconf 84' lang='lat' dir='ltr'><strong>exhortationes</strong></span> <span class='ocrx_word' id='word_1_135' title='bbox 1109 2254 1129 2297; x_wconf 91' lang='lat' dir='ltr'><strong>a</strong></span> <span class='ocrx_word' id='word_1_136' title='bbox 1149 2236 1272 2319; x_wconf 80' lang='lat' dir='ltr'><strong>primis</strong></span> <span class='ocrx_word' id='word_1_137' title='bbox 1291 2236 1470 2299; x_wconf 89' lang='lat' dir='ltr'><strong>mensibus</strong></span> <span class='ocrx_word' id='word_1_138' title='bbox 1490 2236 1596 2299; x_wconf 89' lang='lat' dir='ltr'><strong>conti·</strong></span> 
     </span>
     <span class='ocr_line' id='line_1_18' title="bbox 365 2340 1595 2422; baseline 0.002 -19"><span class='ocrx_word' id='word_1_139' title='bbox 365 2351 496 2404; x_wconf 90' lang='lat' dir='ltr'><strong>nuatae</strong></span> <span class='ocrx_word' id='word_1_140' title='bbox 509 2340 664 2420; x_wconf 86' lang='lat' dir='ltr'><strong>luerunt;</strong></span> <span class='ocrx_word' id='word_1_141' title='bbox 681 2350 717 2404; x_wconf 92' lang='lat' dir='ltr'><strong>et</strong></span> <span class='ocrx_word' id='word_1_142' title='bbox 733 2342 897 2422; x_wconf 89' lang='lat' dir='ltr'><strong>quamvis</strong></span> <span class='ocrx_word' id='word_1_143' title='bbox 908 2342 1094 2405; x_wconf 91' lang='lat' dir='ltr'><strong>dominicis</strong></span> <span class='ocrx_word' id='word_1_144' title='bbox 1109 2342 1231 2415; x_wconf 89' lang='lat' dir='ltr'><strong>diebus</strong></span> <span class='ocrx_word' id='word_1_145' title='bbox 1245 2351 1324 2422; x_wconf 92' lang='lat' dir='ltr'><strong>post</strong></span> <span class='ocrx_word' id='word_1_146' title='bbox 1338 2342 1525 2422; x_wconf 89' lang='lat' dir='ltr'><strong>prandium</strong></span> <span class='ocrx_word' id='word_1_147' title='bbox 1536 2342 1595 2405; x_wconf 88' lang='lat' dir='ltr'><strong>fie-</strong></span> 
     </span>
     <span class='ocr_line' id='line_1_19' title="bbox 364 2435 1597 2529; baseline 0.001 -19"><span class='ocrx_word' id='word_1_148' title='bbox 364 2457 455 2525; x_wconf 87' lang='lat' dir='ltr'><strong>rent,</strong></span> <span class='ocrx_word' id='word_1_149' title='bbox 466 2464 537 2528; x_wconf 89' lang='lat' dir='ltr'><strong>qua</strong></span> <span class='ocrx_word' id='word_1_150' title='bbox 545 2448 635 2511; x_wconf 91' lang='lat' dir='ltr'><strong>hora</strong></span> <span class='ocrx_word' id='word_1_151' title='bbox 643 2435 714 2511; x_wconf 85' lang='lat' dir='ltr'><strong>non</strong></span> <span class='ocrx_word' id='word_1_152' title='bbox 722 2450 811 2511; x_wconf 91' lang='lat' dir='ltr'><strong>solet</strong></span> <span class='ocrx_word' id='word_1_153' title='bbox 821 2450 972 2529; x_wconf 92' lang='lat' dir='ltr'><strong>populus</strong></span> <span class='ocrx_word' id='word_1_154' title='bbox 984 2451 1041 2512; x_wconf 93' lang='lat' dir='ltr'><strong>ille</strong></span> <span class='ocrx_word' id='word_1_155' title='bbox 1054 2451 1098 2512; x_wconf 91' lang='lat' dir='ltr'><strong>ad</strong></span> <span class='ocrx_word' id='word_1_156' title='bbox 1111 2450 1301 2513; x_wconf 89' lang='lat' dir='ltr'><strong>conciones</strong></span> <span class='ocrx_word' id='word_1_157' title='bbox 1312 2450 1495 2529; x_wconf 85' lang='lat' dir='ltr'><strong>accedere,</strong></span> <span class='ocrx_word' id='word_1_158' title='bbox 1509 2450 1597 2512; x_wconf 87' lang='lat' dir='ltr'><strong>nihi-</strong></span> 
     </span>
     <span class='ocr_line' id='line_1_20' title="bbox 366 2540 1596 2634; baseline 0.005 -19"><span class='ocrx_word' id='word_1_159' title='bbox 366 2554 518 2617; x_wconf 92' lang='lat' dir='ltr'><strong>lominus</strong></span> <span class='ocrx_word' id='word_1_160' title='bbox 533 2563 606 2617; x_wconf 92' lang='lat' dir='ltr'><strong>tam</strong></span> <span class='ocrx_word' id='word_1_161' title='bbox 626 2553 829 2634; x_wconf 85' lang='lat' dir='ltr'><strong>frequentes</strong></span> <span class='ocrx_word' id='word_1_162' title='bbox 845 2555 1037 2634; x_wconf 78' lang='lat' dir='ltr'><strong>auditoreS,</strong></span> <span class='ocrx_word' id='word_1_163' title='bbox 1054 2567 1127 2618; x_wconf 89' lang='lat' dir='ltr'><strong>tum</strong></span> <span class='ocrx_word' id='word_1_164' title='bbox 1144 2574 1188 2619; x_wconf 87' lang='lat' dir='ltr'><strong>ex</strong></span> <span class='ocrx_word' id='word_1_165' title='bbox 1203 2556 1437 2633; x_wconf 65' lang='lat' dir='ltr'><strong>scholasticis</strong></span> <span class='ocrx_word' id='word_1_166' title='bbox 1454 2565 1527 2619; x_wconf 91' lang='lat' dir='ltr'><strong>tum</strong></span> <span class='ocrx_word' id='word_1_167' title='bbox 1551 2540 1596 2621; x_wconf 80' lang='lat' dir='ltr'><strong>ex</strong></span> 
     </span>
     <span class='ocr_line' id='line_1_21' title="bbox 365 2660 1596 2744; baseline 0.003 -22"><span class='ocrx_word' id='word_1_168' title='bbox 365 2660 547 2739; x_wconf 89' lang='lat' dir='ltr'><strong>primariis</strong></span> <span class='ocrx_word' id='word_1_169' title='bbox 562 2660 711 2739; x_wconf 65' lang='lat' dir='ltr'><strong>civibus</strong></span> <span class='ocrx_word' id='word_1_170' title='bbox 729 2662 999 2742; x_wconf 85' lang='lat' dir='ltr'><strong>conveniebant,</strong></span> <span class='ocrx_word' id='word_1_171' title='bbox 1018 2673 1054 2726; x_wconf 92' lang='lat' dir='ltr'><strong>ut</strong></span> <span class='ocrx_word' id='word_1_172' title='bbox 1070 2662 1271 2727; x_wconf 89' lang='lat' dir='ltr'><strong>dubitarent</strong></span> <span class='ocrx_word' id='word_1_173' title='bbox 1285 2664 1398 2728; x_wconf 91' lang='lat' dir='ltr'><strong>nostri</strong></span> <span class='ocrx_word' id='word_1_174' title='bbox 1418 2680 1502 2727; x_wconf 92' lang='lat' dir='ltr'><strong>num</strong></span> <span class='ocrx_word' id='word_1_175' title='bbox 1522 2665 1596 2744; x_wconf 91' lang='lat' dir='ltr'><strong>plu·</strong></span> 
     </span>
     <span class='ocr_line' id='line_1_22' title="bbox 366 2767 1606 2849; baseline 0.002 -20"><span class='ocrx_word' id='word_1_176' title='bbox 366 2783 424 2830; x_wconf 86' lang='lat' dir='ltr'><strong>res</strong></span> <span class='ocrx_word' id='word_1_177' title='bbox 450 2767 486 2830; x_wconf 91' lang='lat' dir='ltr'><strong>in</strong></span> <span class='ocrx_word' id='word_1_178' title='bbox 506 2768 659 2830; x_wconf 90' lang='lat' dir='ltr'><strong>ecclesia</strong></span> <span class='ocrx_word' id='word_1_179' title='bbox 679 2786 725 2831; x_wconf 90' lang='lat' dir='ltr'><strong>an</strong></span> <span class='ocrx_word' id='word_1_180' title='bbox 745 2769 781 2831; x_wconf 94' lang='lat' dir='ltr'><strong>in</strong></span> <span class='ocrx_word' id='word_1_181' title='bbox 800 2769 861 2830; x_wconf 90' lang='lat' dir='ltr'><strong>via</strong></span> <span class='ocrx_word' id='word_1_182' title='bbox 880 2769 1021 2849; x_wconf 87' lang='lat' dir='ltr'><strong>publica</strong></span> <span class='ocrx_word' id='word_1_183' title='bbox 1047 2770 1092 2833; x_wconf 90' lang='lat' dir='ltr'><strong>ad</strong></span> <span class='ocrx_word' id='word_1_184' title='bbox 1119 2772 1183 2833; x_wconf 88' lang='lat' dir='ltr'><strong>has</strong></span> <span class='ocrx_word' id='word_1_185' title='bbox 1209 2771 1379 2834; x_wconf 90' lang='lat' dir='ltr'><strong>lectiones</strong></span> <span class='ocrx_word' id='word_1_186' title='bbox 1403 2769 1606 2834; x_wconf 67' lang='lat' dir='ltr'><strong>audiendas,</strong></span> 
     </span>
     <span class='ocr_line' id='line_1_23' title="bbox 366 2874 1597 2957; baseline 0.002 -21"><span class='ocrx_word' id='word_1_187' title='bbox 366 2874 610 2953; x_wconf 87' lang='lat' dir='ltr'><strong>subsisterent,</strong></span> <span class='ocrx_word' id='word_1_188' title='bbox 628 2875 769 2939; x_wconf 90' lang='lat' dir='ltr'><strong>omissis</strong></span> <span class='ocrx_word' id='word_1_189' title='bbox 784 2875 871 2954; x_wconf 74' lang='lat' dir='ltr'><strong>illie,</strong></span> <span class='ocrx_word' id='word_1_190' title='bbox 891 2876 950 2956; x_wconf 94' lang='lat' dir='ltr'><strong>qui</strong></span> <span class='ocrx_word' id='word_1_191' title='bbox 969 2876 1182 2940; x_wconf 89' lang='lat' dir='ltr'><strong>recedebant</strong></span> <span class='ocrx_word' id='word_1_192' title='bbox 1201 2877 1294 2957; x_wconf 92' lang='lat' dir='ltr'><strong>quod</strong></span> <span class='ocrx_word' id='word_1_193' title='bbox 1309 2879 1426 2940; x_wconf 91' lang='lat' dir='ltr'><strong>locum</strong></span> <span class='ocrx_word' id='word_1_194' title='bbox 1445 2895 1516 2940; x_wconf 91' lang='lat' dir='ltr'><strong>non</strong></span> <span class='ocrx_word' id='word_1_195' title='bbox 1539 2879 1597 2940; x_wconf 77' lang='lat' dir='ltr'><strong>lra-</strong></span> 
     </span>
     <span class='ocr_line' id='line_1_24' title="bbox 365 2981 1596 3062; baseline 0.005 -20"><span class='ocrx_word' id='word_1_196' title='bbox 365 2981 525 3043; x_wconf 92' lang='lat' dir='ltr'><strong>buissent</strong></span> <span class='ocrx_word' id='word_1_197' title='bbox 541 2991 622 3044; x_wconf 91' lang='lat' dir='ltr'><strong>ante</strong></span> <span class='ocrx_word' id='word_1_198' title='bbox 638 2990 787 3062; x_wconf 92' lang='lat' dir='ltr'><strong>tempus.</strong></span> <span class='ocrx_word' id='word_1_199' title='bbox 803 2983 848 3045; x_wconf 91' lang='lat' dir='ltr'><strong>Et</strong></span> <span class='ocrx_word' id='word_1_200' title='bbox 863 3001 905 3046; x_wconf 91' lang='lat' dir='ltr'><strong>ea</strong></span> <span class='ocrx_word' id='word_1_201' title='bbox 920 2983 998 3046; x_wconf 86' lang='lat' dir='ltr'><strong>sitis</strong></span> <span class='ocrx_word' id='word_1_202' title='bbox 1014 2995 1090 3046; x_wconf 91' lang='lat' dir='ltr'><strong>erat</strong></span> <span class='ocrx_word' id='word_1_203' title='bbox 1101 2984 1267 3047; x_wconf 92' lang='lat' dir='ltr'><strong>audiendi</strong></span> <span class='ocrx_word' id='word_1_204' title='bbox 1279 2985 1377 3047; x_wconf 92' lang='lat' dir='ltr'><strong>verbi</strong></span> <span class='ocrx_word' id='word_1_205' title='bbox 1388 2983 1466 3062; x_wconf 87' lang='lat' dir='ltr'><strong>Dei,</strong></span> <span class='ocrx_word' id='word_1_206' title='bbox 1482 2993 1520 3047; x_wconf 93' lang='lat' dir='ltr'><strong>ut</strong></span> <span class='ocrx_word' id='word_1_207' title='bbox 1536 2986 1596 3048; x_wconf 86' lang='lat' dir='ltr'><strong>ali·</strong></span> 
     </span>
     <span class='ocr_line' id='line_1_25' title="bbox 365 3087 1597 3173; baseline 0.005 -24"><span class='ocrx_word' id='word_1_208' title='bbox 365 3087 426 3167; x_wconf 91' lang='lat' dir='ltr'><strong>qui</strong></span> <span class='ocrx_word' id='word_1_209' title='bbox 441 3087 543 3150; x_wconf 90' lang='lat' dir='ltr'><strong>sedes</strong></span> <span class='ocrx_word' id='word_1_210' title='bbox 559 3105 644 3152; x_wconf 87' lang='lat' dir='ltr'><strong>suas</strong></span> <span class='ocrx_word' id='word_1_211' title='bbox 659 3089 696 3151; x_wconf 92' lang='lat' dir='ltr'><strong>in</strong></span> <span class='ocrx_word' id='word_1_212' title='bbox 710 3090 850 3169; x_wconf 89' lang='lat' dir='ltr'><strong>publica</strong></span> <span class='ocrx_word' id='word_1_213' title='bbox 864 3091 926 3154; x_wconf 92' lang='lat' dir='ltr'><strong>via</strong></span> <span class='ocrx_word' id='word_1_214' title='bbox 938 3092 1103 3154; x_wconf 90' lang='lat' dir='ltr'><strong>constitui</strong></span> <span class='ocrx_word' id='word_1_215' title='bbox 1116 3091 1289 3171; x_wconf 88' lang='lat' dir='ltr'><strong>juberent,</strong></span> <span class='ocrx_word' id='word_1_216' title='bbox 1302 3110 1337 3155; x_wconf 90' lang='lat' dir='ltr'><strong>et</strong></span> <span class='ocrx_word' id='word_1_217' title='bbox 1349 3092 1491 3173; x_wconf 91' lang='lat' dir='ltr'><strong>quidem</strong></span> <span class='ocrx_word' id='word_1_218' title='bbox 1503 3092 1597 3156; x_wconf 89' lang='lat' dir='ltr'><strong>inter</strong></span> 
     </span>
     <span class='ocr_line' id='line_1_26' title="bbox 365 3195 1597 3279; baseline 0.005 -23"><span class='ocrx_word' id='word_1_219' title='bbox 365 3210 428 3256; x_wconf 91' lang='lat' dir='ltr'><strong>eos</strong></span> <span class='ocrx_word' id='word_1_220' title='bbox 443 3195 552 3275; x_wconf 88' lang='lat' dir='ltr'><strong>aliqui</strong></span> <span class='ocrx_word' id='word_1_221' title='bbox 567 3214 639 3258; x_wconf 92' lang='lat' dir='ltr'><strong>non</strong></span> <span class='ocrx_word' id='word_1_222' title='bbox 654 3197 805 3275; x_wconf 82' lang='lat' dir='ltr'><strong>exiguae</strong></span> <span class='ocrx_word' id='word_1_223' title='bbox 819 3198 1043 3261; x_wconf 87' lang='lat' dir='ltr'><strong>auctoritatis</strong></span> <span class='ocrx_word' id='word_1_224' title='bbox 1058 3199 1217 3262; x_wconf 87' lang='lat' dir='ltr'><strong>homines</strong></span> <span class='ocrx_word' id='word_1_225' title='bbox 1232 3210 1346 3262; x_wconf 87' lang='lat' dir='ltr'><strong>erant.</strong></span> <span class='ocrx_word' id='word_1_226' title='bbox 1363 3199 1483 3279; x_wconf 84' lang='lat' dir='ltr'><strong>Aliqui</strong></span> <span class='ocrx_word' id='word_1_227' title='bbox 1504 3199 1597 3262; x_wconf 87' lang='lat' dir='ltr'><strong>dice·</strong></span> 
     </span>
     <span class='ocr_line' id='line_1_27' title="bbox 366 3301 1595 3385; baseline 0.007 -22"><span class='ocrx_word' id='word_1_228' title='bbox 366 3303 451 3364; x_wconf 89' lang='lat' dir='ltr'><strong>bant</strong></span> <span class='ocrx_word' id='word_1_229' title='bbox 472 3301 518 3365; x_wconf 93' lang='lat' dir='ltr'><strong>ad</strong></span> <span class='ocrx_word' id='word_1_230' title='bbox 541 3301 713 3382; x_wconf 88' lang='lat' dir='ltr'><strong>majorem</strong></span> <span class='ocrx_word' id='word_1_231' title='bbox 736 3305 891 3385; x_wconf 88' lang='lat' dir='ltr'><strong>aliquam</strong></span> <span class='ocrx_word' id='word_1_232' title='bbox 912 3306 1101 3368; x_wconf 88' lang='lat' dir='ltr'><strong>ecclesiam</strong></span> <span class='ocrx_word' id='word_1_233' title='bbox 1120 3306 1213 3369; x_wconf 91' lang='lat' dir='ltr'><strong>hauc</strong></span> <span class='ocrx_word' id='word_1_234' title='bbox 1234 3307 1422 3370; x_wconf 86' lang='lat' dir='ltr'><strong>lectionem</strong></span> <span class='ocrx_word' id='word_1_235' title='bbox 1444 3308 1501 3370; x_wconf 89' lang='lat' dir='ltr'><strong>vel</strong></span> <span class='ocrx_word' id='word_1_236' title='bbox 1515 3324 1595 3372; x_wconf 87' lang='lat' dir='ltr'><strong>con·</strong></span> 
     </span>
     <span class='ocr_line' id='line_1_28' title="bbox 366 3408 1595 3492; baseline 0.007 -22"><span class='ocrx_word' id='word_1_237' title='bbox 366 3408 504 3472; x_wconf 90' lang='lat' dir='ltr'><strong>cionem</strong></span> <span class='ocrx_word' id='word_1_238' title='bbox 518 3409 707 3473; x_wconf 85' lang='lat' dir='ltr'><strong>transferri</strong></span> <span class='ocrx_word' id='word_1_239' title='bbox 721 3410 860 3488; x_wconf 89' lang='lat' dir='ltr'><strong>debere;</strong></span> <span class='ocrx_word' id='word_1_240' title='bbox 878 3412 938 3474; x_wconf 90' lang='lat' dir='ltr'><strong>alii</strong></span> <span class='ocrx_word' id='word_1_241' title='bbox 951 3414 1157 3492; x_wconf 89' lang='lat' dir='ltr'><strong>ampliorem</strong></span> <span class='ocrx_word' id='word_1_242' title='bbox 1172 3413 1360 3477; x_wconf 90' lang='lat' dir='ltr'><strong>ecclesiam</strong></span> <span class='ocrx_word' id='word_1_243' title='bbox 1378 3425 1537 3478; x_wconf 89' lang='lat' dir='ltr'><strong>nostram</strong></span> <span class='ocrx_word' id='word_1_244' title='bbox 1553 3433 1595 3478; x_wconf 88' lang='lat' dir='ltr'><strong>ac</strong></span> 
     </span>
     <span class='ocr_line' id='line_1_29' title="bbox 365 3515 1595 3601; baseline 0.003 -21"><span class='ocrx_word' id='word_1_245' title='bbox 365 3515 509 3580; x_wconf 91' lang='lat' dir='ltr'><strong>domurn</strong></span> <span class='ocrx_word' id='word_1_246' title='bbox 535 3516 581 3578; x_wconf 91' lang='lat' dir='ltr'><strong>ad</strong></span> <span class='ocrx_word' id='word_1_247' title='bbox 605 3517 673 3578; x_wconf 93' lang='lat' dir='ltr'><strong>hoc</strong></span> <span class='ocrx_word' id='word_1_248' title='bbox 699 3517 814 3596; x_wconf 91' lang='lat' dir='ltr'><strong>ipsum</strong></span> <span class='ocrx_word' id='word_1_249' title='bbox 834 3517 924 3581; x_wconf 89' lang='lat' dir='ltr'><strong>effici</strong></span> <span class='ocrx_word' id='word_1_250' title='bbox 950 3520 1130 3599; x_wconf 88' lang='lat' dir='ltr'><strong>optabant.</strong></span> <span class='ocrx_word' id='word_1_251' title='bbox 1158 3518 1238 3583; x_wconf 91' lang='lat' dir='ltr'><strong>Fuit</strong></span> <span class='ocrx_word' id='word_1_252' title='bbox 1263 3520 1490 3584; x_wconf 91' lang='lat' dir='ltr'><strong>nihilominus</strong></span> <span class='ocrx_word' id='word_1_253' title='bbox 1516 3533 1595 3601; x_wconf 90' lang='lat' dir='ltr'><strong>post</strong></span> 
     </span>
     <span class='ocr_line' id='line_1_30' title="bbox 365 3622 1594 3709; baseline 0.005 -23"><span class='ocrx_word' id='word_1_254' title='bbox 365 3622 500 3702; x_wconf 90' lang='lat' dir='ltr'><strong>aliquot</strong></span> <span class='ocrx_word' id='word_1_255' title='bbox 524 3639 664 3685; x_wconf 89' lang='lat' dir='ltr'><strong>menses</strong></span> <span class='ocrx_word' id='word_1_256' title='bbox 690 3624 757 3687; x_wconf 90' lang='lat' dir='ltr'><strong>hoc</strong></span> <span class='ocrx_word' id='word_1_257' title='bbox 784 3626 998 3689; x_wconf 87' lang='lat' dir='ltr'><strong>concionum</strong></span> <span class='ocrx_word' id='word_1_258' title='bbox 1019 3642 1133 3705; x_wconf 91' lang='lat' dir='ltr'><strong>genus</strong></span> <span class='ocrx_word' id='word_1_259' title='bbox 1158 3627 1330 3704; x_wconf 88' lang='lat' dir='ltr'><strong>relictum,</strong></span> <span class='ocrx_word' id='word_1_260' title='bbox 1354 3637 1428 3690; x_wconf 91' lang='lat' dir='ltr'><strong>tum</strong></span> <span class='ocrx_word' id='word_1_261' title='bbox 1448 3638 1594 3709; x_wconf 92' lang='lat' dir='ltr'><strong>propter</strong></span> 
     </span>
     <span class='ocr_line' id='line_1_31' title="bbox 364 3730 1592 3815; baseline 0.007 -25"><span class='ocrx_word' id='word_1_262' title='bbox 364 3730 454 3791; x_wconf 90' lang='lat' dir='ltr'><strong>alias</strong></span> <span class='ocrx_word' id='word_1_263' title='bbox 469 3730 732 3808; x_wconf 60' lang='lat' dir='ltr'><strong>occupationes</strong></span> <span class='ocrx_word' id='word_1_264' title='bbox 750 3733 1017 3796; x_wconf 90' lang='lat' dir='ltr'><strong>conclusionum</strong></span> <span class='ocrx_word' id='word_1_265' title='bbox 1032 3733 1252 3812; x_wconf 85' lang='lat' dir='ltr'><strong>praesertim,</strong></span> <span class='ocrx_word' id='word_1_266' title='bbox 1266 3733 1309 3796; x_wconf 92' lang='lat' dir='ltr'><strong>de</strong></span> <span class='ocrx_word' id='word_1_267' title='bbox 1321 3735 1447 3815; x_wconf 88' lang='lat' dir='ltr'><strong>quibus</strong></span> <span class='ocrx_word' id='word_1_268' title='bbox 1461 3737 1592 3799; x_wconf 88' lang='lat' dir='ltr'><strong>mentio</strong></span> 
     </span>
     <span class='ocr_line' id='line_1_32' title="bbox 365 3835 1595 3923; baseline 0.007 -25"><span class='ocrx_word' id='word_1_269' title='bbox 365 3835 461 3898; x_wconf 86' lang='lat' dir='ltr'><strong>sacta</strong></span> <span class='ocrx_word' id='word_1_270' title='bbox 476 3845 531 3898; x_wconf 89' lang='lat' dir='ltr'><strong>est</strong></span> <span class='ocrx_word' id='word_1_271' title='bbox 546 3839 567 3915; x_wconf 79' lang='grc' dir='ltr'><strong>ι;</strong></span> <span class='ocrx_word' id='word_1_272' title='bbox 585 3844 659 3898; x_wconf 91' lang='lat' dir='ltr'><strong>tum</strong></span> <span class='ocrx_word' id='word_1_273' title='bbox 680 3847 824 3917; x_wconf 91' lang='lat' dir='ltr'><strong>propter</strong></span> <span class='ocrx_word' id='word_1_274' title='bbox 843 3855 1024 3902; x_wconf 88' lang='lat' dir='ltr'><strong>recessum</strong></span> <span class='ocrx_word' id='word_1_275' title='bbox 1043 3839 1160 3902; x_wconf 90' lang='lat' dir='ltr'><strong>Patris</strong></span> <span class='ocrx_word' id='word_1_276' title='bbox 1179 3841 1375 3917; x_wconf 86' lang='lat' dir='ltr'><strong>Gutierrez,</strong></span> <span class='ocrx_word' id='word_1_277' title='bbox 1395 3843 1455 3923; x_wconf 92' lang='lat' dir='ltr'><strong>qui</strong></span> <span class='ocrx_word' id='word_1_278' title='bbox 1475 3842 1595 3923; x_wconf 75' lang='lat' dir='ltr'><strong>huius-</strong></span> 
     </span>
     <span class='ocr_line' id='line_1_33' title="bbox 366 3940 1595 4025; baseline 0.007 -20"><span class='ocrx_word' id='word_1_279' title='bbox 366 3943 462 4005; x_wconf 92' lang='lat' dir='ltr'><strong>modi</strong></span> <span class='ocrx_word' id='word_1_280' title='bbox 478 3943 650 4004; x_wconf 90' lang='lat' dir='ltr'><strong>lectiones</strong></span> <span class='ocrx_word' id='word_1_281' title='bbox 664 3940 783 4006; x_wconf 84' lang='lat' dir='ltr'><strong>facere</strong></span> <span class='ocrx_word' id='word_1_282' title='bbox 799 3946 924 4008; x_wconf 91' lang='lat' dir='ltr'><strong>solitus</strong></span> <span class='ocrx_word' id='word_1_283' title='bbox 939 3957 1028 4025; x_wconf 89' lang='lat' dir='ltr'><strong>erat,</strong></span> <span class='ocrx_word' id='word_1_284' title='bbox 1045 3958 1080 4009; x_wconf 91' lang='lat' dir='ltr'><strong>et</strong></span> <span class='ocrx_word' id='word_1_285' title='bbox 1096 3948 1139 4010; x_wconf 95' lang='lat' dir='ltr'><strong>ob</strong></span> <span class='ocrx_word' id='word_1_286' title='bbox 1153 3949 1389 4011; x_wconf 89' lang='lat' dir='ltr'><strong>valetudinem</strong></span> <span class='ocrx_word' id='word_1_287' title='bbox 1405 3949 1595 4013; x_wconf 90' lang='lat' dir='ltr'><strong>adversam</strong></span> 
     </span>
     <span class='ocr_line' id='line_1_34' title="bbox 365 4049 1172 4132; baseline 0.001 -21"><span class='ocrx_word' id='word_1_288' title='bbox 365 4049 433 4111; x_wconf 90' lang='lat' dir='ltr'><strong>hac</strong></span> <span class='ocrx_word' id='word_1_289' title='bbox 448 4060 586 4112; x_wconf 89' lang='lat' dir='ltr'><strong>aestate</strong></span> <span class='ocrx_word' id='word_1_290' title='bbox 603 4049 684 4128; x_wconf 86' lang='lat' dir='ltr'><strong>ali0,</strong></span> <span class='ocrx_word' id='word_1_291' title='bbox 702 4059 740 4112; x_wconf 92' lang='lat' dir='ltr'><strong>ut</strong></span> <span class='ocrx_word' id='word_1_292' title='bbox 755 4049 908 4116; x_wconf 81' lang='lat' dir='ltr'><strong>diximus</strong></span> <span class='ocrx_word' id='word_1_293' title='bbox 923 4051 946 4132; x_wconf 88' lang='lat'><strong>¹,</strong></span> <span class='ocrx_word' id='word_1_294' title='bbox 964 4053 1093 4116; x_wconf 91' lang='lat' dir='ltr'><strong>missus</strong></span> <span class='ocrx_word' id='word_1_295' title='bbox 1108 4064 1172 4117; x_wconf 89' lang='lat' dir='ltr'><strong>est.</strong></span> 
     </span>
    </p>

    <p class='ocr_par' dir='ltr' id='par_1_4' title="bbox 364 4153 1606 4454">
     <span class='ocr_line' id='line_1_35' title="bbox 429 4153 1604 4243; baseline 0.009 -27"><span class='ocrx_word' id='word_1_296' title='bbox 429 4153 516 4218; x_wconf 81' lang='lat'>1108.</span> <span class='ocrx_word' id='word_1_297' title='bbox 561 4154 663 4234; x_wconf 90' lang='lat' dir='ltr'><strong>Quod</strong></span> <span class='ocrx_word' id='word_1_298' title='bbox 690 4155 735 4217; x_wconf 90' lang='lat' dir='ltr'><strong>ad</strong></span> <span class='ocrx_word' id='word_1_299' title='bbox 760 4159 929 4221; x_wconf 86' lang='lat' dir='ltr'><strong>exercitia</strong></span> <span class='ocrx_word' id='word_1_300' title='bbox 955 4161 1153 4240; x_wconf 89' lang='lat' dir='ltr'><strong>spiritualia</strong></span> <span class='ocrx_word' id='word_1_301' title='bbox 1174 4162 1311 4242; x_wconf 90' lang='lat' dir='ltr'><strong>attinet,</strong></span> <span class='ocrx_word' id='word_1_302' title='bbox 1338 4180 1518 4243; x_wconf 90' lang='lat' dir='ltr'><strong>nunquam</strong></span> <span class='ocrx_word' id='word_1_303' title='bbox 1538 4163 1604 4227; x_wconf 85' lang='lat' dir='ltr'><strong>de·-</strong></span> 
     </span>
     <span class='ocr_line' id='line_1_36' title="bbox 365 4261 1606 4348; baseline 0.006 -24"><span class='ocrx_word' id='word_1_304' title='bbox 365 4273 468 4325; x_wconf 89' lang='lat' dir='ltr'><strong>etant</strong></span> <span class='ocrx_word' id='word_1_305' title='bbox 482 4261 602 4340; x_wconf 90' lang='lat' dir='ltr'><strong>aliqui,</strong></span> <span class='ocrx_word' id='word_1_306' title='bbox 621 4263 738 4342; x_wconf 89' lang='lat' dir='ltr'><strong>quiea</strong></span> <span class='ocrx_word' id='word_1_307' title='bbox 754 4263 851 4326; x_wconf 93' lang='lat' dir='ltr'><strong>domi</strong></span> <span class='ocrx_word' id='word_1_308' title='bbox 865 4275 1009 4329; x_wconf 88' lang='lat' dir='ltr'><strong>nostrae</strong></span> <span class='ocrx_word' id='word_1_309' title='bbox 1025 4269 1255 4348; x_wconf 83' lang='lat' dir='ltr'><strong>susciperent.</strong></span> <span class='ocrx_word' id='word_1_310' title='bbox 1269 4267 1350 4334; x_wconf 90' lang='lat' dir='ltr'><strong>Duo</strong></span> <span class='ocrx_word' id='word_1_311' title='bbox 1367 4280 1484 4334; x_wconf 89' lang='lat' dir='ltr'><strong>autem</strong></span> <span class='ocrx_word' id='word_1_312' title='bbox 1496 4271 1606 4335; x_wconf 87' lang='lat' dir='ltr'><strong>cives.</strong></span> 
     </span>
     <span class='ocr_line' id='line_1_37' title="bbox 364 4369 1606 4454; baseline 0.01 -24"><span class='ocrx_word' id='word_1_313' title='bbox 364 4369 659 4431; x_wconf 86' lang='lat' dir='ltr'><strong>salmanticenses</strong></span> <span class='ocrx_word' id='word_1_314' title='bbox 680 4387 762 4433; x_wconf 90' lang='lat' dir='ltr'><strong>cum</strong></span> <span class='ocrx_word' id='word_1_315' title='bbox 775 4371 892 4435; x_wconf 89' lang='lat' dir='ltr'><strong>sructu</strong></span> <span class='ocrx_word' id='word_1_316' title='bbox 913 4373 1069 4436; x_wconf 88' lang='lat' dir='ltr'><strong>maximo</strong></span> <span class='ocrx_word' id='word_1_317' title='bbox 1085 4385 1118 4437; x_wconf 93' lang='lat' dir='ltr'><strong>et</strong></span> <span class='ocrx_word' id='word_1_318' title='bbox 1138 4375 1269 4454; x_wconf 80' lang='lat' dir='ltr'><strong>insigni</strong></span> <span class='ocrx_word' id='word_1_319' title='bbox 1284 4377 1380 4440; x_wconf 93' lang='lat' dir='ltr'><strong>vitae</strong></span> <span class='ocrx_word' id='word_1_320' title='bbox 1402 4377 1606 4443; x_wconf 87' lang='lat' dir='ltr'><strong>mutatione-</strong></span> 
     </span>
    </p>
   </div>
   <div class='ocr_carea' id='block_1_3' title="bbox 404 4641 845 4768">
    <p class='ocr_par' dir='ltr' id='par_1_5' title="bbox 404 4641 845 4768">
     <span class='ocr_line' id='line_1_38' title="bbox 408 4641 845 4699; baseline 0.021 -16"><span class='ocrx_word' id='word_1_321' title='bbox 408 4643 416 4674; x_wconf 89' lang='lat'>¹</span> <span class='ocrx_word' id='word_1_322' title='bbox 445 4641 513 4685; x_wconf 85' lang='lat' dir='ltr'><strong>Vide</strong></span> <span class='ocrx_word' id='word_1_323' title='bbox 524 4653 611 4697; x_wconf 84' lang='lat' dir='ltr'><strong>supra,</strong></span> <span class='ocrx_word' id='word_1_324' title='bbox 623 4657 682 4699; x_wconf 84' lang='lat' dir='ltr'><strong>pag.</strong></span> <span class='ocrx_word' id='word_1_325' title='bbox 693 4648 741 4697; x_wconf 67' lang='lat' dir='ltr'><strong>lli,</strong></span> <span class='ocrx_word' id='word_1_326' title='bbox 751 4659 766 4690; x_wconf 93' lang='lat' dir='ltr'><strong>n</strong></span> <span class='ocrx_word' id='word_1_327' title='bbox 788 4649 845 4692; x_wconf 29' lang='lat'><strong>1103,</strong></span> 
     </span>
     <span class='ocr_line' id='line_1_39' title="bbox 404 4713 772 4768; baseline 0.022 -13"><span class='ocrx_word' id='word_1_328' title='bbox 404 4715 416 4746; x_wconf 75' lang='lat'>²</span> <span class='ocrx_word' id='word_1_329' title='bbox 444 4713 538 4768; x_wconf 85' lang='lat' dir='ltr'><strong>Supra,</strong></span> <span class='ocrx_word' id='word_1_330' title='bbox 548 4725 608 4768; x_wconf 82' lang='lat' dir='ltr'><strong>pag.</strong></span> <span class='ocrx_word' id='word_1_331' title='bbox 619 4719 667 4763; x_wconf 70' lang='lat' dir='ltr'><strong>tta.</strong></span> <span class='ocrx_word' id='word_1_332' title='bbox 678 4731 700 4762; x_wconf 89' lang='lat' dir='ltr'><strong>n.</strong></span> <span class='ocrx_word' id='word_1_333' title='bbox 714 4720 772 4764; x_wconf 67' lang='lat'>1104.</span> 
     </span>
    </p>
   </div>
   <div class='ocr_carea' id='block_1_4' title="bbox 0 0 1864 5397">
    <p class='ocr_par' dir='ltr' id='par_1_6' title="bbox 0 0 1864 5397">
     <span class='ocr_line' id='line_1_40' title="bbox 0 0 1864 5397; baseline 0 0"><span class='ocrx_word' id='word_1_334' title='bbox 0 0 1864 5397; x_wconf 95' lang='lat' dir='ltr'><strong> </strong></span> 
     </span>
    </p>
   </div>
  </div>
 </body>
</html>
