3717 5400
348 492 407 556 :aa
809 497 938 556 Canon.
958 496 1036 556 Soc.
1056 497 1127 570 jas.

349 641 560 721 praesertim
581 659 627 706 ex
648 659 717 723 quo
737 641 956 721 Brugnolam
974 643 1151 722 pervenit,
1176 659 1267 723 quas
1285 641 1501 722 interceptas
1521 650 1584 706 aut

350 748 487 812 fractas
510 765 588 812 esse
613 749 795 814 intellexit.
812 749 996 814 Evocatus
1014 760 1135 813 autem
1155 767 1179 812 a
1203 749 1407 829 Pro-legato
1428 747 1583 812 Avenio·

349 855 462 934 nensi,
479 853 703 920 Avenionem
717 857 826 936 venit,
842 857 901 920 ubi
916 873 940 918 a
953 857 1100 922 medicis
1111 857 1254 937 optimis
1264 865 1411 919 curatus
1425 854 1502 934 fuit;
1519 857 1583 920 sed

351 963 452 1042 prius
471 963 509 1026 in
523 963 652 1043 oppido
667 964 807 1044 Eghino
825 961 833 994 ¹
849 963 956 1044 (quod
969 964 1088 1043 patria
1102 964 1171 1044 ipsi
1185 964 1288 1040 erat),
1302 963 1402 1026 vires
1414 981 1461 1026 ex
1479 975 1582 1043 parte

351 1071 588 1150 recuperavit,
605 1071 704 1134 etita
718 1069 789 1132 30.ει
804 1071 860 1134 die
876 1070 1041 1150 Augusti,
1057 1082 1246 1151 postquam
1259 1071 1432 1134 inviserat
1450 1071 1580 1148 locum,

350 1178 410 1240 ubi
426 1177 464 1241 B.
481 1177 694 1258 Magdalena
708 1177 962 1257 poenitentiam
976 1188 1100 1258 egerat
1114 1176 1301 1253 (Sanctam
1321 1177 1479 1241 Baomon
1493 1182 1506 1214 ·
1521 1193 1582 1239 vo·

348 1289 459 1362 cant),
472 1283 695 1349 Avenionem
702 1285 876 1366 pervenit,
890 1296 924 1348 et
937 1303 959 1348 a
969 1283 1015 1348 D.
1027 1282 1123 1364 Sala,
1133 1284 1348 1365 Pro-legato,
1358 1301 1490 1364 magna
1501 1300 1583 1348 cum

350 1393 528 1455 charitate
549 1401 720 1472 exceptus
746 1402 781 1455 et
805 1401 982 1456 tractatus
1005 1390 1090 1470 fuit,
1115 1403 1151 1456 et
1176 1393 1259 1474 quia
1284 1402 1424 1455 tantum
1447 1391 1494 1454 ad
1517 1409 1582 1454 sex

350 1516 491 1562 menses
515 1517 536 1562 a
562 1498 601 1561 Ρ.
627 1497 765 1578 ignatio
790 1499 919 1563 missus
943 1499 1061 1563 fuerat
1079 1500 1116 1562 in
1140 1498 1381 1577 Provinciam,
1407 1517 1450 1561 eo
1465 1499 1582 1562 redire

349 1607 465 1685 primo
479 1623 619 1687 quoque
632 1615 791 1686 tempore
805 1607 986 1686 cupiebat,
1006 1615 1041 1670 et
1056 1625 1138 1670 cum
1152 1607 1295 1687 saepius
1309 1607 1355 1669 ad
1370 1617 1520 1669 mortem
1543 1623 1583 1668 se

350 1715 525 1778 accedere
538 1715 693 1792 videret,
713 1731 795 1778 cum
810 1723 903 1777 esset
923 1713 1137 1794 Brugnolae,
1158 1713 1227 1777 hoc
1242 1713 1416 1777 desiderio
1437 1725 1581 1792 magno·

354 1839 439 1900 pere
453 1821 638 1884 tenebatur
651 1821 742 1885 inter
756 1830 899 1884 nostros
914 1838 957 1884 ac
971 1821 1163 1901 praecipue
1176 1820 1312 1884 Romae
1333 1819 1518 1885 moriendi.

411 1928 482 1994 967.
525 1928 672 1994 Fatetur
683 1938 803 1992 autem
813 1928 918 2008 quod,
933 1929 1096 2009 quamvis
1106 1927 1243 1992 fructus
1253 1937 1458 2007 speraretur
1469 1927 1506 1990 in
1520 1927 1581 1989 illo

352 2038 566 2102 monasterio
581 2035 710 2112 Cellae,
726 2035 931 2100 reformatio
946 2037 1084 2116 integra
1099 2035 1238 2115 sperari
1251 2051 1324 2098 non
1343 2043 1499 2115 poterat,
1514 2050 1582 2096 nec

351 2145 461 2206 alium
486 2145 560 2224 ipse
581 2143 725 2207 modum
749 2142 1011 2206 reformationis
1037 2142 1291 2222 cognoscebat,
1318 2159 1424 2221 quam
1445 2151 1484 2204 ut
1505 2139 1583 2204 Rex

351 2251 491 2314 Galliae
506 2250 782 2330 consanguineis
801 2251 1007 2315 monialium
1024 2248 1164 2328 juberet
1184 2258 1224 2312 ut
1243 2250 1338 2313 domi
1357 2266 1444 2312 suae
1464 2246 1582 2327 huius·

353 2357 449 2421 modi
463 2357 636 2421 moniales
650 2357 937 2437 consanguineas
948 2359 1150 2438 reciperent
1163 2367 1199 2420 et
1212 2357 1292 2434 illis,
1305 2357 1389 2419 dum
1403 2356 1579 2434 viverent,

349 2483 397 2528 ex
412 2465 618 2530 monasterii
633 2465 814 2544 reditibus,
831 2483 896 2528 sua
910 2465 1038 2544 cuique
1053 2466 1170 2545 portio
1187 2466 1343 2542 daretur;
1359 2475 1394 2526 et
1410 2463 1501 2527 aliae
1519 2480 1581 2526 no·

350 2589 419 2636 vae
434 2573 607 2636 moniales
622 2572 687 2636 sub
711 2572 844 2652 regulis
863 2589 906 2634 ac
926 2571 1113 2651 disciplina
1133 2571 1331 2634 monastica
1349 2572 1386 2634 in
1406 2577 1583 2634 monaste-

358 2681 449 2744 rium
464 2677 547 2743 illud
563 2679 823 2744 inducerentur.

412 2786 483 2850 968.
526 2786 629 2867 Quod
643 2789 688 2851 ad
703 2786 901 2867 Collegium
919 2786 1170 2851 Avenionense
1188 2786 1326 2864 attinet,
1345 2786 1477 2865 frigere
1491 2786 1581 2849 satis

350 2912 397 2956 eo
417 2905 575 2975 tempore
594 2894 818 2975 Pro-legatus
836 2895 1037 2972 videbatur,
1062 2912 1143 2958 cum
1163 2894 1364 2957 Cardinalis
1388 2892 1584 2957 Farnesius

352 3018 425 3064 non
438 3002 616 3065 rediturus
630 3000 853 3066 Avenionem
868 3002 1061 3078 videntum
1076 3011 1112 3064 et
1125 3018 1168 3065 eo
1182 3001 1297 3080 magis
1313 3001 1359 3063 ad
1379 3000 1532 3063 reditum
1545 3000 1583 3063 in

355 3108 492 3171 Italiam
507 3106 544 3170 Ρ.
561 3108 707 3173 Pontius
720 3108 947 3189 properabat.
963 3108 1107 3172 Interim
1121 3118 1250 3188 autem,
1267 3107 1351 3171 dum
1363 3116 1508 3187 propter
1523 3105 1583 3169 ad·

354 3232 497 3279 versam
512 3216 750 3279 valetudinem
766 3216 833 3279 hoc
845 3233 940 3279 anno
954 3232 1027 3278 non
1042 3224 1182 3295 poterat
1196 3216 1313 3280 itineri
1331 3231 1371 3277 se
1390 3214 1488 3291 dare,
1501 3230 1583 3277 con-

352 3322 562 3386 cionabatur
575 3323 763 3402 interdum;
779 3332 823 3401 et,
842 3340 923 3386 cum
934 3323 1165 3387 incalesceret
1177 3322 1428 3403 praedicando,
1441 3322 1584 3385 dolores

354 3430 560 3493 arthriticos
573 3446 645 3492 non
659 3430 844 3508 sentiebat;
859 3431 952 3493 unde
966 3430 1070 3493 facile
1085 3430 1254 3511 cognovit
1268 3448 1314 3493 ex
1328 3429 1458 3509 frigida
1473 3446 1584 3492 causa

355 3536 515 3599 morbum
526 3535 724 3617 profectum
736 3554 824 3600 esse.
838 3536 1038 3616 Hospitalia
1049 3536 1157 3600 etiam
1167 3536 1349 3615 visitabat,
1366 3545 1401 3599 et
1412 3546 1450 3599 ut
1465 3536 1584 3616 aliqua

354 3644 446 3705 bona
462 3642 591 3706 ibidem
604 3644 871 3707 instituerentur
886 3645 1046 3723 curabat,
1063 3645 1178 3707 donec
1192 3643 1273 3707 inde
1292 3642 1443 3707 Romam
1457 3660 1585 3706 versus

357 3752 504 3813 recessit
519 3749 541 3813 ³.
558 3750 602 3813 Et
615 3751 665 3813 ita
678 3768 720 3814 eo
735 3762 895 3831 tempore
909 3751 1082 3815 institutio
1094 3750 1243 3831 Collegit
1254 3750 1531 3829 AvenionensiS,
1548 3750 1586 3813 in

355 3856 453 3920 aliud
467 3866 605 3937 tempus
620 3856 752 3936 rejecta
773 3869 837 3920 est.

399 4028 406 4059 ¹
436 4026 486 4081 Slc;
498 4029 541 4070 sed
553 4038 637 4071 sermo
648 4036 687 4071 cst
703 4028 733 4069 de
746 4027 839 4081 oppido
850 4028 1000 4075 “Arsames
1021 4026 1083 4075 Var,
1098 4038 1111 4070 c
1128 4028 1159 4069 de
1168 4026 1210 4070 815
1220 4028 1253 4076 h..
1265 4030 1325 4080 pres
1340 4028 1375 4070 dn
1384 4026 1500 4081 verdon,
1515 4034 1586 4071 cant.

358 4100 457 4154 d'Aups
466 4100 502 4145 ‹19
511 4100 576 4149 kil),
585 4110 637 4143 arr.
650 4101 680 4141 de
692 4099 862 4151 Draguignan
874 4098 910 4149 ,45
920 4100 981 4148 kil).
994 4098 1102 4151 joanan,
1113 4100 1129 4141 l.
1139 4110 1160 4141 c.

398 4172 409 4203 ἲ
437 4172 487 4225 Slc;
498 4172 524 4215 la
537 4170 631 4214 Salute
642 4170 756 4215 Baume.

400 4244 410 4275 ³
438 4242 485 4287 llis
496 4254 561 4297 quae
572 4254 659 4297 supra,
670 4254 729 4297 pag.
741 4244 763 4293 9,
780 4256 803 4285 n.
814 4244 835 4293 ⁰.
846 4250 871 4285 et
883 4244 924 4286 hic
935 4254 952 4286 a
962 4254 986 4285 n.
996 4242 1185 4295 statuensque,
1196 4242 1227 4285 de
1238 4242 1325 4285 Patris
1339 4242 1424 4287 Pontii
1441 4242 1587 4296 Cogordaal

361 4316 386 4359 in
404 4316 566 4359 Provinciam
584 4316 702 4358 missione
720 4321 746 4357 et
765 4314 872 4367 Collegli
890 4314 1079 4357 Avenlonensls
1097 4313 1185 4366 initiis,
1202 4316 1245 4356 vel
1262 4316 1347 4368 potius
1363 4326 1417 4368 spe,
1434 4315 1505 4358 dicta
1518 4322 1588 4365 tunt,

359 4388 518 4431 emendanda
529 4388 642 4431 nonnlbll
655 4388 777 4431 videntur
787 4398 826 4435 ea.
838 4398 904 4441 quae
914 4388 994 4429 habet
1005 4386 1129 4437 Cnossar,
1140 4389 1156 4429 l.
1167 4397 1199 4437 c..
1210 4397 1267 4440 cup.
1279 4398 1296 4429 l.
1307 4386 1348 4429 Ex
1359 4388 1489 4441 ejusenlm
1499 4396 1590 4430 narra·

359 4460 428 4503 tione
438 4460 513 4504 facile
525 4461 580 4515 quis
591 4460 696 4513 colliget
708 4460 802 4503 Patres
815 4458 933 4501 Pontium
943 4458 1123 4512 Cogordanum
1135 4465 1160 4501 et
1170 4458 1266 4510 Julium
1277 4457 1365 4501 Onfrol
1376 4456 1487 4513 (Onufit
1500 4458 1590 4501 scribi·

361 4540 404 4576 tur
415 4544 430 4574 a
442 4532 554 4575 (nosen
575 4530 741 4575 Cardinalom
752 4530 905 4574 Farneslum
916 4530 996 4572 fuisse
1005 4529 1150 4581 comitatos,
1161 4529 1220 4572 dum
1232 4530 1254 4572 ls
1268 4540 1339 4572 anno
1348 4530 1417 4573 1553
1428 4529 1589 4574 Ascalonem

361 4604 492 4655 ingressus
503 4613 550 4653 cst,
563 4605 669 4659 ideoque
681 4603 820 4648 Societatls
831 4602 977 4647 ministeria
991 4601 1027 4645 ibi
1036 4602 1134 4655 depuis
1144 4601 1215 4645 deux
1231 4612 1283 4645 ans
1296 4602 1451 4652 exercuisse.
1466 4612 1523 4645 cnm
1534 4609 1590 4645 tan·

361 4676 453 4719 demin
466 4676 567 4720 ltaliam
579 4678 631 4729 lpse
644 4676 749 4721 Pontius
760 4686 882 4721 reversus
892 4682 940 4717 est.

407 4750 501 4793 Verum
515 4748 549 4791 l.⁰
558 4756 655 4793 certum
667 4758 747 4792 estex
758 4748 806 4801 hls,
818 4758 882 4801 quae
894 4753 986 4789 narrat
997 4746 1124 4789 Polancus
1139 4752 1165 4788 et
1176 4757 1208 4789 ex
1218 4745 1391 4801 autographis
1400 4745 1486 4789 Patris
1503 4745 1589 4790 Pontii
