3717 5400
363 460 421 539 578
824 461 952 521 Canon.
973 461 1052 521 Soc.
1073 463 1143 535 ias.

366 613 432 675 bus
457 610 674 686 dirimendis,
700 616 738 671 et
760 608 954 689 aliquando
978 607 1040 687 qui
1065 608 1164 687 prius
1189 609 1281 671 inter
1305 624 1344 672 se
1368 608 1607 699 dissidebant,

367 728 573 783 nostrorum
593 730 702 795 opera
723 717 813 779 inter
831 728 871 779 se
890 712 1082 793 conciliati,
1105 716 1255 795 genibus
1276 717 1383 780 etiarn
1407 720 1606 797 provoluti..

363 826 506 889 veniam
521 826 675 889 invicem
693 824 801 887 etiam
815 836 898 886 cum
913 822 1084 903 iacrymis
1098 824 1277 902 petebant,
1293 824 1458 904 quamvis
1472 825 1595 906 aliqui,

364 934 506 1013 magnis
535 932 624 995 odiis
652 930 861 994 inflammati
889 929 1044 993 invicem
1071 939 1191 995 essent
1217 940 1253 994 et
1281 931 1473 1011 aliquando
1505 934 1606 996 alter·

364 1042 509 1105 alterius
524 1040 621 1102 vitae
636 1038 865 1101 insidiaretur
882 1036 902 1116 ¹,
926 1038 983 1100 vel
998 1054 1079 1100 eum
1093 1046 1217 1117 aperte
1234 1038 1385 1117 aggredi
1403 1040 1521 1103 veliet
1541 1040 1594 1104 Ea

271 1134 275 1145 '
363 1156 483 1211 aulem
506 1154 583 1211 erat
609 1146 791 1209 hominum
813 1146 933 1224 opinio
950 1144 996 1207 de
1015 1144 1159 1223 nustria,
1181 1154 1219 1209 ut
1243 1146 1332 1209 nibil
1350 1154 1423 1209 tam
1443 1147 1594 1211 arduum

362 1268 441 1319 esse
467 1262 632 1334 putarent
653 1253 687 1316 in
707 1250 909 1331 huiusmodi
928 1252 1049 1326 rebus,
1073 1250 1172 1332 quod
1191 1268 1263 1315 non
1283 1268 1411 1316 eorum
1430 1270 1541 1335 opera
1558 1266 1594 1318 et

362 1362 579 1426 anctoritate
594 1360 840 1440 perficeretur3
855 1369 892 1422 et
908 1360 959 1421 ita
977 1358 1180 1440 frequenter
1202 1359 1248 1423 ad
1266 1358 1467 1439 huiusmodi
1486 1377 1594 1443 paces

361 1466 543 1533 curandas
556 1466 847 1531 accersebantur.

424 1575 512 1638 1592.
557 1574 601 1638 Et
630 1584 668 1635 ut
697 1572 830 1653 aliquid
857 1572 1064 1652 singiliatim
1093 1573 1232 1650 dicam,
1261 1591 1346 1637 cum
1374 1576 1520 1655 quidam
1543 1592 1593 1640 ex

360 1682 492 1747 nostris
506 1682 661 1762 aliquoS,
675 1692 828 1761 quorum
842 1696 953 1743 causa
968 1690 1120 1743 vocatus
1133 1680 1266 1758 suerat,
1282 1681 1319 1744 in
1341 1683 1496 1759 gratiam
1519 1694 1593 1746 niu·

359 1800 420 1854 tuo
436 1790 654 1865 reduxisset,
672 1787 802 1851 ibidem
817 1787 980 1867 percepit
1001 1786 1173 1868 quosdam
1192 1804 1275 1851 esse
1293 1788 1400 1867 aiios,
1422 1791 1483 1870 qui
1501 1790 1593 1854 inter

359 1914 397 1960 se
410 1896 579 1976 'graviter
600 1894 823 1970 dissiderent,
845 1895 891 1958 ad
911 1908 1002 1975 quos
1028 1893 1213 1972 accedens,
1237 1895 1417 1959 intereos
1441 1911 1589 1961 conpor-

359 2004 454 2067 diam
469 2002 661 2067 ineundam
675 2001 834 2080 curavit;
855 2002 919 2065 sed
939 2002 1099 2065 obtinere
1118 2018 1191 2064 non
1210 2003 1335 2082 potuit.
1360 2001 1450 2066 Cum
1472 2014 1592 2067 autem

357 2112 394 2175 in
413 2110 537 2175 eadem
558 2110 690 2173 vicinia
716 2106 884 2189 [quidam]
905 2109 1013 2173 morti
1032 2109 1218 2189 proximus
1244 2122 1348 2189 esset,
1374 2112 1590 2189 migrantem

357 2218 516 2283 invisens
540 2227 574 2281 et
600 2218 633 2281 ei
659 2218 829 2280 assistens
853 2214 951 2281 dedit
975 2231 1124 2296 operam
1148 2225 1187 2281 ut
1215 2216 1266 2281 iiii
1291 2227 1530 2282 evocarentur
1548 2219 1591 2283 in

357 2324 521 2389 eamdem
542 2325 696 2400 donam,
716 2325 808 2387 inter
830 2340 919 2403 quos
934 2337 1068 2402 pacem
1087 2338 1300 2404 componere
1320 2341 1394 2387 non
1415 2335 1589 2406 potuerat.

357 2433 434 2497 Hos
459 2448 546 2512 ergo
567 2432 748 2495 adducens
774 2431 820 2494 ad
841 2432 970 2505 locum,
992 2430 1052 2493 ubi
1074 2419 1244 2510 aeg'rotus
1269 2433 1425 2495 animam
1447 2434 1588 2514 agebat,

357 2542 425 2604 hac
440 2540 630 2603 occasione
645 2548 804 2619 accepta,
825 2554 887 2601 eos
904 2537 1088 2601 admonuit
1107 2546 1146 2601 ut
1165 2537 1232 2601 sibi
1251 2540 1481 2619 providerent
1496 2549 1531 2605 et
1543 2542 1598 2617 de,

356 2647 517 2712 discessu
540 2647 598 2710 illo
614 2646 659 2710 ab
674 2646 743 2710 hac
758 2644 843 2722 vita,
860 2645 925 2726 qai
944 2652 1028 2708 ante
1049 2645 1209 2725 ipsorum
1227 2647 1349 2710 oculos
1366 2648 1589 2728 proponeba-

355 2765 423 2833 tur,
441 2755 630 2834 diligenter
645 2755 854 2832 cogitarem.
871 2752 993 2816 Verba
1009 2762 1128 2816 autem
1137 2751 1218 2834 ejus
1230 2754 1294 2816 tali
1304 2757 1512 2835 spectaculo
1523 2757 1589 2819 ad-

350 2862 485 2943 juncta,
504 2861 581 2925 Deo
595 2860 800 2941 adjuvante,
818 2875 898 2922 eam
912 2860 986 2922 vim
1002 2858 1097 2940 apud
1108 2873 1170 2924 eos
1182 2860 1392 2939 habuerunt,
1408 2862 1587 2926 utitinam

334 3017 337 3026 ι
353 2970 486 3046 statim,
504 2967 697 3032 inimicitiis
709 2966 893 3046 depositis
906 2967 942 3029 in
957 2966 1113 3045 gratiam
1124 2966 1280 3032 redirent
1291 2965 1315 3026 ³.
1328 2968 1469 3033 Accidit
1478 2970 1593 3034 etiam-

352 3089 391 3142 ut
413 3077 551 3157 uliquis,
569 3075 626 3138 cui
641 3075 736 3138 iacta
754 3073 884 3152 iniuria
903 3073 1031 3148 iuerat,
1051 3090 1127 3137 non
1148 3076 1262 3138 solum
1276 3092 1357 3139 eam
1377 3077 1584 3155 remitteret,

352 3184 534 3248 sedetiam
546 3200 584 3246 se
596 3179 951 3264 promptumoiierret
963 3181 1374 3246 addomamadversarii
1385 3183 1587 3248 adeundam

351 3303 389 3356 ut
400 3293 547 3355 ¹veniam
563 3292 607 3352 ab
621 3309 665 3353 eo
680 3299 828 3370 peteret,
845 3306 865 3351 a
883 3305 952 3368 quo
966 3289 1084 3352 iuerat
1099 3289 1267 3352 offensus.

414 3399 502 3463 15⁹3.
546 3397 716 3462 inchoata
734 3396 877 3460 inerant
897 3393 908 3426 ³
930 3392 1034 3476 itarius
1058 3397 1142 3459 anni
1156 3397 1279 3460 studia
1301 3411 1369 3478 pro
1396 3396 1586 3463 Societatis

271 3528 274 3535 ·
351 3523 461 3585 more,
480 3505 635 3569 defensis
650 3503 883 3585 positionibus
897 3502 1098 3581 rhetoriciS,
1111 3521 1201 3583 quas
1213 3519 1421 3583 oppugnare
1435 3515 1585 3570 externo

350 3613 465 3677 cuivis
491 3613 630 3684 licebat,
653 3621 883 3690 praeceptore
902 3611 1039 3690 primae
1060 3609 1187 3673 classis
1208 3610 1482 3690 disputationem
1498 3612 1584 3677 diri·

349 3729 466 3801 gente,
480 3731 515 3783 et
525 3735 621 3799 uuae
637 3718 821 3798 oportebat
837 3717 1061 3796 declaranue3
1077 3718 1219 3781 habitae
1239 3717 1382 3782 luerunt
1402 3721 1591 3784 orationes

349 3838 382 3891 et
394 3828 601 3906 descriptae
612 3826 824 3906 pennultae,
849 3825 1024 3904 quaedam
1041 3826 1080 3888 in
1097 3827 1334 3905 paupertatis,
1355 3826 1584 3906 quaomnia

349 3936 462 4016 ipsius
481 3933 686 3999 cardinalis
699 3929 878 4010 ι1111111111,
901 3941 935 3994 et
954 3931 1000 3997 de
1016 3933 1100 3996 aliis
1115 3933 1480 4014 uariisnrgumeniis3
1501 3951 1584 3998 car-

350 4043 447 4107 mina
456 4043 569 4105 etiam
582 4040 694 4103 latina
713 4047 748 4102 e‘t
764 4055 901 4118 graeca
917 4039 1009 4102 varii
1024 4040 1167 4119 generis
1181 4041 1363 4121 descripta
1373 4041 1531 4120 inerunt,
1541 4053 1588 4105 et

350 4149 495 4232 quidem
507 4161 615 4212 mane
623 4157 660 4211 et
666 4148 813 4228 uesperi
827 4145 1030 4226 hujusmodi
1042 4155 1194 4211 tuacuata
1210 4148 1363 4212 luerent.
1379 4148 1423 4213 Et
1435 4150 1584 4230 ipsemet
1597 4131 1604 4148 ’

362 4426 394 4456 *¹
427 4425 474 4468 1111.
486 4425 662 4468 manderetur.

385 4497 397 4530 ¹
426 4496 496 4540 Vide
511 4496 634 4539 Lenem
641 4497 876 4547 (madriniacus,
883 4500 904 4539 1.
911 4499 956 4547 bii,
965 4505 1028 4549 pag.
1037 4495 1078 4539 dli?
1087 4502 1113 4539 et
1123 4492 1171 4541 513.

386 4570 399 4600 1·
420 4568 548 4612 *calendio
557 4566 682 4610 Obtounis
697 4567 878 4623 praecellentis
894 4567 954 4610 anni
972 4564 1032 4610 inlu.
1044 4565 1115 4612 'vido
1129 4567 1250 4612 terme
1264 4567 1529 4624 Quadi-inmani.
1538 4579 1585 4624 nv,

346 4648 409 4694 pag.
418 4639 467 4692 dlii,
478 4639 554 4682 7lte‘r
565 4635 614 4680 ns.

386 4713 397 4746 Α
424 4709 692 4764 Η111111,Ε101111111
703 4709 901 4764 archicpiscopi
913 4719 938 4754 ci
951 4709 1060 4765 Collegii
1072 4712 1238 4756 institutoria.
1288 4731 1293 4738 ·
