3717 5400
371 449 410 511 82
831 452 959 512 Canon.
980 450 1056 510 Soc.
1078 452 1148 524 Jas.

374 613 446 660 non
466 597 570 677 pauci
593 596 638 660 ad
661 608 802 662 nostros
823 598 1047 661 Lauretanos
1066 597 1268 675 veniebant;
1290 609 1325 660 et
1344 615 1425 662 cum
1440 600 1605 679 spiritua-

373 706 443 767 lem
471 714 505 768 et
533 706 756 786 corporalem
784 705 1065 769 consolationem
1093 721 1215 767 eorum
1247 722 1356 785 opera
1385 707 1603 786 acciperent,

370 828 503 875 novum
514 829 643 876 nomen
654 811 834 890 Societati,
849 829 919 875 non
932 812 1087 892 perfecte
1099 811 1275 890 cognitae,
1289 811 1472 891 dederunt,
1487 813 1605 876 Socie-

369 923 480 982 tatem
495 918 658 999 Spiritus
670 919 798 982 Sancti
810 936 889 982 eam
903 928 1086 982 vocantes

426 1024 498 1088 201.
542 1025 636 1090 lnter
657 1043 764 1106 paces
785 1026 986 1106 complures
1007 1024 1134 1104 factaS,
1156 1043 1227 1088 una
1249 1035 1372 1090 notatu
1392 1027 1500 1106 digna
1521 1027 1602 1108 fuit,

370 1149 476 1212 quam
489 1151 554 1196 nec
567 1133 638 1211 alii,
648 1132 852 1196 necRector
860 1132 1009 1210 Collegii
1017 1130 1389 1196 Lauretaniconlicere
1397 1146 1602 1214 potueraut;

368 1249 403 1303 et
419 1257 500 1304 cum
514 1257 605 1304 unus
617 1259 661 1304 ex
673 1241 739 1320 his,
758 1241 817 1321 qui
829 1239 1058 1315 dissidebant,
1071 1257 1110 1302 se
1123 1241 1388 1304 obstinatiorem
1401 1242 1601 1321 praeberet,

369 1349 446 1428 ipso
469 1347 525 1410 die
544 1346 638 1427 jovis
659 1357 720 1411 aut
742 1348 885 1411 veneris
904 1347 1030 1423 sancti,
1051 1363 1130 1410 cum
1151 1364 1232 1410 eum
1251 1349 1288 1410 in
1305 1349 1456 1411 ecclesia
1469 1347 1604 1412 Rector

370 1454 578 1533 invenisset,
594 1464 628 1517 et
644 1456 752 1518 multa
765 1454 875 1518 verba
887 1455 1020 1517 frustra
1034 1453 1193 1532 dixisset,
1207 1454 1296 1517 dixit
1307 1455 1340 1518 ei
1350 1453 1481 1518 Rector
1493 1464 1532 1519 ut
1543 1473 1601 1518 ca-

369 1572 470 1626 veret
485 1580 529 1626 ne
544 1561 736 1626 Dominum
752 1562 920 1639 irritaret,
938 1579 981 1624 ne
1002 1561 1090 1624 facti
1104 1571 1184 1642 post
1201 1579 1336 1641 paucos
1354 1562 1430 1625 dies
1449 1563 1603 1642 poenite·

366 1677 431 1732 ret.
449 1668 621 1749 Quamvis
636 1679 753 1732 autem
768 1669 843 1749 ipse
857 1685 984 1748 parum
999 1668 1202 1757 adverteret
1215 1686 1306 1749 quae
1327 1669 1479 1748 dicebat,
1501 1669 1602 1733 Deus

364 1787 497 1856 tamen,
521 1786 559 1840 ut
578 1777 614 1839 id
633 1777 803 1853 eveniret,
824 1787 863 1840 ut
882 1775 1033 1852 dixerat,
1056 1774 1184 1854 effectu
1204 1793 1289 1839 nam
1302 1776 1471 1856 postridie
1485 1777 1544 1840 ille
1561 1777 1598 1839 in

363 1885 527 1948 morbum
542 1894 616 1959 tam
630 1900 779 1963 gravem
795 1883 930 1957 incidit,
946 1893 986 1945 ut
1000 1901 1046 1945 ex
1060 1899 1102 1946 eo
1114 1893 1263 1946 mortem
1277 1883 1344 1946 sibi
1357 1884 1541 1947 imminere
1557 1885 1597 1946 ti-

366 2001 489 2070 meret;
507 1999 542 2054 et
559 1991 770 2054 recordatus
785 1991 978 2053 verborum
1000 1989 1117 2052 Patris
1131 1988 1289 2067 Oliverii,
1305 1989 1426 2053 statim
1441 2008 1522 2055 eum
1540 2008 1598 2054 ac·

366 2100 487 2176 cersit,
505 2107 652 2179 peccata
669 2096 852 2160 confessus
867 2105 932 2174 est,
949 2107 984 2159 et
998 2096 1275 2160 communicavit
1288 2095 1366 2176 ipso
1380 2096 1417 2160 in
1434 2099 1526 2160 lecto
1540 2098 1600 2161 die

365 2203 564 2284 PaschatiS,
577 2221 658 2268 cum
669 2204 767 2284 prius
777 2201 882 2284 [curn]
894 2204 969 2266 suis
979 2203 1142 2280 inimiciS,
1153 2219 1277 2266 coram
1287 2203 1365 2281 ipso
1375 2202 1412 2265 P.
1426 2201 1596 2283 Oliverio,

363 2329 446 2375 cum
472 2311 736 2374 abundantibus
757 2310 953 2390 lachrymis
973 2319 1008 2372 et
1032 2309 1248 2373 adstantium
1269 2308 1514 2374 aedificatione
1538 2327 1598 2392 pa·

362 2437 441 2482 cem
463 2417 618 2495 fecisset,
642 2427 676 2480 et
699 2426 800 2480 tanto
821 2415 949 2479 affectu
976 2415 1175 2480 dilectionis
1197 2416 1408 2479 charitatem
1432 2419 1597 2498 prosequi

361 2525 494 2605 coepit,
511 2534 549 2588 ut
564 2542 648 2588 cum
659 2523 764 2586 nullis
776 2523 855 2586 aliis
867 2522 1144 2586 familiaritatem
1155 2539 1194 2584 se
1205 2523 1336 2586 habere
1347 2525 1440 2586 velle
1451 2525 1597 2588 diceret.

361 2631 469 2696 Alius
484 2631 587 2696 simul
603 2641 711 2713 atque
726 2631 786 2693 uni
801 2630 844 2693 de
859 2629 991 2693 nostris
1006 2628 1192 2692 confessus
1210 2629 1344 2709 fuisset,
1367 2647 1470 2694 suum
1484 2631 1596 2694 inimi·

359 2757 446 2804 cum
461 2757 636 2821 quaerens
648 2747 684 2801 et
699 2738 896 2816 inveniens,
913 2737 960 2800 ad
974 2736 1051 2817 ejus
1064 2736 1173 2817 pedes
1190 2754 1229 2799 se
1247 2736 1406 2818 projecit,
1423 2756 1504 2802 cum
1521 2756 1596 2803 ma·

358 2863 436 2925 gna
448 2846 644 2910 humilitate
656 2856 691 2907 et
703 2843 959 2921 aedificatione,
973 2840 1183 2924 eidem[que]
1199 2844 1448 2909 reconciliatus
1459 2853 1524 2909 est.
1536 2844 1598 2909 Sic

359 2954 431 3018 alia
449 2951 648 3032 hujusmodi
663 2952 733 3016 dici
747 2960 903 3031 possent.

418 3059 490 3124 202.
535 3059 613 3123 Hoc
630 3059 773 3121 omnino
789 3057 922 3121 nostris
938 3056 1134 3136 accidebat,
1151 3066 1188 3119 ut
1202 3074 1283 3120 cum
1298 3058 1430 3138 aliquid
1449 3058 1598 3139 maioris

358 3167 529 3231 momenti
544 3165 748 3229 hominibus
764 3164 983 3244 contigisset,
1000 3163 1108 3228 etiam
1122 3174 1225 3227 extra
1242 3165 1410 3244 oppidum
1423 3166 1596 3231 Laureta-

359 3292 455 3353 num,
479 3274 524 3337 ad
547 3282 689 3335 nostros
713 3270 853 3334 consilii
873 3279 907 3332 et
929 3269 1053 3333 auxilii
1076 3270 1268 3349 spiritualis
1281 3271 1398 3350 gratia
1419 3272 1596 3348 venirent,

359 3381 510 3461 Collegii
526 3380 624 3443 fama
641 3378 750 3442 latius
766 3378 801 3440 in
817 3377 893 3440 dies
914 3386 1069 3456 patente;
1091 3389 1125 3440 et
1147 3378 1271 3440 aderat
1292 3376 1433 3440 divinae
1454 3380 1594 3457 gratiae

356 3488 525 3570 copiosus
537 3487 705 3564 influxus
725 3486 764 3550 B.
783 3484 946 3565 Virginis
960 3483 1085 3547 Matris
1097 3481 1189 3564 [ope]
1200 3484 1420 3563 impetratus
1434 3487 1479 3550 ad
1491 3505 1534 3551 ea
1547 3486 1596 3550 fe-

354 3595 470 3659 liciter
484 3594 718 3671 conficienda,
736 3592 861 3673 quibus
876 3608 1020 3654 manum
1032 3591 1281 3654 admovebant.
1294 3591 1338 3655 Et
1349 3592 1416 3656 hoc
1428 3593 1594 3657 observa-

354 3702 440 3766 bant
454 3710 528 3765 tam
544 3702 580 3764 in
599 3699 881 3763 confessionibus
895 3714 1003 3778 quam
1024 3698 1061 3761 in
1075 3698 1390 3778 exhortationibus
1411 3709 1449 3763 ut
1469 3701 1594 3780 paucis

353 3808 477 3873 verbis
492 3808 539 3871 ad
560 3808 699 3887 aliquos
721 3806 813 3869 inter
837 3822 874 3868 se
896 3804 1138 3867 conciliandos
1152 3804 1267 3881 dictis,
1291 3807 1344 3869 sic
1365 3816 1595 3871 moverentur

356 3915 606 3981 dissidentium
622 3912 741 3987 animi,
755 3922 793 3975 ut
808 3912 845 3975 in
860 3923 1004 3975 mutuos
1018 3912 1203 3991 amplexus
1217 3919 1252 3974 et
1266 3914 1388 3975 oscula
1398 3914 1498 3993 pacis
1513 3931 1594 3978 cum

356 4024 529 4088 suavibus
542 4020 715 4101 lacrymis
727 4027 884 4097 ruerent;
895 4017 944 4079 ita
955 4026 994 4080 ut
1004 4018 1112 4079 etiam
1124 4017 1305 4081 adstantes
1312 4019 1462 4083 ubertim
1475 4021 1521 4084 ad
1531 4039 1594 4084 eas

352 4129 585 4195 effundendas
601 4137 797 4190 moverent.

414 4234 486 4299 203.
531 4234 576 4298 Et
600 4234 765 4314 quamvis
782 4232 943 4313 plurimis
964 4231 1079 4294 modis
1099 4230 1256 4294 charitas
1277 4244 1514 4314 exerceretur,
1537 4251 1594 4298 sa-

351 4351 577 4407 cramentum
591 4340 829 4403 confessionis
844 4337 889 4402 ad
905 4339 1024 4402 omnia
1038 4337 1257 4402 conficienda
1268 4339 1448 4418 primasio
1460 4358 1503 4404 ea
1514 4358 1594 4405 san-
1682 4406 1687 4413 ,

354 4459 414 4513 cta
428 4450 533 4513 domo
550 4446 744 4525 obtinebat;
765 4462 849 4508 nam
864 4445 1052 4508 multitudo
1063 4444 1317 4524 poenitentium
1331 4446 1458 4525 ingens
1472 4466 1518 4510 ex
1530 4466 1590 4511 va·

354 4557 417 4620 riis
432 4554 630 4638 provinciis
646 4554 787 4630 erat,'et
802 4552 1076 4616 molestissimas
1093 4562 1321 4632 peccatorum
1336 4554 1496 4617 sarcinas
1511 4572 1592 4619 cum

352 4663 595 4745 inexplicabili
625 4662 866 4725 conscientiae
895 4661 1102 4725 defaecatae
1131 4659 1264 4724 laetitia
1293 4661 1527 4743 deponebant3
1555 4674 1592 4726 et
