3717 5400
356 439 409 512 toi
818 457 946 520 Canos.
967 456 1043 520 Soc.
1064 458 1134 532 Jus.

358 594 425 680 [et]
433 614 573 680 uxores,
587 601 748 685 docebat,
758 614 796 668 ut
807 606 915 669 etiam
925 615 1070 668 nostrae
1081 605 1224 669 scholae
1234 621 1364 686 pueros
1375 605 1498 668 diebus
1510 605 1591 667 sab—

355 705 442 786 bati,
464 716 499 770 et
522 710 680 774 omnium
694 711 937 791 hispanorum,
955 711 1016 792 qui
1035 710 1206 776 Societati
1231 712 1338 776 amici
1363 722 1476 791 erant,
1492 711 1597 775 brevi

357 820 846 899 temporeomnescognovit.
1563 827 1566 834 '

418 920 489 985 283.
532 923 610 988 Hac
625 935 761 989 aestate
775 924 813 990 P.
827 925 1032 991 Ludovicus
1044 927 1201 1008 Pratum,
1214 927 1338 991 decem
1349 925 1502 989 millibus
1513 941 1590 1005 pas·

357 1034 462 1092 suurn
476 1030 612 1096 distans
627 1033 806 1114 oppidum,
823 1045 983 1115 venerat,
999 1045 1033 1100 et
1047 1036 1102 1099 bis
1117 1047 1177 1099 aut
1191 1047 1245 1099 ter
1259 1035 1296 1098 in
1308 1049 1446 1097 summo
1461 1031 1593 1112 templo

358 1135 395 1198 e't
418 1135 455 1200 in
480 1139 560 1202 aliis
588 1141 835 1222 concionatus
865 1158 937 1206 non
966 1144 1042 1208 sine
1070 1143 1187 1206 fructu
1216 1159 1258 1206 ac
1285 1140 1528 1204 satisfactione
1558 1148 1595 1202 et

358 1245 609 1324 commotione,
635 1259 671 1310 et
695 1249 929 1329 quorumdam
949 1249 1230 1314 confessionibus
1253 1247 1396 1327 auditis,
1419 1245 1594 1327 quaedam

358 1352 440 1414 loca·
449 1352 550 1432 uidit,
563 1359 656 1434 quae
668 1355 713 1418 ad
726 1355 923 1436 Collegium
935 1355 1123 1421 societatis
1134 1356 1388 1420 instituendum
1398 1353 1465 1435 ipsi
1480 1361 1596 1416 osten-

360 1457 546 1538 debantur,
560 1470 595 1524 et
609 1461 725 1543 facile,
743 1463 881 1527 ratione
893 1463 1165 1544 permutationis
1177 1480 1258 1526 cum
1270 1461 1307 1528 P.
1321 1461 1484 1542 Philippo
1501 1459 1592 1524 Gua-

359 1566 489 1644 zaloto,
515 1568 575 1646 qui
598 1566 898 1650 Archipresbyter
919 1579 1008 1649 erat,
1032 1571 1155 1634 haberi
1179 1579 1343 1646 poterant
1361 1568 1380 1630 ¹.
1408 1565 1599 1647 Agebatur

360 1672 467 1736 etiam
481 1673 526 1736 de
540 1683 681 1739 centum
706 1677 823 1740 aureis
848 1677 957 1742 annui
978 1678 1112 1742 reditus
1137 1677 1371 1759 applicandis
1399 1691 1488 1755 quos
1508 1673 1594 1736 illud

361 1779 530 1858 oppidum
544 1781 790 1862 ludimagistro
804 1785 944 1848 solvere
959 1783 1100 1848 solitum
1125 1793 1214 1864 erat;
1230 1784 1293 1848 sed
1313 1797 1386 1845 non
1412 1777 1517 1844 facile
1530 1779 1593 1843 hu·

358 1884 513 1967 jusmodi
527 1889 713 1968 eollegiola
728 1889 948 1954 admittenda
968 1906 1046 1970 esse
1064 1891 1286 1955 videbantur.

420 1992 491 2057 284.
534 1993 637 2059 Senis
665 1997 791 2077 etiam,
822 2006 914 2076 cum,
945 1997 1102 2077 expulsis
1129 1996 1210 2061 inde
1239 1996 1374 2075 Gallis,
1404 1996 1472 2058 hoc
1501 2009 1599 2059 anno

360 2098 406 2162 D.
421 2099 636 2164 Franciscus
651 2101 694 2165 de
718 2101 851 2168 Toledo
877 2101 899 2182 ',
926 2103 1154 2167 Gubernator
1179 2104 1377 2167 mitteretur
1401 2101 1428 2182 ³,
1452 2103 1596 2166 domum

306 2241 309 2246 -
362 2203 533 2271 Societati
556 2218 700 2272 nostrae
723 2209 917 2274 offerebant
944 2207 971 2286 ⁶,
999 2221 1033 2274 et
1058 2211 1203 2275 Patrem
1228 2212 1344 2290 ipsum
1371 2209 1517 2289 Laynez
1537 2209 1601 2273 vel.

363 2315 473 2378 alium
487 2332 529 2377 eo
544 2315 636 2379 mitti
651 2314 744 2380 idem
758 2308 802 2381 D.
830 2317 1047 2382 Franciscus'
1073 2318 1117 2382 de
1142 2317 1276 2382 Toledo
1292 2317 1517 2398 peroptabat;
1534 2316 1599 2380 sed

361 2422 486 2500 paucis
500 2431 581 2501 post
597 2420 732 2495 diebus
753 2423 878 2487 eodem
899 2424 1031 2487 avivis
1051 2423 1237 2488 recedente
1254 2423 1277 2502 ⁵,
1298 2441 1356 2487 res
1375 2435 1429 2488 est
1449 2424 1486 2487 in
1502 2424 1596 2487 aliud

361 2537 502 2608 tempus
516 2526 660 2607 rejecta.

419 2633 491 2699 285.
535 2634 757 2729 postulatum
770 2637 836 2703 suit
850 2655 871 2701 a
883 2636 985 2706 Duce
1007 2638 1147 2718 cosmo,
1165 2639 1255 2703 sicut
1274 2640 1319 2705 ab
1339 2637 1417 2705 aliis
1432 2638 1597 2720 principi·

361 2741 440 2822 bus,
452 2739 896 2810 testimoniumSocietatis
906 2754 1061 2825 nostrae,
1076 2755 1110 2809 et
1129 2741 1213 2811 illud
1226 2746 1373 2810 libenter
1384 2745 1492 2823 dedit,
1505 2746 1601 2809 sicut

360 2855 396 2911 et
410 2849 578 2915 Vicarius
593 2850 866 2933 Archiepiscopi
885 2853 981 2931 (nam
1003 2854 1078 2933 ipse
1109 2830 1408 2935 Arcbiepiscopus
1428 2851 1600 2917 ’Floren—

361 2957 433 3019 tiae
447 2969 519 3021 nou
534 2958 734 3037 residebat),
755 2969 790 3022 et
809 2959 904 3023 idern
923 2958 1163 3023 testimonium
1183 2960 1469 3040 subscripserunt
1493 2959 1599 3024 Com-

363 3063 549 3128 missarius
563 3065 803 3145 inquisitionis
818 3076 852 3129 et
867 3065 943 3145 ejus
959 3067 1047 3129 socii
1065 3066 1087 3125 '.

421 3168 494 3234 286.
536 3170 626 3236 Cum
640 3171 784 3253 quidam
798 3174 927 3237 milites
941 3174 1093 3253 hispani,
1112 3174 1171 3254 qui
1186 3174 1378 3237 incarcere
1393 3174 1596 3236 retineban-

363 3286 431 3356 tur,
450 3286 689 3358 aegrotarent,
707 3280 941 3361 impetrarunt
963 3281 1077 3344 nostri
1102 3289 1140 3343 ut
1163 3280 1285 3344 statim
1310 3280 1547 3343 liberarentur
1559 3292 1603 3342 ut

363 3379 509 3463 possent
524 3389 609 3448 sitae
632 3386 830 3450 valetudini
856 3388 1056 3463 consulere;
1085 3397 1119 3450 et
1145 3387 1309 3467 quamvis
1335 3386 1518 3467 indignata
1533 3386 1601 3449 fuit

366 3543 580 3555 ——ss

405 3624 414 3656 ι
444 3608 726 3681 diremptum&
739 3612 822 3671 nasa.

407 3696 419 3729 Ι
446 3696 512 3741 Vide
523 3708 610 3751 supra,
624 3709 685 3753 pag·
698 3697 745 3751 loo.
756 3710 780 3743 n.
790 3698 839 3747 uto.

405 3766 418 3799 ⁸
444 3769 494 3826 &Al
503 3779 620 3823 govsruo
630 3770 700 3814 della
710 3768 781 3815 cittis
789 3769 944 3825 (Senatum),
957 3771 1109 3815 havendoue
1120 3770 1138 3814 il
1148 3768 1221 3813 Duce
1230 3768 1409 3821 (Florentiae),
1418 3768 1509 3821 poiche
1518 3768 1601 3810 i'eblrc

368 3834 431 3885 dato
440 3840 533 3895 forms,
544 3837 699 3885 ricblamsto
710 3842 784 3885 Mtro.
797 3840 897 3896 Agnolo
907 3841 1142 3891 Niecollol.rimsse
1150 3834 1221 3885 coul'
1233 3839 1349 3883 sutorlta
1357 3839 1376 3883 il
1384 3837 1464 3882 Coute
1473 3838 1497 3881 di
1507 3835 1603 3881 Suntn-

368 3912 439 3967 iiote,
450 3913 631 3967 espettsndosi
638 3912 687 3957 elle
694 3912 752 3957 Dou
759 3912 905 3957 Francesco
914 3914 941 3957 di
948 3912 1054 3966 Tuledo,
1064 3912 1174 3957 secondo
1182 3911 1291 3955 l’ordine
1300 3910 1348 3953 che
1356 3911 1380 3953 ιι·
1388 3910 1474 3953 beves
1482 3910 1543 3953 dall·
1552 3908 1599 3951 ltn-

369 3984 506 4039 peredere,
516 3984 544 4027 vi
557 3984 669 4029 sudasse
678 3996 695 4029 s
704 3985 827 4037 risedere,
838 3984 974 4028 essendovl
990 3985 1096 4037 bisogno
1107 3984 1132 4027 di
1144 3993 1259 4037 governo
1275 3992 1411 4033 sarrano„
1428 3980 1540 4033 Josrsrus
1551 3980 1603 4023 iia-

366 4066 455 4101 msrn
466 4056 589 4109 Αιιιιιιιιιι,
602 4056 700 4099 moria
710 4057 753 4100 αι’
762 4056 823 4099 suoi
831 4057 926 4110 temps,
939 4056 982 4099 lib.
995 4066 1051 4099 ιιιιι.

405 4130 418 4163 ⁴
447 4126 826 4183 videsnprs.png.s9,n.1zs.
1551 4178 1557 4191 ·

407 4201 419 4233 ὅ
445 4200 515 4245 “Era
525 4208 610 4245 morto
620 4200 646 4245 iu
661 4206 751 4255 questo
762 4206 848 4259 tempo
864 4204 948 4244 stesso
958 4199 985 4243 iu
995 4200 1082 4254 quella
1092 4198 1164 4242 Cirta
1173 4196 1267 4248 (Senis)
1283 4196 1338 4239 Duu
1353 4194 1499 4239 Francesco
1515 4194 1540 4239 di
1552 4194 1599 4239 To·

367 4272 433 4324 ledo,
445 4267 463 4315 ll
473 4272 551 4327 qusle
559 4270 792 4315 lssvevsindlrltto
802 4269 820 4314 ll
827 4281 943 4324 governo
951 4276 1021 4315 tutto
1029 4270 1062 4315 sd
1072 4270 1206 4314 ubldlenzs
1214 4268 1255 4311 del
1265 4266 1302 4311 Re
1310 4264 1420 4322 Filipps,
1429 4278 1443 4310 e
1452 4266 1604 4311 confortato

366 4344 426 4399 quei
442 4341 562 4387 cittsdinl
578 4353 595 4386 s
612 4342 703 4387 solerii
721 4352 793 4387 esser
810 4342 887 4386 buoni
902 4340 1021 4393 vassalli,
1037 4352 1050 4384 e
1067 4341 1085 4383 l·
1101 4340 1249 4383 universale
1264 4350 1295 4381 ne
1306 4339 1411 4382 havera
1428 4349 1504 4393 presa
1515 4340 1604 4382 bunna

368 4424 536 4469 speranza...
551 4413 753 4464 Aoussn1.ioid.

408 4484 420 4519 θ
448 4486 577 4530 Antonius
587 4486 618 4529 de
628 4485 753 4529 Altoviti.

408 4556 419 4587 ἵ
448 4556 548 4601 Vlcsrli
562 4563 587 4601 et
600 4556 785 4611 inquisitorum
797 4554 947 4600 Florentiae
959 4558 1132 4601 testimonium
1145 4555 1226 4599 edidit
1242 4555 1336 4603 Plutus.
1353 4554 1418 4597 Acts
1435 4554 1459 4597 Sl
1472 4557 1599 4607 actorum,

369 4636 457 4673 meuse
467 4625 546 4681 Juiio,
558 4632 577 4671 t.
590 4638 635 4675 vn.
644 4631 714 4681 part.
725 4638 751 4679 ll,
765 4626 863 4671 Comus.
881 4638 972 4681 praev.
983 4628 1014 4671 de
1030 4624 1056 4672 S.
1073 4626 1208 4681 ignatias
1222 4636 1301 4677 nevit,
1317 4633 1341 4669 n.
1352 4624 1450 4675 soouot.
1465 4627 1507 4679 qul
1523 4624 1605 4669 Ducis

375 4700 559 4753 testimonium,
569 4700 596 4743 tt
605 4699 666 4743 lisii
676 4698 754 4752 buius
765 4700 824 4742 unni
836 4699 933 4752 datum,
945 4701 1035 4743 habuit
1046 4700 1148 4754 quidem
1157 4708 1220 4753 prae
1228 4698 1345 4741 manibus
1353 4698 1398 4741 sed
1409 4706 1457 4741 non
1468 4697 1559 4742 edidit.
