3717 5400
345 447 402 510 288
807 449 936 510 Cannu.
958 449 1036 510 Soc.
1056 451 1126 523 jas.

350 613 458 658 mano
470 595 629 674 Collegio
643 593 665 673 ¹,
681 595 814 659 reditus
830 595 938 659 etiam
951 596 1089 676 aliquos
1104 613 1221 660 emere
1233 597 1375 660 volebat
1388 597 1434 661 ad
1445 607 1586 662 susten«

348 703 520 766 tationem
532 703 782 782 studiosorum,
795 703 855 783 qui
866 703 1035 767 Coloniae
1046 713 1278 767 versarentur
1287 712 1310 766 ¹.
1323 703 1461 768 Doctor
1471 704 1579 770 etiam

349 808 558 890 Gropperus
576 827 663 888 erga
680 807 896 873 Societatem
915 809 1021 873 valde
1036 809 1197 890 affectuS,
1218 826 1387 889 magnam
1405 812 1584 892 pecuniae·

352 933 528 980 summam
543 934 581 980 se
595 918 687 979 velle
702 917 789 979 dare
804 916 1014 995 affirmabat,
1028 917 1132 982 simul
1146 927 1252 998 atque
1267 917 1466 999 Collegium
1481 918 1584 982 Colo-

349 1023 432 1086 niae
443 1023 698 1101 institueretur;
710 1023 763 1086 sic
775 1034 809 1087 et
821 1024 881 1086 alii
893 1024 999 1088 amici
1013 1024 1084 1087 alia
1099 1025 1367 1104 pollicebantur.
1383 1023 1464 1104 Sed,
1480 1042 1578 1105 prae·

351 1139 407 1192 ter
421 1128 616 1192 subsidium
630 1129 873 1209 pecuniarum,
890 1128 1118 1194 Carthusiani
1133 1132 1225 1194 bono
1245 1132 1378 1194 nomini
1392 1129 1587 1196 Societatis

350 1237 552 1315 studebant,
568 1246 602 1300 et
617 1246 654 1299 ut
669 1236 843 1300 celebrior
857 1247 951 1300 esset
965 1238 1002 1300 in
1022 1237 1090 1301 illis
1109 1239 1208 1317 locis,
1231 1256 1313 1302 cum
1337 1239 1585 1304 excudendum

350 1354 517 1410 curarent
532 1344 723 1424 mysticam
747 1344 965 1423 theologiam
989 1343 1064 1408 Diu
1078 1345 1224 1409 Henrici
1250 1345 1348 1410 Herk
1370 1345 1393 1423 ³,
1414 1346 1585 1411 dedicare

349 1467 430 1514 eam
444 1449 483 1514 P.
500 1448 640 1529 lgnatio
657 1451 836 1528 volebant,
850 1468 892 1513 ac
905 1450 1068 1514 Patribus
1079 1450 1267 1516 Societatis
1277 1451 1374 1534 Jesu;
1387 1462 1421 1516 et
1433 1469 1586 1534 prorsus

349 1557 520 1622 Coloniae
546 1557 662 1637 magis
687 1574 793 1637 quam
820 1567 924 1621 antea
944 1575 1099 1638 unquam
1123 1560 1236 1624 nostri
1262 1560 1530 1640 expetebantur;
1545 1570 1586 1625 et

352 1665 461 1745 aliqui
477 1665 582 1728 amici
598 1663 733 1727 reditus
745 1681 962 1744 praeparare
976 1665 1094 1729 futuro
1110 1665 1269 1746 Collegio
1281 1666 1507 1746 incipiebant.
1519 1667 1587 1731 Ille

351 1780 487 1849 tamen,
508 1771 568 1850 qui
593 1771 678 1834 dare
692 1771 838 1834 domum
862 1769 1031 1835 Societati
1049 1773 1207 1853 volebat,
1229 1784 1264 1836 et
1282 1774 1319 1835 in
1342 1774 1511 1853 Angliam
1534 1773 1580 1836 ad

349 1879 460 1944 breve
475 1887 615 1957 tempus
632 1894 670 1940 se
682 1877 859 1958 proficisci
871 1877 1023 1957 dicebat,
1039 1878 1121 1943 inde
1134 1896 1205 1943 non
1218 1879 1331 1958 rediit,
1344 1897 1411 1943 nec
1425 1890 1499 1944 toto
1513 1881 1588 1944 hoc

350 2002 447 2048 anno
463 2003 484 2048 a
499 1984 633 2048 nostris
647 1984 748 2048 visus
762 1992 814 2047 est
829 1980 852 2044 ⁴.

862 2235 1074 2246 ..ιιι-..-

408 2413 480 2479 787.
528 2415 629 2494 Quod
645 2415 691 2478 ad
703 2413 989 2494 Noviomagense
1001 2413 1195 2494 Collegium
1206 2417 1342 2493 attinet,
1354 2418 1414 2480 ubi
1428 2418 1584 2497 primum

353 2522 525 2586 intellexit
540 2520 578 2583 P.
594 2521 753 2600 ignatius
769 2523 881 2584 solum
897 2521 995 2584 illum
1010 2538 1053 2584 ac
1065 2521 1189 2585 domos
1200 2538 1278 2585 esse
1289 2523 1505 2602 assignatas
1521 2522 1588 2586 ad·-

350 2628 489 2692 monuit
504 2627 648 2690 Patrem
663 2627 889 2691 Leonardum
904 2628 973 2691 duo
989 2628 1247 2709 praemittenda
1262 2645 1341 2692 esse
1353 2639 1391 2692 ut
1405 2630 1453 2693 ibi
1468 2630 1579 2694 Colle·

349 2738 451 2818 gium
470 2736 726 2800 admitteretur:
751 2738 900 2799 alterum
924 2746 1012 2813 erat,
1038 2745 1075 2798 ut
1094 2743 1236 2816 praeter
1254 2736 1398 2799 domum
1417 2745 1452 2800 et
1473 2740 1582 2801 eccle·

349 2846 454 2922 siam,
471 2844 578 2907 etiam
597 2841 828 2923 supellectilia
851 2843 1038 2921 darentur,
1064 2843 1213 2906 alterum
1232 2854 1368 2922 autem,
1390 2852 1428 2906 ut
1447 2844 1591 2909 reditus.

349 2951 396 3014 ad
411 2950 679 3032 quatuordecim
695 2951 752 3012 vel
772 2950 974 3029 quindecim
997 2968 1043 3012 ex
1058 2950 1189 3012 nostris
1207 2950 1459 3014 sustentandos
1473 2953 1581 3032 appli-

349 3066 529 3136 caremus,
545 3067 580 3119 et
595 3058 626 3119 si
641 3057 745 3137 virgo
760 3057 837 3135 illa,
859 3074 951 3137 quae
970 3056 1114 3119 domum
1133 3057 1290 3137 reliquit,
1310 3058 1587 3137 supervixisset,

286 3210 288 3214 -
349 3164 484 3228 reditus
512 3163 607 3228 haud
635 3163 738 3226 dubie
766 3164 933 3228 relictura
966 3163 1188 3226 credebatur.
1222 3164 1267 3227 Et
1299 3164 1447 3243 ipsemet
1475 3164 1584 3229 etiam

348 3270 387 3335 Ρ.
408 3270 614 3335 leonardus
636 3267 740 3349 hujus
761 3280 838 3332 erat
859 3269 1055 3332 sententiae
1078 3270 1172 3349 quod
1187 3288 1232 3333 ex
1254 3269 1455 3333 mendicato
1470 3272 1583 3334 nostri

348 3378 467 3441 inillis
483 3378 574 3440 locis
589 3378 711 3440 vivere
726 3394 797 3440 non
812 3376 999 3454 deberent,
1017 3376 1080 3439 sed
1096 3378 1140 3440 ab
1154 3376 1280 3440 amicis
1301 3376 1505 3455 SocietatiS,
1521 3380 1582 3459 qui

350 3502 499 3548 numero
515 3484 615 3547 multi
635 3494 750 3557 erant,
774 3484 866 3545 clam
888 3496 1031 3546 nostros
1052 3484 1245 3546 sustentari
1260 3483 1445 3546 commode
1463 3466 1594 3565 posse,

348 3591 412 3655 sed
427 3592 471 3653 ab
491 3591 707 3671 Imperatore
722 3590 820 3670 prius
834 3590 1034 3653 habendam
1049 3589 1271 3669 facultatem,
1295 3599 1333 3652 ut
1347 3592 1509 3671 superius
1531 3592 1582 3655 di·

349 3707 447 3762 ctum
461 3708 517 3761 est
531 3696 553 3777 ³,
571 3697 749 3773 censebat;
766 3714 835 3776 qua
857 3696 1017 3774 obtenta,
1038 3697 1180 3776 plurimi
1199 3697 1243 3760 de
1264 3697 1338 3759 suis
1356 3696 1591 3761 facultatibus.

349 3804 554 3868 necessaria
572 3805 607 3867 in
623 3821 725 3867 usum
740 3803 887 3883 Collegii
907 3804 1155 3882 elargirentur,
1176 3814 1211 3866 et
1234 3803 1325 3866 inter
1341 3804 1446 3882 alioS,
1469 3804 1582 3868 Deca-

348 3929 416 3975 nus
428 3911 508 3991 jam
523 3910 637 3973 dictus
652 3908 664 3939 ⁶
679 3928 781 3974 suam
796 3911 891 3973 illam
907 3910 1116 3989 dignitatern
1137 3910 1244 3973 alicui
1263 3919 1466 3974 nostrorum
1480 3912 1582 3973 scho-

294 4068 297 4074 .
348 4019 558 4083 lasticorum
576 4017 759 4097 resignare
774 4017 949 4097 cupiebat,
965 4027 1002 4079 ut
1022 4018 1075 4080 sic
1095 4016 1199 4079 modo
1218 4018 1501 4082 convenientiori
1513 4016 1592 4081 No·-

394 4258 402 4290 ¹
431 4257 498 4301 Vide
508 4269 596 4313 supra,
606 4270 664 4313 pag.
676 4259 710 4312 45,
722 4270 746 4302 n.
756 4258 791 4311 89,
802 4260 829 4302 et
839 4254 961 4301 Litterae
969 4256 1199 4309 Quadrimestres,
1208 4266 1227 4300 r.
1238 4269 1274 4311 ut,
1285 4270 1346 4312 pag.
1355 4257 1404 4303 753.

391 4329 402 4362 ¹
433 4329 517 4373 “Runa
527 4329 555 4373 P.
573 4330 647 4374 Prior
658 4330 814 4374 carthusiae
825 4330 876 4375 iam
890 4327 1077 4383 compararim
1090 4339 1228 4373 aureorum
1243 4340 1342 4372 annuos
1358 4330 1474 4374 redditus
1484 4341 1532 4385 pro
1548 4330 1591 4377 lla

355 4400 442 4455 quide
455 4400 585 4446 Societate
596 4402 646 4446 huc
656 4400 759 4445 venturi
770 4406 851 4452 sunt„
862 4399 984 4443 Litterae
995 4398 1226 4453 Quadrimestres,
1235 4405 1264 4443 ut
1273 4412 1361 4453 supra.

394 4472 405 4505 θ
434 4472 486 4525 Sic3
498 4479 634 4517 astantem
645 4472 728 4527 Herp.
739 4472 806 4515 Vide
818 4470 938 4514 Litterae
949 4470 1179 4523 Quadrtmestres,
1188 4478 1209 4514 t.
1223 4482 1260 4522 ru.
1269 4483 1329 4525 pag.
1339 4472 1388 4527 tot,
1403 4478 1490 4516 annot.
1502 4474 1523 4515 l.

388 4547 400 4579 ⁴
430 4545 497 4589 Vide
507 4555 596 4598 supra,
606 4552 625 4587 t.
636 4556 671 4597 tv,
682 4554 742 4598 pag.
753 4543 800 4597 279,
812 4554 836 4586 n.
847 4542 895 4585 604.

394 4616 407 4649 ⁸
433 4615 646 4670 ragusanum.

390 4686 403 4720 θ
431 4687 496 4741 Peg.
506 4686 555 4741 281,
565 4684 647 4731 natu.
