3717 5400
846 492 910 553 Art.
932 491 1004 553 1555
1486 494 1542 555 525

305 643 482 725 praebuit,
504 642 612 707 immo
633 650 669 705 et
689 656 860 705 censuras
881 639 1053 719 adhibuit,
1073 647 1219 720 propter
1233 656 1332 719 quas,
1349 657 1415 704 nec
1430 643 1542 721 magi·

304 759 454 828 stratus,
468 767 534 814 nec
545 758 741 828 senatoreS,
753 766 819 813 nec
834 747 988 811 ministri
1002 764 1127 811 eorum
1141 747 1178 809 in
1192 746 1293 811 iestis
1308 748 1477 811 natalitiis
1491 748 1540 813 in-

304 868 443 921 teresse
458 857 589 921 divinis
605 856 729 920 officiis
743 864 946 936 potuerunt,
962 854 1076 918 donec
1087 854 1132 917 ab
1145 853 1426 936 Archiepiscopo
1442 855 1542 919 Tole-

307 974 395 1029 tano
411 964 670 1029 absolutionem
685 964 917 1045 impetrarent
935 960 955 1024 ¹.
974 961 1010 1024 P.
1027 960 1170 1039 TorreS,
1187 970 1272 1026 tunc
1293 961 1541 1043 Provinciam,

307 1088 394 1135 cum
427 1072 581 1153 quodam
611 1069 804 1134 secretario
832 1069 1000 1150 Episcopi
1024 1069 1103 1149 (qui
1125 1086 1192 1150 pro
1217 1069 1364 1133 brachio
1393 1070 1540 1134 dextero

310 1179 379 1259 ipsi
394 1177 408 1209 '
424 1180 513 1257 erat)
533 1178 713 1257 negotium
728 1176 796 1240 hoc
815 1176 1004 1253 tractabat,
1028 1186 1066 1239 ut
1088 1174 1286 1257 Episcopus
1305 1176 1440 1240 scilicet
1465 1194 1543 1241 sese

306 1302 487 1366 opponere
498 1285 686 1350 desineret.
708 1283 956 1347 Postulaverat
974 1283 1117 1364 quidem
1135 1282 1333 1365 Episcopus
1354 1286 1541 1349 conciona-

310 1402 424 1455 torem
450 1392 493 1455 de
518 1390 695 1455 Societate
722 1391 768 1455 ad
793 1390 986 1455 secundam
1006 1390 1224 1454 dominicam
1246 1389 1434 1455 Adventus
1459 1394 1544 1457 anni

309 1499 503 1579 praeteriti,
522 1500 604 1562 etei
626 1498 739 1562 nostri
754 1514 888 1561 morem
909 1507 1109 1577 gesserunt.
1133 1494 1204 1561 Sed
1222 1507 1411 1578 postquam
1432 1500 1542 1577 litem,

246 1622 250 1629 ·
304 1604 463 1679 ‚aedificii
476 1624 599 1682 causa,
613 1606 723 1668 movit
735 1604 867 1668 nostris
882 1616 917 1667 et
932 1603 999 1684 ipsi
1011 1604 1159 1683 civitati,
1174 1605 1326 1686 amplius
1341 1616 1544 1671 nostrorum

307 1730 459 1793 operam
474 1712 519 1775 ad
534 1712 819 1777 concionandum
833 1729 905 1775 non
919 1712 1125 1791 postulavit,
1142 1712 1307 1791 quamvis
1321 1713 1354 1775 ei
1373 1730 1445 1776 non
1459 1712 1544 1777 fuis-

309 1831 367 1883 set
382 1820 609 1900 denegatum.
626 1820 828 1901 Antequam
844 1819 993 1898 ipsemet
1012 1818 1075 1881 Dr.
1098 1817 1230 1883 Torres
1248 1837 1330 1883 cum
1349 1818 1387 1882 Ρ.
1406 1820 1545 1885 Gonza·

313 1930 367 1991 iez
384 1927 549 1990 Corduba
566 1927 758 2005 recederet,
775 1928 1001 2007 praelegerat
1017 1925 1060 1989 de
1081 1927 1324 1990 contractibus
1340 1944 1421 1991 cum
1436 1930 1545 1991 conti·

314 2051 385 2097 nuo
400 2043 473 2097 tam
495 2033 735 2098 studiosorum
755 2034 957 2111 theologiae
977 2050 1084 2112 quam
1105 2033 1330 2096 sacerdotum
1356 2051 1545 2114 concursu;

312 2151 349 2205 et
365 2142 596 2205 christianam
621 2142 728 2205 etiam
753 2141 951 2204 doctrinam
977 2141 1071 2204 idem
1095 2158 1178 2203 cum
1202 2142 1290 2205 satis
1315 2158 1447 2221 magna
1468 2141 1547 2223 [fre-

310 2247 468 2330 quentia]
484 2260 519 2313 et
535 2248 778 2312 satisfactione
794 2248 1012 2312 audientium
1023 2250 1259 2329 praelegerat.

357 2356 444 2420 1433.
488 2356 703 2420 Cessaverat
717 2366 837 2418 tamen
852 2355 1052 2418 aedificium
1072 2357 1290 2433 scholarum,
1311 2369 1547 2438 cumpraeter

310 2466 484 2527 censuras
509 2463 712 2543 praedictas
732 2462 932 2542 Episcopus
953 2480 999 2525 ex
1023 2462 1246 2526 Cancellaria
1269 2464 1485 2528 Granatensi
1510 2476 1546 2528 et

312 2571 496 2634 decretum
510 2568 688 2649 quoddam
703 2570 881 2643 attulerat,
904 2569 1000 2649 quod
1020 2570 1167 2633 concedi
1186 2573 1276 2633 solet
1295 2570 1370 2633 fere
1385 2572 1548 2635 omnibus

316 2677 353 2742 id
374 2677 645 2758 postulantibus;
669 2685 716 2754 ut,
738 2676 884 2754 seilicet,
906 2676 952 2740 ad
972 2676 1168 2756 nonaginta
1189 2678 1265 2741 dies
1284 2680 1328 2741 ab
1348 2695 1454 2758 opere
1475 2697 1547 2744 ces·

316 2795 467 2850 sassent.
484 2785 555 2848 Illis
580 2794 698 2849 autem
717 2785 897 2861 absolutis,
920 2793 1084 2864 coeptum
1100 2803 1189 2866 opus
1210 2786 1338 2848 civitas
1358 2801 1548 2867 prosecuta

314 2900 382 2956 est.
397 2893 437 2956 In
452 2909 592 2955 omnem
606 2901 725 2956 tamen
745 2905 911 2954 eventum
931 2891 975 2954 D.
996 2892 1152 2972 Joannes
1177 2894 1366 2972 collegium
1387 2903 1550 2958 nostrum

319 3000 474 3078 migrare
488 3000 599 3062 voluit
614 2999 650 3062 in
664 3016 749 3062 suas
764 2999 869 3062 aedes
885 3000 1094 3079 praestituto
1110 3009 1280 3079 tempore,
1298 3000 1445 3079 scilicet,
1461 3003 1549 3064 nati-

321 3107 430 3170 vitate
445 3105 504 3170 Sstl
523 3106 671 3188 Joannis
687 3106 736 3184 (ut
751 3106 914 3186 superius
934 3107 1068 3169 sactum
1083 3107 1238 3170 diximus
1257 3106 1294 3187 ³),
1311 3118 1344 3170 et
1361 3109 1410 3171 ita
1426 3126 1551 3189 prope·

317 3215 422 3278 rabat
437 3214 582 3278 alterius
596 3214 732 3292 domuS,
750 3230 857 3293 quam
871 3212 1076 3276 coniecerat
1092 3214 1138 3277 ad
1157 3231 1259 3276 suam
1280 3214 1549 3288 habitationem,

316 3321 518 3385 aedificium
544 3321 741 3398 absolvere,
764 3329 800 3382 et
825 3320 899 3400 ipse
925 3322 1022 3384 solus
1045 3321 1269 3401 provinciam
1294 3321 1416 3384 sacelli
1433 3323 1552 3384 aediti-

317 3428 425 3490 candi
440 3427 599 3507 sumpsit,
617 3426 728 3490 donec
744 3424 756 3456 ⁴
771 3425 991 3507 expectando
1008 3437 1047 3488 ut
1058 3428 1172 3490 nostri
1184 3427 1230 3489 ad
1242 3426 1277 3489 id
1289 3427 1551 3491 aedificandum

318 3536 509 3616 quicquam
521 3533 732 3610 conferrent,
749 3532 842 3612 quod
858 3533 952 3595 enim
963 3533 1153 3612 aliquando
1168 3534 1399 3597 constitutum
1415 3517 1493 3596 e'rat
1509 3537 1552 3598 dc

318 3641 471 3706 ecclesia
486 3639 704 3719 fabricanda,
722 3641 757 3702 in
769 3641 939 3704 sacellum
959 3640 1179 3719 praedictum
1202 3652 1458 3705 commutatum
1472 3641 1550 3718 luit,

323 3749 414 3830 quod
429 3758 546 3811 tamen
559 3749 813 3828 propemodum
828 3759 900 3810 tam
913 3765 1028 3827 capax
1040 3746 1196 3810 futurum
1207 3759 1295 3824 erat,
1313 3766 1419 3828 quam
1429 3748 1554 3812 suisset

322 3857 474 3920 ecclesia
490 3856 675 3934 designata
693 3865 726 3916 et
742 3855 882 3934 quidem
900 3855 934 3916 in
950 3855 1183 3917 commodiori
1199 3856 1289 3918 loco.

366 3963 454 4026 1434.
497 3962 613 4026 Rediit
629 3971 751 4041 postea
768 3961 805 4023 P.
823 3959 1084 4025 Prouinciaiis³
1104 3979 1186 4025 cum
1201 3962 1278 4042 ipso
1293 3961 1331 4025 P.
1355 3961 1552 4025 Francisco

325 4105 495 4114 ——-...

367 4169 374 4201 ¹
404 4167 576 4213 Cordubensis
587 4167 706 4219 ecclesia,
717 4178 781 4220 quac
794 4167 826 4210 ad
838 4178 933 4210 annum
947 4167 1052 4210 circiter
1068 4167 1108 4210 358
1119 4166 1319 4221 hietropolildna
1330 4167 1452 4212 Baeticae
1463 4168 1555 4212 habita

323 4243 334 4286 i
336 4243 380 4296 uit,
391 4247 483 4296 postca
494 4239 674 4292 Hispalitauae
686 4245 711 4280 et
723 4237 863 4281 Toletanae
874 4237 1040 4290 suffraganea
1051 4238 1107 4280 luit.
1119 4237 1201 4280 Gaas.

360 4315 371 4345 ²
398 4311 728 4367 Episcopo—Secretartus
736 4311 811 4356 huius
823 4309 996 4354 Cordubensis
1006 4310 1127 4364 Episcopi
1138 4310 1186 4354 suit
1196 4311 1358 4354 Licentiatus
1369 4310 1481 4364 Joannea
1491 4310 1557 4354 San·

321 4387 385 4430 chez
397 4383 525 4437 Navarro;
537 4395 627 4427 verum
638 4383 799 4437 nullanetus
809 4383 908 4426 iactam
922 4383 1077 4426 mentionem
1093 4383 1236 4437 reperimus
1250 4385 1283 4426 ab
1298 4395 1365 4427 anno
1377 4383 1437 4426 1525.
1452 4382 1492 4427 ct.
1508 4383 1558 4426 Go-

324 4469 373 4502 »ιη
384 4459 483 4510 Bnnvo,
494 4459 511 4500 l.
522 4467 544 4500 c.

364 4529 375 4562 ὅ
402 4529 466 4584 Pag.
476 4529 516 4570 521
527 4535 553 4572 et
563 4529 612 4582 522,
624 4541 647 4571 n.
661 4529 749 4574 1l25et
762 4529 821 4572 1t26.

364 4600 377 4633 ⁴
405 4599 447 4645 Sic
454 4615 460 4656 ς
471 4613 561 4646 sensus
573 4606 659 4645 tamen
671 4601 776 4653 exigere
788 4600 893 4644 videtur
903 4609 932 4643 ut
942 4601 999 4644 loco
1010 4599 1093 4643 detrec
1102 4599 1234 4643 scribatur
1245 4611 1309 4642 non.

367 4675 378 4706 ὅ
404 4675 523 4728 Intellige
535 4675 576 4718 hic
589 4674 693 4717 Patrem
706 4673 857 4718 hlicbaelem
868 4672 899 4714 de
910 4671 1013 4721 Torres,
1026 4672 1068 4726 qul
1079 4671 1203 4714 Baeticae
1213 4672 1363 4725 provinciae
1373 4669 1495 4726 praeesse
1506 4683 1558 4718 non

325 4746 404 4790 desiit
416 4755 476 4790 ante
487 4754 637 4790 autumnum
649 4745 724 4800 hujus
736 4747 795 4788 anni
808 4745 867 4788 1555.
879 4744 946 4787 Vide
957 4755 1044 4797 supra,
1054 4755 1115 4798 pag.
1125 4743 1174 4796 518,
1187 4755 1210 4786 n.
1223 4743 1282 4788 itis.
