3717 5400
334 502 396 561 462
798 500 926 560 Canon.
948 499 1024 558 Soc.
1046 499 1116 571 jas.

403 648 491 713 1254.
534 647 636 727 Quod
662 646 707 710 ad
728 646 899 710 exercitia
920 645 1120 725 spiritualia
1147 647 1282 724 attinet,
1309 654 1344 708 et
1366 644 1450 709 illud
1472 662 1570 725 prae·

337 758 466 821 sertim
484 756 578 835 quod
598 755 643 818 ad
665 753 1025 839 praedestinationem
1050 754 1228 833 pertinere
1254 751 1409 817 diximus
1436 752 1462 831 ¹,
1485 749 1572 815 nihil

335 863 522 944 agendum
536 878 615 925 esse
638 860 676 923 P.
699 861 820 925 Araoz
840 860 990 939 censuit,
1013 876 1094 923 cunt
1114 860 1234 923 omnia
1249 858 1323 940 jam
1343 861 1430 923 satis
1453 868 1571 923 essent

336 971 521 1035 ‘intellecta
544 977 580 1031 et
598 978 726 1049 pacata
749 973 771 1026 ¹.
798 968 843 1031 Et
865 982 1037 1046 magnum
1062 966 1319 1031 incrementum
1338 966 1374 1029 in
1393 976 1467 1030 tota
1487 965 1570 1030 Pro·

336 1078 461 1142 'vincia
476 1076 652 1140 Castellae
665 1092 724 1139 res
738 1084 883 1137 nostrae
901 1072 1091 1138 Societatis
1106 1074 1305 1154 capiebant,
1322 1083 1394 1137 tam
1409 1074 1503 1154 quod
1525 1072 1571 1135 ad

336 1194 546 1249 nostrorum
561 1199 747 1246 numerum
762 1182 899 1258 attinet,
917 1197 998 1243 curn
1013 1182 1112 1244 multi
1127 1190 1161 1244 et
1177 1182 1299 1245 selecti
1313 1198 1356 1243 ac
1376 1181 1572 1260 praeclaris

336 1292 483 1355 dotibus
498 1290 662 1354 instructi
675 1288 836 1352 homines
850 1286 1065 1351 Societatem
1081 1287 1363 1367 ingrederentur,
1380 1296 1416 1349 et
1436 1287 1572 1351 fructus

337 1396 529 1462 :ministerii
543 1396 658 1459 nostri
671 1396 708 1459 in
723 1414 765 1459 eo
782 1411 894 1474 regno
909 1395 1077 1474 copiosus
1092 1404 1196 1473 esset,
1214 1405 1249 1458 et
1271 1397 1378 1458 etiam
1397 1404 1572 1474 tempora·

342 1507 389 1569 lia
405 1512 640 1585 augerentur3
657 1519 740 1566 nam
757 1502 881 1566 eodem
901 1502 976 1565 fere
1000 1512 1160 1581 tempore
1181 1502 1339 1565 Murciae
1361 1502 1403 1565 de
1424 1502 1573 1579 collegio

344 1612 563 1675 instituendo
577 1610 671 1673 serio
686 1610 884 1689 Episcopus
898 1609 1041 1688 agebat,
1063 1618 1098 1671 et
1116 1608 1315 1672 aedificium
1335 1608 1519 1688 egregium
1539 1617 1574 1670 et

341 1720 438 1782 mille
454 1718 665 1781 ducatorum
679 1717 788 1779 annui
802 1716 937 1779 reditus
952 1716 985 1778 ei
999 1716 1198 1796 relinquere
1216 1696 1355 1778 uolebat
1370 1713 1391 1777 ⁸.

405 1825 493 1888 1255.
537 1824 666 1888 Comes
680 1823 811 1886 Montis
827 1822 928 1901 Regii
944 1819 957 1852 ⁴
971 1832 1005 1885 et
1020 1821 1180 1885 Marchio
1196 1821 1240 1885 de
1255 1821 1399 1885 Tavora
1414 1820 1427 1853 ⁸
1440 1822 1477 1885 in
1488 1838 1574 1885 suae

337 1931 488 1995 ditionis
505 1931 708 2011 praecipuis
730 1930 817 1992 locis
837 1930 988 2007 collegia
1008 1929 1169 1992 similiter
1189 1930 1412 2010 expetebant,
1437 1938 1470 1992 et
1492 1942 1575 2009 spes

341 2040 429 2102 data
446 2039 514 2101 illis
529 2048 582 2100 est
598 2037 692 2118 quod
706 2047 824 2098 essent
841 2036 1072 2099 admittenda.

409 2144 497 2207 1256.
540 2143 723 2207 Ocanniae
737 2141 907 2220 (Olcades
921 2142 1057 2221 antiqui
1073 2144 1252 2207 vocabant
1267 2140 1291 2221 ⁶)
1311 2142 1480 2207 sacerdos
1502 2144 1575 2223 qui·

339 2253 427 2315 dam
444 2252 454 2281 ²
472 2252 625 2327 domum,
642 2268 749 2331 quam
764 2252 799 2312 in
822 2249 1029 2313 monasterii
1052 2268 1156 2313 usum
1176 2249 1439 2329 aedificaverat,
1460 2249 1575 2315 Socie-

344 2358 412 2422 tati
433 2358 614 2434 offerebat,
638 2367 673 2419 et
694 2358 768 2420 fere
790 2356 1005 2436 quingentos
1027 2356 1178 2419 ducatus
1204 2357 1311 2420 annui
1340 2356 1485 2421 reditus.
1513 2358 1577 2421 Est

347 2472 466 2528 autem
489 2464 650 2527 Ocannia
671 2462 839 2543 oppidum
861 2463 950 2524 satis
972 2462 1110 2542 insigne
1132 2464 1167 2525 in
1190 2480 1301 2543 regno
1320 2463 1503 2543 Toletano,
1517 2464 1576 2527 ubi

339 2570 407 2633 300
421 2569 545 2633 domus
560 2570 729 2632 nobilium
743 2580 857 2644 erant,
871 2586 1001 2631 novem
1013 2569 1122 2631 leucis
1137 2568 1260 2633 Toleto
1273 2580 1306 2633 et
1318 2570 1464 2633 totidem
1476 2570 1577 2634 Com·

347 2735 406 2741 ..—-
477 2733 556 2740 --...

391 2804 398 2836 ¹
431 2802 496 2846 Vide
506 2813 594 2855 supra,
606 2807 625 2845 t.
633 2813 668 2855 nr,
679 2813 739 2856 pag.
748 2801 790 2844 835
799 2807 825 2843 et
833 2799 882 2851 πό,
894 2812 919 2843 n.
931 2801 978 2849 746,
990 2807 1016 2844 et
1028 2807 1046 2844 t.
1058 2811 1094 2854 tv,
1105 2812 1164 2856 pag.
1174 2801 1223 2856 416,
1234 2814 1259 2846 n.
1269 2801 1317 2846 8⁹⁶.

388 2874 401 2906 ¹
427 2874 497 2917 ldem
513 2873 611 2918 Romae
628 2875 758 2918 sentiebat
776 2871 902 2926 ignatius.
913 2871 966 2916 “De
982 2874 1019 2916 los
1036 2872 1179 2928 Ejercleios
1196 2875 1488 2920 econtradlcionaobre
1505 2877 1578 2930 ellos,

349 2943 423 2990 Ntro.
435 2945 518 2989 Padre
530 2957 563 2989 no
572 2948 653 2989 sientc
664 2957 712 2999 que
724 2946 844 2989 debemos
858 2946 939 2986 baeer
949 2955 1019 2994 caso,
1031 2945 1084 2986 sino
1098 2953 1170 2987 estar
1180 2957 1211 2988 en
1226 2957 1274 2999 paz
1285 2957 1332 2990 con
1345 2948 1418 2990 todos
1430 2947 1461 2990 de
1472 2955 1578 2990 nuestra

340 3023 432 3073 parte,
443 3030 459 3073 y
468 3018 489 3060 si
500 3018 610 3068 alaunos
621 3028 667 3059 nos
677 3016 862 3066 demandarau,
872 3015 1053 3070 responderles
1068 3017 1156 3059 bemoa
1167 3029 1184 3074 5
1194 3017 1341 3061 lacllmente
1352 3018 1579 3072 descargdndouoa

346 3101 395 3134 con
406 3092 432 3132 la
443 3089 508 3132 Sede
519 3089 679 3142 Apostolica,
692 3091 784 3145 acuyo
792 3088 871 3142 juicio
882 3099 899 3142 y
910 3098 1029 3138 censura,
1045 3098 1092 3131 con
1108 3090 1262 3142 precedente
1277 3091 1456 3134 examinaciou
1469 3097 1514 3134 tan
1524 3091 1580 3135 dili·

345 3169 467 3216 gemere
479 3159 831 3214 oirecleronlosEjercicios.
842 3171 860 3214 y
871 3157 906 3201 Su
922 3159 1050 3202 Santidad
1065 3170 1113 3202 con
1129 3159 1213 3202 Breve
1229 3161 1373 3214 particular
1391 3153 1504 3216 approbo
1519 3163 1579 3207 todo

342 3240 442 3276 euanto
452 3243 484 3275 en
494 3233 558 3274 elloa
566 3231 619 3288 hay
629 3245 646 3287 y
656 3232 766 3275 exhorta
777 3233 814 3274 loa
824 3229 940 3274 oliciales
952 3233 967 3273 a
978 3230 1107 3286 ayudarae
1116 3231 1220 3282 dellos...
1232 3232 1367 3287 Polancus,
1379 3243 1411 3276 aa·
1423 3243 1498 3284 cam„
1506 3233 1579 3278 Patri

346 3306 462 3350 Antonio
474 3305 504 3347 de
516 3304 611 3356 Araoz,
622 3304 762 3356 5Jauuarii
776 3303 834 3347 1553.

388 3376 400 3404 ⁸
427 3376 493 3420 Vide
505 3375 579 3425 inira,
589 3387 614 3418 n.
627 3375 679 3418 1456
689 3381 714 3418 et
726 3386 778 3428 seq.

388 3451 400 3482 ⁴
427 3447 577 3501 Alpbonaus
591 3447 623 3489 de
640 3447 760 3490 Aeebedo
776 3453 801 3489 et
819 3446 928 3499 Zudlga.
943 3445 1010 3489 Vide
1021 3455 1108 3500 supra,
1120 3451 1138 3489 t.
1150 3455 1183 3492 tv.
1197 3458 1256 3500 pag.
1266 3447 1315 3498 a78,
1325 3458 1350 3490 n.
1361 3445 1525 3492 tola-Hunc
1537 3449 1582 3493 Al·

344 3521 473 3576 phonsum
488 3519 519 3562 de
530 3518 648 3562 Fonseca
658 3527 685 3562 et
701 3519 823 3562 Acebedo
839 3519 955 3573 appellat
971 3516 1241 3571 Vatnivra.co1egros
1256 3519 1289 3562 da
1300 3518 1421 3572 Casama,
1438 3520 1539 3574 calegau
1548 3521 1582 3565 de

347 3591 509 3645 Monterrey.

388 3663 400 3696 ὅ
427 3663 494 3707 Vide
507 3673 595 3716 supra,
611 3661 731 3716 pegaso,
747 3674 771 3704 n.
787 3661 915 3706 illd-De
931 3661 979 3704 hoc
998 3661 1113 3715 Collegio
1128 3663 1251 3715 erigendo
1262 3662 1305 3716 agi
1319 3664 1372 3717 jam
1390 3671 1509 3718 coeptum
1524 3670 1581 3709 erat

344 3747 416 3779 anno
429 3734 603 3790 praecedeuti.
621 3734 731 3788 Allqaaa
746 3741 834 3777 tamen
848 3733 1009 3777 conditiones
1019 3735 1142 3786 exigebat
1157 3731 1271 3778 Marchio
1281 3735 1312 3778 de
1322 3733 1436 3788 Tavara,
1452 3747 1518 3790 quae
1533 3747 1582 3780 nou

349 3808 457 3850 multum
467 3806 542 3849 Patri
552 3805 655 3858 ignatio
666 3807 812 3859 placebant.
823 3803 875 3848 “De
888 3807 911 3847 lo
922 3816 971 3860 que
983 3805 1039 3858 pide
1051 3807 1074 3848 el
1086 3803 1125 3848 Sr.
1137 3803 1257 3859 Marones
1263 3805 1294 3849 de
1304 3805 1418 3860 Tauara,
1426 3818 1460 3863 ya
1469 3807 1501 3851 V.
1510 3807 1541 3852 R.
1549 3811 1582 3853 ve

344 3879 370 3922 al
387 3877 512 3922 conviene
529 3880 544 3920 d
560 3888 602 3930 no,
618 3877 818 3930 especialmente
837 3875 925 3920 aiendo
943 3887 974 3918 en
993 3875 1151 3926 Valladolid,
1169 3877 1250 3920 donde
1266 3877 1290 3920 el
1308 3877 1418 3932 elemplo
1435 3890 1467 3923 uo
1484 3881 1583 3924 eataria

348 3949 441 3994 mucbo
451 3949 598 3993 escondido.
611 3947 649 3992 En
658 3959 711 3992 una
720 3958 782 3992 cosa
792 3959 887 4003 parece
898 3951 914 3990 a
924 3947 998 3992 Ntro.
1009 3948 1094 3992 Padre
1102 3959 1151 4001 que
1161 3959 1189 3992 ae
1201 3949 1224 3991 le
1236 3949 1317 4003 puede
1327 3950 1526 4005 condeaceuder,
1534 3963 1583 4006 que

347 4033 392 4067 aua
402 4022 448 4065 doa
457 4021 606 4075 capellanes
616 4024 631 4063 o
641 4022 680 4063 loa
690 4021 779 4064 demde
790 4032 838 4075 que
850 4023 911 4062 sera
921 4021 1035 4070 servido,
1048 4021 1126 4073 digan
1135 4022 1160 4064 la
1172 4021 1236 4064 mlsa
1247 4031 1278 4063 en
1290 4027 1350 4064 tono
1365 4022 1404 4064 las
1420 4021 1508 4066 fiestaa
1518 4034 1584 4078 para

347 4093 513 4136 consolation
523 4092 553 4135 de
561 4103 592 4134 su
600 4090 717 4145 senonia,
732 4103 747 4144 y
758 4099 814 4135 esto
824 4103 876 4134 auu
884 4103 917 4135 no
927 4101 1022 4146 parece
1034 4101 1096 4135 cosa
1107 4102 1155 4145 que
1166 4103 1193 4135 ae
1208 4093 1278 4148 haya
1293 4094 1324 4136 de
1340 4094 1461 4137 estender
1471 4098 1486 4138 ό
1498 4095 1585 4139 imitar

346 4165 508 4210 dacilmente.
519 4162 558 4207 De
569 4163 679 4207 eacribir
689 4163 764 4206 Ntro.
776 4163 860 4206 Padre
871 4165 898 4205 al
907 4163 985 4206 dicho
996 4163 1037 4206 Sr.
1049 4161 1169 4218 blarques
1180 4165 1300 4216 parecele
1312 4175 1343 4208 no
1355 4175 1488 4220 convenga
1498 4177 1546 4220 por
1553 4178 1586 4211 no

349 4247 378 4280 se
388 4236 491 4289 obligat·
501 4239 518 4279 a
527 4235 654 4280 concedet
663 4237 721 4278 mas
731 4235 762 4277 de
774 4235 798 4279 lo
808 4246 858 4288 que
871 4236 955 4278 slente
969 4245 1001 4276 en
1012 4243 1069 4278 esta
1080 4241 1165 4288 parte.
1178 4235 1210 4279 V.
1222 4235 1250 4278 R.
1260 4247 1288 4279 se
1299 4239 1454 4280 contentam
1465 4239 1495 4280 de
1504 4239 1528 4280 le
1538 4237 1587 4282 dar

350 4308 482 4351 ohacerle
492 4308 540 4352 dar
551 4310 590 4351 las
601 4308 706 4362 gracias
720 4307 751 4350 de
766 4308 805 4350 las
816 4307 948 4349 mercedes
959 4320 976 4363 y
988 4307 1086 4350 boenas
1100 4308 1178 4351 obraa
1192 4319 1241 4362 que
1252 4309 1317 4352 hace
1330 4312 1346 4351 a
1357 4310 1382 4352 la
1394 4308 1544 4362 Comparlr'a,
1556 4321 1589 4353 eu

345 4380 456 4423 ¹nombre
468 4379 498 4422 de
509 4379 583 4423 Ntro.
597 4379 682 4422 Padre
693 4391 710 4432 y
720 4380 843 4434 proplay
853 4381 966 4422 tambien
978 4385 1035 4421 esta
1043 4385 1178 4432 respaeata
1188 4379 1219 4422 de
1231 4381 1270 4423 las
1280 4380 1360 4423 misas
1368 4381 1535 4434 entonadas.„
1544 4381 1589 4425 Po-

343 4452 452 4501 'lancus,
463 4461 497 4494 ex
506 4461 581 4503 com„
592 4451 667 4494 Patri
678 4449 820 4494 Franclsco
830 4449 862 4494 de
874 4449 962 4504 Baria,
973 4449 1000 4492 23
1010 4449 1161 4494 Decembris
1173 4451 1232 4494 1531.

391 4517 403 4552 ⁸
430 4521 469 4566 De
478 4522 577 4565 nomine
587 4531 638 4576 quo
649 4522 776 4576 oppidum.
788 4533 853 4564 nunc
865 4519 955 4563 Ocariu
967 4521 1072 4570 dictum,
1082 4523 1114 4563 ab
1125 4523 1239 4576 antiquis
1248 4523 1444 4578 designabatur,
1455 4525 1539 4568 videri
1547 4535 1591 4579 pa·

345 4597 404 4636 teat
414 4592 480 4636 Draz
491 4593 678 4641 Bactasraaos.
692 4593 814 4636 Historia
826 4594 859 4636 de
867 4595 894 4636 la
912 4593 981 4636 Villa
992 4593 1025 4636 de
1036 4591 1135 4642 Ocella,
1145 4605 1202 4648 cap.
1214 4595 1236 4636 2.

390 4663 402 4695 Ἰ
430 4663 579 4708 Ludovicua
593 4665 624 4707 de
641 4664 798 4720 Calatayud.
810 4664 1009 4708 Protonotariua
1023 4665 1191 4718 apostolicus,
1207 4667 1249 4718 qui
1264 4665 1415 4709 beneficium
1431 4667 1545 4711 habebat
1563 4666 1590 4710 in

346 4735 463 4779 ecclesia
475 4735 563 4779 Sancti
574 4735 692 4779 Martini.
