3717 5400
797 515 860 572 An.
888 515 957 571 its-‘ro
1438 515 1494 575 243

320 659 391 722 693.
435 659 614 723 Perlatum
629 669 682 722 est
697 660 742 724 ad
757 669 899 722 nostros
913 659 1147 740 Viennenses
1165 660 1259 741 quod
1273 661 1311 724 P.
1330 660 1491 741 Ignatius

256 761 396 831 Romae
410 785 492 831 cum
506 765 651 830 Summo
666 765 836 830 Pontifice
856 776 1081 846 transegerat
1100 769 1143 830 de
1162 770 1307 848 negotio
1327 778 1407 832 octo
1430 769 1493 832 ho·-

258 875 441 955 spitalium
453 883 513 936 aut
528 875 823 938 monasteriorum
835 874 1079 964 quorumdam
1099 875 1192 954 quod
1210 893 1291 938 cum
1312 873 1320 906 ¹
1338 877 1493 940 misisset

263 981 301 1045 P.
319 980 483 1046 Canisius
499 980 589 1061 Regi
609 979 865 1058 Romanorum,
883 990 1089 1061 pergratum
1105 982 1154 1044 illi
1170 981 1235 1045 iuit
1249 981 1277 1059 ⁸,
1295 994 1333 1046 ut
1348 984 1423 1047 suis
1439 985 1492 1047 lit·

262 1091 348 1152 teris
364 1088 440 1151 Rex
454 1097 604 1152 testatur
619 1089 754 1168 gratias
770 1105 882 1169 agens
901 1088 999 1152 Patri
1017 1087 1155 1167 Ignatio
1176 1088 1198 1151 ³.
1222 1090 1267 1153 Et
1288 1091 1323 1152 in
1339 1091 1493 1154 Societa-

262 1208 333 1259 tem
348 1196 563 1277 usqueadeo
579 1195 817 1258 affectuserat
833 1193 894 1276 [ut]
918 1213 990 1259 non
1011 1198 1123 1258 solum
1145 1195 1285 1275 Pragae
1304 1198 1367 1260 sed
1386 1198 1493 1261 etiam

261 1302 452 1382 Oeniponti
477 1302 672 1382 Collegium
706 1302 892 1366 Societatis
920 1305 1027 1366 vellet
1055 1302 1250 1366 instituere.
1283 1304 1493 1370 Coniectum

258 1409 336 1474 iere
352 1409 427 1490 jam
448 1418 524 1472 erat
544 1427 586 1472 eo
608 1420 768 1489 tempore
793 1411 980 1488 pulchrum
1001 1409 1178 1489 quoddam
1191 1411 1388 1491 Collegium
1411 1429 1493 1475 cum

263 1517 432 1580 reditibus
447 1515 642 1592 stabilibus
660 1516 718 1595 qui
735 1516 779 1578 ad
795 1516 1002 1580 nutriendas
1020 1514 1061 1580 40
1079 1533 1251 1597 personas
1273 1519 1361 1581 satis
1384 1518 1493 1582 futuri

262 1625 484 1702 videbantur;
501 1640 583 1686 nam
598 1641 643 1684 ex
657 1633 743 1685 voto
758 1621 835 1685 Rex
849 1621 1051 1701 hujusmodi
1066 1625 1309 1688 fundationem
1324 1626 1490 1698 iaciebat,

258 1741 297 1794 et
312 1731 458 1812 optabat
473 1740 510 1793 ut
527 1729 564 1792 P.
581 1729 740 1809 ignatius
754 1727 950 1809 Collegium
970 1731 1056 1794 illud
1071 1731 1273 1794 admitteret
1288 1729 1310 1790 ⁴.
1329 1730 1399 1796 Sed
1420 1751 1492 1795 non

263 1840 312 1902 ita
331 1839 609 1916 MaximilianuS,
628 1837 819 1900 Bohemiae
838 1836 926 1914 Rex,
951 1838 1058 1900 rebus
1078 1839 1210 1901 nostris
1224 1857 1262 1901 se
1277 1855 1492 1918 propensum

261 1943 482 2036 ostendebat3
503 1944 565 2007 sed
584 1945 805 2024 potissimum
824 1943 920 2006 Patri
943 1943 1085 2007 Canisio
1105 1957 1183 2007 erat
1206 1945 1375 2026 infensus
1399 1947 1494 2027 quod

194 2103 199 2112 .
262 2054 360 2116 illum
380 2053 562 2116 inimicum
588 2069 665 2114 esse
690 2052 919 2132 praecipuum
945 2052 1190 2114 concionatori
1210 2054 1373 2132 superius
1398 2055 1493 2119 dicto

263 2161 506 2224 existimabat:
523 2176 627 2239 quem
642 2175 743 2220 suurn
758 2159 834 2221 Rex
850 2158 1021 2235 vocabat,
1040 2160 1098 2238 qui
1123 2159 1216 2239 apud
1237 2161 1399 2224 eumdem
1421 2159 1493 2223 Ma-

261 2399 515 2453 <HR18T1ANAE1
528 2401 580 2443 Per
594 2400 771 2452 Quaestioues
786 2401 890 2444 tradita
908 2402 935 2442 et
950 2401 978 2442 in
996 2410 1075 2442 usum
1087 2401 1092 2453 Ι
1105 2400 1276 2445 Christianae
1285 2404 1425 2456 pueritiae
1443 2406 1495 2447 nac

254 2474 317 2528 pri·
328 2475 332 2526 1
345 2474 419 2516 mum
430 2473 504 2516 edita
516 2473 521 2524 1
532 2472 609 2524 Jussu
619 2473 640 2515 δι
648 2471 810 2516 authoritate
818 2471 1020 2516 sacratissimae
1032 2470 1037 2524 Ι
1049 2470 1122 2515 Rom.
1132 2471 1216 2528 Hung.
1225 2472 1332 2518 Bohem.
1341 2475 1386 2519 dre.
1395 2473 1494 2529 Regiae

272 2545 276 2594 Ι
289 2543 388 2589 Maleet.
399 2544 555 2588 Archiducis
570 2543 702 2596 austriae,
713 2543 757 2586 ite.
770 2541 775 2594 1
786 2541 913 2586 EDICTO
929 2541 1035 2585 REGiO
1051 2543 1197 2587 CAVTUM
1208 2545 1213 2595 i
1225 2552 1274 2596 est,
1289 2553 1317 2590 ut
1333 2546 1375 2590 hic
1390 2547 1495 2591 libellus

264 2616 342 2664 solus.
351 2615 545 2670 praetermissis
555 2617 613 2658 reli·
624 2615 629 2668 1
642 2615 698 2668 quis
715 2613 896 2662 catechismis.
911 2625 960 2668 per
970 2625 1058 2657 omnes
1069 2616 1193 2659 austriae
1208 2617 1270 2661 lnie·
1280 2620 1286 2671 Ι
1297 2618 1373 2662 rioris
1390 2617 1495 2663 Prouin-

265 2689 327 2739 cias.
339 2689 359 2732 R
371 2688 487 2734 Goritiae
499 2688 657 2733 Comitatum
670 2688 674 2739 Ι
686 2688 712 2731 iu
722 2687 818 2731 scholis
830 2690 887 2731 cum
898 2688 1009 2740 priuatis
1020 2688 1080 2741 (sic)
1095 2695 1149 2732 turn
1161 2689 1271 2743 publicis
1285 2691 1386 2744 praele·
1398 2691 1404 2744 l
1415 2702 1495 2747 gatur

256 2760 284 2803 R
301 2771 479 2806 conservetur:
495 2763 583 2815 Atque
599 2764 615 2804 a
631 2761 701 2803 nullo
716 2760 799 2815 Typo·
811 2760 816 2814 Ι
828 2761 928 2814 grapho
946 2770 992 2803 aut
1009 2760 1259 2816 Bibliopolainuito
1273 2761 1400 2808 Michneie
1412 2765 1417 2818 1
1429 2764 1494 2807 Zim-

258 2843 421 2879 mermauno.
437 2834 506 2877 intra
516 2833 605 2876 decen·
617 2832 622 2886 Ι
634 2834 711 2875 nium.
728 2833 811 2875 denuo
826 2832 980 2882 excudatur.
997 2834 1002 2886 Ι
1018 2838 1065 2876 aut
1080 2844 1190 2877 excusus
1201 2834 1354 2889 vendatur„
1365 2834 1408 2888 ip..
1420 2836 1496 2886 ibid„

262 2916 321 2959 pag.
332 2905 381 2957 537,
396 2913 484 2949 annot.
501 2906 520 2948 1.
538 2904 577 2949 Ci.
595 2904 674 2948 etiam
689 2904 803 2958 ejusdem
818 2904 1024 2947 Bannusanncau
1045 2904 1216 2957 Enisteirung
1234 2906 1290 2949 und
1305 2910 1376 2949 erste
1395 2906 1497 2951 Eutroi·

257 2978 360 3029 ririung
370 2978 419 3020 der
429 2977 623 3021 Katechismen
634 2978 682 3019 des
692 2978 794 3029 seligere
806 2976 903 3017 Petrus·
915 2976 1050 3027 canisius,
1060 2988 1120 3030 pag.
1129 2976 1200 3020 ests.

304 3052 312 3083 ¹
342 3051 521 3093 commisisset
533 3058 571 3093 est
584 3049 609 3092 in
620 3048 666 3091 Ms.

302 3123 313 3155 ¹
340 3122 412 3175 Quod
422 3122 454 3165 ad
465 3127 568 3165 nostros
578 3120 738 3165 Viennenses
749 3120 878 3173 perlatum
888 3129 913 3162 et
927 3120 991 3174 Regi
1004 3132 1020 3162 a
1030 3118 1134 3163 Canlsio
1146 3122 1250 3166 missum
1267 3122 1308 3165 hic
1323 3123 1426 3179 dicitur,
1438 3137 1494 3169 esse

263 3194 366 3239 ridetur
377 3192 509 3238 Pontificio
519 3193 593 3237 Pauli
604 3192 641 3237 lV
651 3193 736 3236 Breve
746 3198 792 3235 aut
805 3191 886 3244 Bulla.
898 3193 972 3246 cuius
982 3192 1078 3235 mentio
1089 3191 1117 3237 iit
1127 3192 1153 3235 lu
1163 3192 1258 3247 Ignatii
1270 3195 1303 3237 ad
1313 3194 1411 3250 Regem
1422 3198 1493 3241 litte·

257 3266 299 3310 uis
309 3266 336 3309 ‘it
345 3264 406 3319 Julil
417 3266 493 3321 hujus
504 3264 628 3309 anni1555
643 3264 712 3307 datis
728 3262 833 3315 (Curias
851 3262 884 3305 de
895 3262 951 3304 San
968 3262 1087 3315 Ignacio,
1099 3270 1119 3305 t.
1130 3275 1157 3313 v.
1174 3276 1233 3319 pag.
1249 3264 1305 3316 266).
1323 3268 1390 3321 quod
1406 3274 1494 3313 tamen

262 3338 419 3393 pontificium
430 3338 550 3391 diploma.
561 3336 616 3381 sive
628 3335 654 3379 iu
664 3334 758 3378 Brevis
768 3334 823 3378 sive
832 3335 856 3377 in
864 3333 956 3377 Bullae
967 3334 1052 3377 forma
1064 3335 1270 3383 testinnonium
1279 3339 1428 3391 expeditum
1437 3348 1495 3384 erat

260 3412 472 3466 menseejusdem
483 3410 543 3454 anni
559 3408 704 3463 Septembri
721 3406 810 3460 (ibid,
824 3418 884 3461 pag.
898 3406 940 3450 ili?
949 3414 975 3449 et
990 3406 1048 3459 trau
1064 3407 1142 3450 immo
1157 3418 1205 3450 nec
1220 3407 1251 3451 de
1262 3410 1317 3462 ejus
1332 3412 1495 3465 expeditione

254 3485 399 3539 numquam
409 3490 491 3531 certo.
502 3489 608 3533 praeter
618 3481 643 3523 ld
654 3480 721 3534 quod
730 3478 772 3523 hic
783 3480 876 3523 asserit
887 3478 1023 3532 Polancus,
1035 3477 1168 3523 affirmare
1179 3481 1305 3534 valemus3
1317 3484 1417 3527 nullam
1427 3486 1494 3529 enlm

261 3558 316 3613 ejus
325 3556 480 3601 mentionem
490 3555 570 3598 hahet
585 3553 723 3597 Dauuanca
737 3552 763 3595 in
774 3550 840 3594 Acta
851 3551 876 3593 S.
886 3550 966 3593 Sedis
983 3552 1012 3593 in
1030 3550 1116 3593 Causa
1131 3550 1273 3595 societatis
1282 3553 1359 3607 Jesu,
1372 3566 1419 3599 nec
1430 3556 1494 3600 Pius

262 3628 287 3671 in
298 3628 364 3670 licta
376 3627 545 3677 sanctorum,
560 3636 646 3668 mense
656 3621 732 3675 Jutio,
749 3628 768 3665 t.
785 3632 830 3674 vu,
846 3622 889 3665 ubl
906 3620 1048 3665 deSancto
1063 3621 1176 3675 ignatio.
1191 3634 1239 3665 uec
1249 3622 1455 3669 Baauusneucna
1470 3638 1496 3671 tn

264 3699 405 3753 Epistulae
416 3702 442 3741 et
453 3698 519 3741 Acta
529 3696 561 3740 B.
574 3697 602 3740 P.
612 3696 688 3739 Petri
699 3693 910 3744 canisii-Quod
920 3700 1006 3737 autem
1019 3704 1035 3737 a
1051 3694 1164 3737 Poianco
1174 3694 1270 3738 dicitur
1279 3695 1308 3738 id
1318 3706 1335 3739 a
1345 3696 1450 3742 canisio
1460 3700 1495 3743 ad

263 3771 360 3825 Regem
371 3772 496 3821 missum,
511 3769 576 3813 sutis
592 3766 690 3811 indicat
705 3766 856 3821 pervenisse
867 3765 939 3808 idad
951 3764 1047 3809 Cauisii
1063 3776 1162 3819 manus,
1174 3766 1233 3809 dum
1244 3767 1267 3810 is
1276 3773 1354 3811 extra
1365 3767 1495 3815 Viennam

262 3846 374 3899 agebat,
394 3843 436 3885 vel
455 3840 572 3895 Praene.
593 3841 636 3883 vel
655 3836 822 3892 Ingoistadii,
841 3836 883 3879 vel
903 3838 1046 3889 Augustae.
1072 3835 1157 3891 (Vide
1179 3837 1399 3893 Buauusnnuonu‚
1424 3842 1442 3885 i.
1463 3854 1485 3885 c.

279 3928 322 3971 ag.
330 3918 401 3970 xta.)

261 3928 278 3973 p
301 3989 312 4021 ³
340 3986 394 4032 Has
411 3985 568 4030 Ferdinandi
583 3984 663 4037 Regis
679 3983 784 4027 litteras
800 3981 911 4023 nondum
928 3979 1040 4023 vidimus
1057 3992 1103 4023 nec
1121 3992 1214 4026 earum
1228 3984 1366 4029 meminere
1383 3986 1447 4030 Pius
1465 3994 1491 4030 et

262 4059 474 4103 Buauususaeaa.

298 4134 310 4165 ⁴
337 4129 541 4175 Huereierenda
553 4127 727 4182 proculdubio
746 4126 867 4170 videntur
883 4135 949 4177 quse
965 4124 1045 4167 hahet
1061 4124 1277 4179 Baaunsnnaestt,
1292 4129 1309 4172 l.
1320 4141 1353 4183 c,
1368 4140 1427 4184 pag.
1444 4130 1493 4182 tre,

255 4210 339 4247 annot
358 4202 380 4254 3,
391 4208 450 4255 post
460 4200 580 4245 medium:
597 4198 719 4243 “Litteris
736 4204 823 4241 autem
834 4194 993 4239 Ferdinandi
1002 4194 1128 4238 Viennai
1139 4195 1290 4242 Decembris
1307 4200 1357 4243 155t
1375 4202 1409 4245 ad
1419 4201 1496 4255 lgna·

258 4276 324 4319 tium
334 4275 403 4319 datis
413 4272 445 4317 M.
461 4272 649 4326 Siuglthruoser
664 4270 821 4313 secretarius
836 4268 926 4311 eodem
941 4268 982 4310 die
992 4268 1198 4322 <postcriptum>
1216 4270 1315 4314 addidit
1331 4275 1452 4321 (nondum
1469 4277 1494 4318 in

258 4348 342 4391 lucem
353 4347 499 4395 emissum).
511 4344 536 4387 in
548 4354 596 4398 quo
607 4343 670 4386 dicit
681 4340 779 4395 Regem
789 4346 946 4383 testamento
957 4337 1129 4384 Maximillam
1141 4339 1150 4382 i
1162 4342 1278 4387 caesaris
1288 4343 1321 4387 ad
1331 4345 1396 4389 duas
1413 4350 1494 4391 eccle.

256 4421 313 4463 sias
322 4418 493 4463 exstruendas
503 4415 625 4470 obligari.
641 4426 719 4458 uuam
729 4412 871 4467 Oeniponte
882 4412 907 4455 ln
924 4412 1048 4455 honorem
1059 4410 1085 4453 S.
1097 4410 1223 4466 Leopoldi
1233 4416 1368 4471 austriaci,
1382 4419 1497 4465 alteram

259 4492 399 4537 Fuluianae
410 4490 501 4543 (wele.
515 4490 638 4533 austriae
655 4486 796 4541 superioris
811 4484 952 4539 oppidum).
965 4483 994 4527 Id
1006 4490 1094 4528 autem
1104 4485 1208 4529 difficile
1224 4490 1353 4542 autquasi
1369 4502 1496 4548 superva-

255 4574 368 4608 caneum
378 4563 441 4615 iore,
452 4562 609 4618 praesertim
619 4572 677 4604 cum
691 4558 871 4602 Ferdiuandns
890 4555 1034 4611 Oenipoute
1049 4557 1196 4610 ecclesium,
1208 4560 1354 4614 collegium,
1370 4566 1496 4611 valetudi-

261 4635 363 4679 narium
372 4633 559 4678 aedificaturus
568 4632 610 4676 sit.
621 4632 679 4675 ideo
689 4641 778 4683 regem
788 4630 821 4673 ab
830 4628 934 4683 ignatio
944 4634 1043 4682 petere,
1053 4636 1081 4672 ut
1097 4627 1124 4672 id
1135 4629 1239 4682 efficiat,
1249 4638 1278 4675 nt
1287 4635 1405 4686 pontifex
1416 4638 1449 4680 ah
1464 4650 1496 4682 ea

256 4706 409 4751 testamenti
419 4711 495 4760 parte
506 4716 533 4749 se
544 4704 675 4758 dispenset
686 4704 750 4749 tex*
765 4702 953 4745 commentario
969 4702 1013 4743 vei
1029 4701 1191 4755 apographo.
1207 4705 1274 4757 quod
1285 4714 1325 4749 est
1336 4706 1453 4752 Viennae
1470 4711 1495 4753 in

258 4776 370 4823 archivo
381 4780 457 4823 aulae
468 4786 610 4822 caesareae
622 4774 796 4819 “Niederoesn
806 4772 908 4825 asten„
918 4773 983 4815 fasc.
995 4772 1039 4825 i)„.
1143 4775 1146 4781 ’
