3717 5400
612 1303 675 1384 DE
693 1301 845 1383 lNlTllS
866 1299 1073 1382 COLLEGII
1094 1301 1348 1384 PRAGENSIS

847 1614 884 1650 ΕΤ
900 1613 938 1650 DE
952 1611 1127 1658 QUIBUSDAM

469 1856 501 1920 A
518 1855 553 1918 P.
573 1855 872 1934 SALMERONE,
891 1855 1075 1919 CANISIO
1090 1855 1150 1918 ET
1169 1853 1346 1918 NATALI
1361 1853 1455 1919 ACT
1456 1853 1496 1918 [S

429 2213 499 2276 689.
544 2212 718 2292 Quamvis
746 2212 783 2275 P.
815 2212 941 2275 Petrus
971 2212 1135 2276 Canisius
1164 2213 1314 2276 caeteris
1343 2215 1377 2275 in
1405 2212 1601 2282 Germania

369 2319 599 2400 Praepositus
614 2319 731 2396 fuerit,
749 2321 906 2384 nondum
926 2329 1046 2383 tamen
1066 2321 1134 2382 hoc
1153 2338 1246 2383 anno
1261 2329 1431 2400 tanquam
1453 2318 1604 2384 Provin-

368 2428 469 2492 cialis
481 2426 710 2501 Praepositus
726 2425 791 2489 fuit
806 2425 1006 2506 publicatus
1024 2425 1044 2501 ¹;
1062 2436 1096 2489 et
1118 2427 1181 2489 vix
1194 2426 1338 2490 liberari
1352 2435 1492 2506 poterat
1506 2437 1602 2490 metu

369 2533 604 2614 Episcopatus
621 2533 847 2606 Viennensis
865 2551 946 2596 curn
958 2533 1268 2613 congratulatores
1282 2534 1397 2611 multi,
1414 2534 1517 2614 quasi
1528 2532 1604 2612 jam

369 2640 436 2721 ipsi
461 2657 523 2721 per
550 2639 788 2705 obedientiam
815 2638 1011 2719 injunctum
1030 2649 1139 2719 esset,
1161 2639 1370 2704 accederent
1390 2640 1411 2704 ².
1433 2639 1503 2704 Sed
1523 2657 1603 2704 curn

369 2759 495 2829 postea
511 2748 744 2811 intellexisset
759 2766 780 2810 a
795 2746 932 2810 Nuncio
948 2748 1155 2827 apostolico,
1172 2746 1266 2827 quod
1289 2765 1397 2827 opera
1413 2748 1450 2811 P.
1473 2747 1602 2827 ignatii

370 2873 428 2918 res
443 2855 566 2919 fuisset
581 2854 760 2935 impedita,
778 2864 812 2917 et
828 2854 1056 2918 nihilominus
1070 2854 1138 2933 ipsi
1152 2854 1494 2919 administrationem
1509 2872 1602 2919 com·

370 2963 462 3027 mitti
476 2960 499 3040 ³,
521 2963 684 3025 eumdem
699 2961 844 3024 Patrem
860 2959 1036 3040 ignatium
1051 2961 1125 3023 suis
1139 2961 1265 3024 litteris
1279 2963 1430 3039 rogabat
1446 2972 1483 3025 ut
1497 2962 1604 3025 etiarn

370 3069 439 3131 hoc
459 3068 779 3132 administrationis
805 3084 895 3129 onus
918 3068 962 3129 ab
984 3067 1095 3146 ipsius
1117 3067 1273 3129 humeris
1294 3067 1426 3130 auferri
1448 3077 1605 3134 curaret.
1687 3128 1690 3133 .

370 3176 460 3240 Eam
480 3176 573 3239 enirn
594 3193 672 3238 esse
693 3175 836 3238 videbat
857 3175 1071 3238 Viennensis
1092 3173 1247 3237 civitatis
1266 3175 1549 3255 dispositionem,
1565 3185 1604 3237 ut

370 3284 488 3363 potius
503 3281 745 3345 conscientiae
761 3280 927 3361 propriae
942 3280 1135 3344 laedendae
1149 3280 1345 3360 periculum
1358 3281 1426 3361 ipsi
1446 3281 1604 3345 immine·

371 3402 444 3467 ret,
462 3407 568 3470 quam
585 3390 628 3451 de
646 3388 732 3451 urbe
747 3404 964 3467 magnopere
975 3385 1134 3465 juvanda
1149 3404 1231 3466 spes
1245 3397 1350 3466 esset;
1366 3406 1447 3451 cum
1468 3388 1605 3467 praeci·

370 3515 455 3577 pue,
472 3497 739 3577 praedicatores
755 3495 898 3575 quidam
913 3495 1018 3558 valde
1039 3494 1206 3574 suspecti,
1229 3503 1265 3556 et
1284 3504 1404 3557 tamen
1423 3494 1467 3556 ab
1486 3495 1608 3575 aliquo

372 3602 534 3683 Principe
550 3600 562 3631 ⁴
576 3602 701 3665 favore
717 3610 752 3664 et
767 3602 899 3664 auxilio
914 3601 1080 3679 promoti,
1095 3617 1159 3663 sua
1174 3600 1337 3663 doctrina
1351 3601 1475 3664 urbem
1488 3601 1605 3664 inlice·

370 3719 461 3785 rent;
474 3710 561 3772 nulli
572 3726 661 3789 pene
677 3708 886 3771 confessarii
901 3707 1113 3785 tolerabiles;
1129 3724 1233 3770 rarus
1245 3707 1434 3770 admodum
1448 3708 1604 3788 quivere

371 3817 541 3880 obediens
553 3814 635 3879 Sedi
651 3815 880 3895 Apostolicae
895 3815 952 3891 sit,
968 3826 1006 3877 ut
1021 3814 1140 3894 potius
1155 3814 1249 3893 apud
1264 3822 1385 3877 turcas
1399 3825 1433 3877 et
1448 3814 1605 3878 infideles

371 3924 527 3987 fructum
540 3930 712 4003 speraret,
730 3938 837 4002 quam
849 3920 943 4001 apud
955 3920 1175 3984 Viennenses
1189 3938 1251 4000 per
1264 3920 1609 3987 administrationem

416 4204 423 4232 ¹
455 4198 522 4242 Vide
533 4210 620 4252 supra,
632 4210 692 4251 pag.
703 4198 750 4248 224,
763 4209 786 4241 n.
797 4198 846 4243 649,
855 4204 943 4240 annot.
956 4198 975 4237 l.

413 4272 424 4301 ἱ
451 4268 548 4313 Eorum
564 4281 638 4319 unus,
657 4271 699 4323 qui
711 4268 815 4313 canisio
831 4269 862 4311 de
881 4266 1022 4311 Viennensi
1041 4266 1199 4322 Episcopatu
1215 4269 1310 4321 adepto
1321 4270 1533 4323 gratulabantur,
1547 4276 1605 4313 erat

373 4342 510 4395 Wiguleus
527 4342 625 4385 Hundt.
645 4340 742 4385 Canisil
758 4341 791 4384 ad
810 4352 867 4383 eum
882 4341 986 4383 litteras
1004 4340 1036 4381 de
1051 4340 1100 4382 hac
1118 4351 1146 4383 re
1157 4341 1217 4384 vide
1234 4340 1302 4394 apud
1319 4341 1524 4385 Baauasaraen
1546 4342 1565 4385 l.
1580 4353 1606 4386 c.

372 4426 431 4514 με.
442 4414 561 4527 ῗῖιιῗῖἰᾳιις
572 4482 622 4535 hic,
634 4494 650 4526 a
661 4493 710 4537 quo
721 4482 745 4525 id
757 4480 875 4525 canisius
885 4481 971 4532 scivit,
983 4480 1032 4523 fuit
1043 4480 1187 4524 Zacharias
1198 4480 1320 4535 Delfinus,
1336 4493 1353 4525 a
1362 4480 1431 4533 Jullo
1440 4481 1478 4526 111
1487 4483 1515 4527 in
1523 4482 1610 4527 vicem

372 4552 529 4605 Martinengi
549 4552 676 4595 Viennam
694 4562 780 4595 mense
796 4550 938 4593 Novembri
953 4550 1006 4592 tais
1022 4550 1123 4592 missus.
1140 4549 1207 4592 Vide
1221 4561 1307 4603 supra,
1327 4551 1516 4605 t.1v,pag.1⁶,
1531 4563 1556 4596 n.
1573 4552 1610 4605 16,

409 4634 441 4666 no
456 4622 494 4668 .2.

373 4634 425 4729 ιη’
444 4630 632 4741 tiittaitniliano
643 4696 674 4739 11.
685 4695 750 4739 Vide
761 4694 1000 4747 supradictamrem
1010 4692 1058 4743 235.
1068 4704 1093 4735 n.
1103 4694 1152 4737 ⁶79.
