3717 5400
344 501 400 560 310
807 503 936 560 t'rraou.
956 498 1035 558 Soc.
1056 501 1127 572 Jus-

343 663 453 726 quam
478 646 508 709 si
532 647 608 726 ipse
631 645 690 710 diu
716 647 752 709 in
766 647 874 710 Curia
894 647 940 708 ad
960 647 1049 708 haec
1069 645 1211 724 negotia
1227 644 1388 707 curanda
1403 655 1577 721 maneret,

350 753 523 816 Bruxellis
537 753 716 834 proiectus
731 762 785 817 est
805 763 839 816 et
860 753 1053 833 praedictis
1078 751 1203 814 amicis
1228 750 1477 814 commendata
1501 751 1578 812 reli·

344 860 421 938 quit
436 861 578 938 negotia
594 877 675 937 sua;
691 859 754 922 sed
769 860 961 939 praecipue
975 857 1020 922 D.
1037 857 1144 921 Petro
1157 857 1202 920 de
1221 857 1351 920 Zarate
1373 857 1575 921 suis·etiam

345 966 473 1030 litteris
487 965 525 1030 P.
542 967 701 1045 ignatius
716 967 981 1030 commendavit
997 965 1019 1028 ¹.

406 1072 478 1136 856.
521 1073 721 1138 Turnacum
748 1091 835 1154 ergo
855 1074 998 1137 rediens
1020 1074 1087 1136 sub
1111 1073 1250 1136 initium
1272 1073 1404 1134 mensis
1427 1070 1577 1134 Novem-

345 1181 429 1254 bris,
447 1181 482 1243 in
502 1181 671 1260 parochia
689 1179 749 1244 St*
768 1181 892 1264 Jacobi
906 1181 985 1261 ipso
1006 1181 1063 1244 die
1085 1179 1241 1243 omnium
1262 1178 1474 1242 Sanctorum
1495 1195 1578 1240 con-

344 1288 509 1350 cionatus
523 1297 576 1350 est
592 1305 695 1350 mane
709 1298 744 1351 et
762 1298 844 1368 post
859 1288 1055 1365 meridiem,
1078 1298 1113 1350 et
1132 1303 1213 1350 cum
1236 1286 1384 1349 dixisset
1405 1302 1511 1348 mane
1532 1286 1576 1347 de

347 1394 556 1473 Purgatorio
571 1413 609 1459 se
625 1407 798 1473 acturum,
812 1395 905 1475 quod
917 1394 1017 1457 multi
1028 1393 1183 1457 Tornaci
1194 1409 1274 1456 esse
1289 1409 1361 1454 non
1374 1392 1575 1468 credebant,

346 1512 421 1564 tam
435 1502 600 1582 frequens
612 1502 823 1566 auditorium
836 1521 878 1564 eo
891 1501 1073 1579 confluxit,
1090 1511 1128 1563 ut
1143 1509 1218 1564 tres
1228 1501 1286 1562 vel
1301 1508 1457 1579 quatuor
1469 1499 1578 1562 horas

344 1619 429 1672 ante
444 1609 626 1674 concionis
639 1619 779 1690 tempus
794 1610 898 1689 plena
913 1621 1008 1671 esset
1022 1608 1194 1687 ecclesia,
1210 1617 1245 1670 et
1260 1617 1384 1687 postea
1407 1607 1578 1668 intellexit

348 1717 557 1779 concionem
580 1717 673 1779 illam
700 1717 820 1779 multis
842 1716 1030 1796 perutilem
1053 1714 1175 1791 fnisse,
1203 1715 1264 1794 qui
1288 1730 1358 1775 non
1384 1713 1577 1775 credebant

346 1823 598 1903 Purgatorium
613 1841 708 1903 esse;
726 1827 856 1886 multos
871 1822 978 1885 etiam
993 1823 1029 1884 in
1044 1841 1086 1885 ea
1101 1821 1169 1884 fide
1184 1819 1413 1884 confirmatos
1428 1835 1520 1880 esse.

403 1929 475 1994 857,
518 1929 684 2010 Sequenti
700 1940 818 1993 autem
833 1930 1010 1994 dominica
1031 1929 1067 1992 in
1088 1927 1324 2008 Torquinensi
1344 1927 1475 2006 oppido
1495 1943 1578 1988 con·

344 2038 508 2101 cionatus
523 2047 588 2115 est,
605 2037 794 2117 etquidem
810 2038 865 2100 bis
880 2035 1005 2099 eodem
1021 2036 1078 2098 die
1092 2046 1127 2098 et
1143 2046 1244 2098 tanta
1267 2051 1346 2097 cum
1367 2032 1575 2113 frequentia,

347 2154 385 2207 ut
400 2145 717 2224 comprimerentur
729 2144 838 2225 aliqui
848 2143 1061 2222 gravissime
1074 2159 1116 2204 ac
1127 2142 1352 2205 laederentur
1368 2157 1453 2220 prae
1468 2141 1577 2202 nimia

347 2252 580 2314 multitudine.

406 2357 477 2422 858.
520 2357 742 2422 Audiebatur
756 2359 915 2438 pluribus
930 2377 976 2420 ex
993 2359 1082 2420 locis
1101 2373 1268 2436 magnam
1292 2373 1369 2417 esse
1391 2356 1426 2417 in
1445 2353 1577 2432 Anglia

349 2467 523 2529 bonorum
537 2467 779 2546 operariorum
795 2467 1060 2541 necessitatem;
1077 2480 1259 2542 nunquam
1280 2472 1401 2525 tamen
1421 2460 1577 2523 occasio·

351 2589 432 2635 nem
451 2572 574 2636 habuit
594 2569 755 2636 Societas
774 2582 897 2644 nostra
916 2589 959 2634 co
979 2570 1158 2648 veniendi,
1185 2569 1351 2649 quamvis
1376 2567 1577 2631 Cardinalis

347 2677 453 2743 Polus
480 2679 670 2761 aliquando
695 2680 866 2744 scriberet
889 2679 987 2743 Patri
1012 2678 1153 2758 ignatio
1177 2676 1258 2740 aliis
1283 2675 1326 2740 de
1343 2675 1446 2738 rebus
1461 2684 1496 2737 et
1512 2692 1576 2752 pru

347 2800 450 2866 partu
461 2786 473 2818 ¹
485 2786 655 2867 Reginae,
670 2806 776 2867 quam
791 2788 980 2865 gravidam
995 2786 1129 2860 scribit,
1145 2784 1326 2848 orationes
1341 2784 1535 2863 postularet
1550 2780 1575 2857 ’ς

345 2893 410 2956 sed
423 2904 548 2973 postea
562 2896 649 2957 satis
663 2896 878 2957 intellectum
894 2893 959 2955 luit
974 2893 1069 2973 quod
1079 2909 1165 2955 vere
1175 2890 1328 2971 gravida
1338 2908 1410 2952 non
1421 2898 1498 2951 erat
1508 2905 1575 2951 nec

348 2998 426 3062 Deo
441 3000 573 3081 placuit
585 3000 777 3080 ex‘oplima
794 3000 928 3080 Regina
945 2999 1056 3062 filium
1069 2998 1223 3077 Angliae
1237 2996 1442 3077 praeficere.

404 3106 475 3169 859.
519 3106 558 3169 Ρ.
575 3106 775 3186 Quintinus‚
792 3125 872 3170 cum
888 3106 1072 3186 praedicto
1087 3104 1192 3167 Patre
1207 3103 1391 3167 Bernardo
1407 3120 1450 3164 ac
1470 3100 1575 3164 Patre

345 3212 514 3290 Antonio,
531 3212 597 3276 hoc
611 3232 732 3277 mense
746 3214 939 3277 Novembri
954 3214 1072 3276 multis
1083 3210 1375 3299 confessionibus,
1388 3218 1423 3271 et
1434 3208 1576 3288 quidem

343 3321 583 3399 generalibus
601 3322 765 3401 occupati
779 3320 934 3399 suerunt,
950 3330 985 3383 et
999 3320 1099 3382 multi
1114 3318 1243 3381 infirmi
1263 3318 1299 3380 in
1320 3316 1388 3380 fide
1412 3333 1477 3396 per
1500 3334 1576 3377 eas-

346 3426 428 3489 dem
443 3426 641 3490 confirmati
656 3436 754 3505 sunt;
772 3427 936 3505 quamvis
950 3428 1045 3490 enim
1059 3426 1223 3488 conversi
1238 3424 1379 3488 fuerant
1398 3432 1433 3485 et
1453 3422 1573 3485 confir·

347 3534 435 3596 mati
450 3534 486 3596 in
501 3533 568 3596 fide
582 3534 758 3597 catholica
772 3534 924 3614 plurimi,
942 3543 1044 3597 erant
1058 3532 1289 3595 nihilominus
1309 3531 1346 3595 in
1368 3548 1410 3593 ea
1431 3530 1576 3592 civitate

347 3640 534 3719 lutherani,
552 3640 823 3703 sacramentarii
838 3650 872 3703 et
887 3641 1083 3720 imaginum
1100 3656 1222 3702 osores
1237 3648 1271 3701 et
1293 3637 1478 3700 fractores.
1495 3635 1575 3699 Die·

346 3748 412 3811 bus
427 3758 544 3811 autem
560 3748 756 3827 dominicis
775 3758 849 3811 tam
863 3748 939 3828 ipse
954 3766 1061 3829 quam
1076 3746 1115 3810 P.
1131 3746 1336 3810 Bernardns
1355 3747 1391 3807 in
1413 3744 1575 3822 Evange-

346 3854 394 3915 lio
410 3854 649 3934 praedicando
664 3856 858 3935 pergebant
871 3872 877 3933 ;
894 3863 1099 3919 nontamen
1115 3854 1236 3917 statim
1252 3852 1424 3915 absolutis
1434 3851 1575 3913 concio·

347 3960 450 4023 nibus
476 3962 522 4023 ad
546 3962 786 4025 consessiones
812 3961 1007 4025 audiendas
1032 3962 1219 4038 sedebant,
1250 3978 1294 4023 ne
1322 3957 1573 4032 valetudinem,

345 4069 426 4145 plus
441 4085 547 4148 quam
558 4070 645 4131 satis
657 4080 744 4148 erat,
760 4069 968 4147 affligerent,
985 4069 1048 4131 sed
1063 4068 1109 4131 ad
1124 4086 1185 4130 eos
1200 4066 1406 4143 audiendos
1420 4066 1479 4146 qui
1495 4082 1575 4127 con·

347 4172 439 4236 fiteri
453 4174 631 4254 volebant,
647 4174 684 4237 P.
701 4176 878 4239 Antonius
893 4176 1058 4240 vacabat.
1081 4174 1243 4253 Quotidie
1266 4183 1385 4237 autem
1406 4171 1576 4235 sedebant

347 4283 462 4345 nostri
476 4281 521 4343 ad
537 4282 779 4345 confessiones
794 4282 990 4345 audiendas
1005 4282 1040 4344 in
1056 4280 1260 4344 Cathedrali
1279 4280 1442 4357 ecclesia,
1465 4294 1577 4358 prope

346 4405 516 4467 magnum
536 4390 647 4452 altare
662 4398 764 4452 extra
783 4389 942 4454 chorum.
959 4388 1043 4451 Inde
1059 4398 1177 4449 tamen
1200 4388 1391 4449 exturbare
1416 4385 1495 4447 illos
1517 4382 1578 4447 ali-

388 4594 396 4625 ¹
427 4594 618 4649 uramenta.

387 4666 397 4697 ¹
425 4665 658 4719 Msbnbetparte.

385 4736 397 4769 ¹
425 4738 491 4781 Vide
503 4737 598 4781 Carras
608 4739 641 4781 de
653 4739 707 4782 Son
718 4740 836 4793 Ignocto,
847 4746 864 4783 t.
877 4752 901 4791 v,
913 4750 973 4793 pag.
984 4738 1032 4781 ⁴2⁶.
