3717 5400
358 489 414 549 tao
820 493 948 555 Canos.
970 494 1047 555 Soc.
1067 496 1137 569 Jas.

424 637 511 702 1320.
555 638 683 703 Visum
697 638 762 704 fuit
778 650 896 705 autem
912 641 949 705 P.
966 641 1159 705 Francisco
1173 642 1328 723 Borgiae
1342 643 1378 706 in
1390 662 1432 705 ea
1445 644 1598 707 civitate·

360 762 433 807 non
447 747 631 827 quoslibet,
653 748 716 810 sed
731 750 883 828 optimos
903 750 1085 829 operarios
1100 766 1178 813 esse
1193 750 1474 829 constituendos,
1497 751 1591 830 quod

363 849 439 930 ejus
454 853 662 932 magnitudo
678 866 712 917 et
728 856 924 935 spiritualis
944 857 1138 921 necessitas
1158 859 1248 921 tales
1270 858 1440 937 exigeret,
1464 858 1509 920 ad
1530 875 1589 937 po·

361 960 517 1023 nendum
531 964 741 1041 praesertim
756 963 1026 1028 fundamentum
1041 964 1149 1029 iuturi
1161 964 1313 1043 collegit
1330 964 1408 1028 ideo
1421 975 1493 1027 tam
1505 964 1593 1028 mul-

361 1074 417 1129 tos
441 1084 487 1129 ex
511 1068 576 1144 his,
599 1068 658 1148 qui
677 1070 759 1132 alibi
778 1072 965 1149 perutilem
985 1088 1130 1150 operam
1154 1072 1346 1148 navabant,
1373 1082 1433 1135 aut
1454 1072 1597 1135 navare-

362 1181 536 1253 poterant,
557 1174 732 1255 Hispalim
751 1178 846 1241 misit
866 1187 926 1241 aut
946 1178 1154 1258 advocavit;
1176 1196 1258 1241 nam
1279 1189 1420 1258 praeter
1440 1178 1588 1242 Provin-

362 1280 491 1344 cialem
520 1292 554 1344 et
580 1283 686 1361 alios,
713 1302 800 1364 quos
826 1284 1008 1348 nominavi
1036 1284 1056 1362 ¹,
1084 1303 1204 1349 secum
1227 1286 1424 1349 adduxerat
1450 1284 1593 1349 Patrem

361 1386 535 1469 Joannem
550 1389 711 1470 Paulum,
727 1393 788 1471 qui
802 1393 885 1455 olim
900 1392 938 1456 P.
955 1394 1111 1475 Joannes
1128 1392 1281 1456 Alvarez
1297 1390 1505 1473 [dicebatur]
1520 1390 1544 1470 ¹,
1557 1401 1596 1454 et.
1697 1375 1700 1385 ¹

362 1497 565 1576 paulopost
587 1500 776 1563 accersivit
795 1499 833 1562 P.
854 1500 1053 1580 Baptistam
1072 1498 1232 1563 Sanchez
1251 1498 1274 1559 ³.
1296 1498 1373 1563 Sed·
1389 1518 1433 1561 ex
1446 1500 1508 1565 ¹his
1527 1498 1594 1562 Pa·

363 1611 453 1666 trem
467 1603 641 1685 Joannem
657 1604 806 1669 Paulum
821 1608 868 1669 ad
886 1605 951 1671 S.¹¹¹
969 1608 1104 1671 Lucam
1126 1606 1228 1669 misit.
1247 1605 1368 1670 Voluit
1389 1606 1519 1669 ibidem
1540 1621 1591 1668 re·

362 1709 521 1789 linquere
535 1729 600 1773 sex
614 1712 818 1776 sacerdotes
835 1715 1034 1793 operari0s;
1058 1722 1092 1775 et
1112 1714 1252 1794 quidem
1273 1724 1346 1776 tres
1368 1730 1491 1775 eorum
1510 1730 1590 1775 con-

363 1815 565 1879 cionatores
586 1829 704 1899 erant,
724 1830 759 1882 et
778 1820 905 1900 reliqui
924 1820 969 1883 ad
988 1820 1219 1885 christianam
1242 1819 1440 1883 doctrinam
1464 1820 1590 1885 docen-

363 1922 446 1987 dam
470 1923 600 1989 idonei.
627 1925 788 2005 Quatuor
809 1938 996 2006 praeterea
1022 1926 1067 1991 ad
1092 1927 1285 1991 domestica
1311 1926 1527 2003 ministeria,
1551 1936 1590 1989 ut

364 2048 487 2095 omnes
501 2050 647 2096 numero
657 2034 786 2097 decem
801 2044 929 2097 essent.

426 2137 513 2201 1321.
557 2138 703 2203 Praeter
718 2141 783 2203 hos
798 2152 875 2204 erat
890 2141 1038 2220 ipsemet
1054 2141 1090 2203 P.
1113 2141 1327 2203 Franciscus
1347 2158 1427 2203 cum
1447 2140 1544 2203 socio
1564 2137 1588 2219 ⁴,

363 2261 467 2324 quem
478 2243 489 2273 ³
501 2245 654 2309 Ducissa
670 2248 713 2309 de
725 2245 831 2327 Bejar
841 2244 853 2277 ⁰
865 2257 899 2310 et
911 2247 1100 2311 Comitissa
1112 2248 1156 2310 de
1169 2246 1333 2311 Olivares
1346 2247 1367 2326 ⁷,
1382 2248 1590 2326 simulatque

362 2353 471 2429 venit,
489 2354 534 2417 ad
549 2372 629 2419 eum
644 2354 869 2417 salutandum
884 2355 1066 2418 miserunt.
1085 2354 1229 2417 Plurimi
1244 2364 1362 2417 autem
1377 2354 1511 2417 nobiles
1526 2370 1589 2433 per

363 2460 500 2539 seipsos
515 2478 596 2525 eum
611 2462 824 2525 invisebant.

426 2567 514 2631 1322.
560 2568 726 2633 Vicatius
740 2579 876 2645 autem,
896 2580 1039 2650 praeter
1059 2570 1337 2649 eleemosynam,
1360 2586 1429 2649 qua
1449 2578 1590 2633 nostros

359 2672 518 2755 juvabat,
534 2677 653 2740 locum
676 2677 863 2757 quemdam
883 2677 1069 2758 assignare
1089 2677 1219 2756 voluit,
1240 2696 1285 2740 ex
1307 2694 1377 2757 quo
1399 2676 1510 2740 nostri
1531 2693 1588 2739 ne·

362 2784 519 2846 cessaria
538 2801 678 2847 sumere
702 2795 858 2865 possent,
885 2785 915 2848 si
936 2785 1077 2849 aliunde
1101 2787 1347 2864 eleemosynae
1368 2784 1413 2845 ad
1437 2801 1498 2846 eos
1519 2801 1589 2846 non

362 2889 593 2954 deferrentur.
612 2891 801 2956 Comitissa
816 2900 935 2955 autem
954 2893 996 2955 de
1022 2891 1185 2956 Olivares
1205 2892 1295 2953 ursit
1318 2900 1459 2953 nostros
1479 2899 1518 2954 ut
1542 2891 1586 2952 ad

362 2998 505 3060 domum
530 3001 720 3078 quamdam
746 3017 865 3071 suam,
894 3001 1004 3080 ipsius
1033 2999 1244 3064 habitationi
1273 2998 1446 3077 vicinam,
1477 2998 1589 3061 nostri

361 3104 569 3184 migrarent,
585 3124 675 3186 quae
691 3108 726 3169 in
742 3108 875 3187 optimo
891 3107 1047 3172 civitatis
1066 3107 1134 3170 situ
1154 3115 1232 3169 erat
1246 3104 1274 3186 ⁸,
1296 3116 1330 3169 et
1351 3107 1447 3168 illam
1467 3105 1589 3169 admit-

360 3307 460 3353 Verum
469 3309 556 3352 facilis
565 3313 702 3356 concordia
714 3319 763 3363 est,
772 3312 795 3355 si
806 3312 970 3366 intelligatur
979 3323 1122 3356 sermonem
1134 3311 1274 3354 Poiancum
1290 3311 1375 3356 iacere
1385 3311 1416 3354 de
1428 3310 1593 3354 concionibus

357 3381 487 3436 publicis,
500 3381 659 3426 Santivaiiez
674 3395 737 3427 vero
750 3385 781 3427 de
795 3386 915 3438 priuatis
929 3383 1164 3428 adhortationibus.
1179 3384 1225 3425 Ait
1235 3384 1302 3426 enim
1314 3383 1355 3426 bic
1369 3383 1446 3436 paulo
1462 3382 1538 3427 inire:
1553 3383 1592 3425 “ei

361 3453 390 3496 Ρ.
399 3453 466 3506 Juau
477 3453 573 3499 Suarez
583 3467 599 3508 y
610 3467 653 3499 sus
661 3456 707 3500 dos
715 3459 884 3510 compatieros
893 3468 923 3499 en
933 3462 1003 3500 estos
1011 3457 1140 3510 primatos
1148 3455 1213 3507 dias,
1224 3455 1406 3498 desconocidos
1414 3455 1445 3498 de
1455 3454 1539 3506 todos,
1550 3465 1591 3498 es·

360 3527 442 3569 tabeu
452 3539 469 3580 y
479 3527 595 3572 dormian
606 3528 771 3572 duodecumo
782 3531 797 3572 ai
808 3531 901 3582 pobres
910 3530 949 3572 les
963 3530 1039 3582 cogia
1054 3529 1081 3572 la
1093 3527 1182 3580 nuche,
1198 3528 1229 3570 de
1240 3527 1371 3570 ordinario
1382 3537 1414 3569 en
1429 3527 1453 3570 el
1468 3525 1593 3580 hospitat.

361 3596 502 3641 Hacianles
511 3598 629 3651 (infirmis
640 3607 665 3642 et
676 3600 734 3644 aliis
744 3601 769 3643 in
780 3601 903 3654 hospitali
919 3599 1082 3654 degentibus)
1097 3600 1163 3642 eiius
1174 3599 1294 3652 plancas
1309 3609 1340 3642 en
1356 3605 1462 3641 retorno
1478 3597 1518 3641 del
1533 3597 1593 3640 hos·

360 3668 475 3723 pedara„

402 3739 410 3770 ⁴
439 3739 532 3798 Sppre,
543 3753 567 3784 a.
579 3741 633 3785 tato
642 3750 669 3786 et
679 3742 738 3786 1317.

401 3812 412 3843 ¹
440 3812 506 3856 Vide
516 3825 604 3868 supra,
614 3823 633 3858 t.
642 3827 678 3858 ru.
689 3827 750 3869 pag.
760 3815 809 3867 toi,
820 3822 908 3858 annot.
917 3815 940 3860 b.

400 3883 413 3914 ¹
438 3884 505 3928 Vide
515 3897 603 3939 supra,
615 3892 634 3929 t.
643 3897 680 3940 tv,
695 3898 755 3941 pag.
766 3887 847 3939 390,n.
857 3886 898 3929 &38
908 3896 934 3929 et
944 3887 971 3930 in
985 3887 1033 3930 hoc
1045 3894 1064 3931 t.
1076 3899 1101 3942 v,
1117 3899 1205 3942 supra,
1216 3897 1276 3940 pag.
1287 3885 1328 3929 t69
1342 3891 1367 3929 et
1382 3883 1430 3937 t70,
1443 3895 1485 3928 nn.
1502 3883 1555 3928 1272
1565 3890 1590 3928 et

361 3955 425 4000 1273.

402 4028 415 4060 ⁴
441 4026 513 4070 Voce
525 4028 574 4072 hac
585 4029 655 4072 socio
665 4029 776 4083 exprimi
785 4028 965 4074 existimamus
980 4029 1086 4074 Patrem
1096 4029 1220 4082 Joanuem
1235 4027 1343 4072 Paulum
1358 4027 1502 4080 (Alvum),
1517 4037 1593 4081 quem

361 4098 390 4142 P.
402 4097 560 4142 Franciscus
569 4099 706 4143 Placentia
718 4100 845 4155 Hispalim
860 4113 952 4145 secum
967 4102 1122 4145 adduoeerat
1136 4103 1169 4150 (n.
1185 4100 1368 4155 praecedeuti).
1384 4098 1437 4143 Nec
1453 4098 1521 4142 enim
1536 4109 1598 4142 esso

361 4176 465 4220 poteret
477 4171 508 4215 ir.
519 4170 633 4224 Joannes
643 4173 739 4216 Paulus
750 4173 877 4225 Boreiius,
889 4173 931 4228 qui
944 4173 1041 4218 Romae
1051 4173 1158 4228 (Carras
1168 4175 1202 4216 de
1212 4172 1267 4216 San
1278 4171 1393 4226 ignauo,
1402 4177 1420 4214 t.
1429 4183 1455 4223 v,
1464 4180 1526 4224 pag.
1535 4169 1596 4222 201),

362 4254 410 4286 uec
419 4241 448 4286 P.
459 4242 677 4288 Bartholomaeus
686 4245 867 4299 Bustemaute,
877 4246 921 4300 qui
933 4244 1114 4300 Septimancis,
1128 4245 1282 4288 versabatur
1293 4243 1424 4297 (Litterae
1434 4242 1594 4295 Quadrima·

363 4317 443 4366 sires,
453 4320 471 4358 t.
480 4326 520 4364 ιιι,
528 4327 589 4370 ρει.
599 4317 658 4366 297).

404 4385 416 4418 ⁸
443 4386 548 4429 Patrem
558 4388 658 4432 scilicet
671 4387 839 4431 Franciscum
850 4387 955 4441 Borgia.

403 4459 415 4494 ⁰
442 4458 509 4502 Dua.
525 4459 652 4503 Tberesia
661 4461 692 4504 de
707 4460 816 4514 Zuatga.
827 4461 909 4504 tertia
923 4461 1034 4506 Ducisa
1044 4462 1075 4504 de
1086 4459 1173 4515 Beier.
1183 4459 1293 4510 Bassos.
1308 4459 1410 4502 Biason
1425 4458 1458 4502 de
1473 4457 1585 4513 Espatio
1676 4443 1680 4452 ’

376 4563 382 4575 .
414 4565 419 4584 ,
448 4530 539 4574 a.i›i.

364 4540 375 4576 t
391 4542 509 4646 1¹⁷¹>Dia
520 4602 659 4646 Francisca
675 4604 706 4646 de
718 4603 812 4647 Ribera
828 4604 906 4654 Nido.
918 4615 984 4648 uxor
999 4605 1071 4649 Petri
1082 4606 1113 4649 de
1131 4603 1277 4658 Guzman,1
1293 4604 1401 4648 Comitis
1416 4604 1447 4646 dc
1463 4602 1597 4657 Olivsres,

364 4677 474 4728 Busoos,
486 4676 503 4720 l.
511 4686 534 4718 c.
546 4682 565 4718 t.
576 4687 612 4723 tv.
621 4688 681 4731 pag.
691 4677 739 4720 266.
751 4677 923 4730 Sunurvnssz,
936 4679 952 4722 1.
964 4689 996 4733 c.,
1006 4689 1064 4732 cap.
1075 4679 1107 4732 19,
1118 4689 1141 4721 a.
1152 4677 1174 4720 9.

403 4748 417 4782 ⁸
444 4749 537 4793 *Tomo
547 4761 608 4804 muy
619 4753 674 4793 asu
684 4761 765 4804 eergo
775 4749 917 4795 Francisco
928 4748 1079 4794 Fornandeu
1089 4751 1120 4792 de
1131 4750 1227 4794 Pineda
1238 4751 1333 4794 buscur
1343 4751 1369 4792 la
1380 4759 1440 4792 cusa
1450 4759 1498 4802 quc
1506 4747 1597 4792 desee-
