3717 5400
804 494 868 555 Aa.
890 495 961 555 1555
1442 498 1505 559 tls

265 653 310 700 ea
323 646 551 717 peregerunt,
566 638 638 718 qui,
654 638 749 718 quod
762 648 881 703 essent
894 638 1000 703 valde
1022 640 1113 711 noti,
1138 642 1228 705 alios
1247 644 1410 722 exemplo
1430 661 1499 707 suo

265 753 301 805 et
316 744 424 807 etiam
442 744 553 807 verbo
572 744 618 807 ad
637 762 679 809 ea
698 745 777 826 ipsa
796 746 995 826 expetenda
1013 748 1295 811 commovebant.
1318 748 1413 813 Inter
1434 766 1506 814 eos.

268 859 399 925 autem,
426 850 486 931 qui
510 852 643 915 exculti
660 851 803 917 fuerunt
827 850 1028 932 hujusmodi
1048 852 1334 919 meditationibus
1357 858 1393 920 in
1412 858 1498 921 anni

267 973 477 1037 progressu,
498 958 608 1038 aliqui
627 976 673 1021 ex
690 959 904 1039 primoribus
924 970 1041 1039 erant,
1066 970 1100 1024 et
1120 962 1210 1025 inter
1231 964 1321 1026 alios
1339 964 1496 1045 quidam,

268 1064 548 1129 ecclesiasticam
576 1065 785 1145 dignitatem
813 1067 851 1130 in
877 1067 1031 1147 quadam
1061 1068 1230 1147 primaria
1259 1071 1410 1135 ecclesia
1438 1072 1499 1137 ha-

266 1172 382 1251 bebat,
400 1170 501 1252 cujus
515 1173 704 1236 conversio
719 1182 755 1235 et
769 1174 917 1237 mutatio
932 1190 1016 1237 rara
1036 1174 1226 1239 admodum
1246 1174 1321 1239 fuit.
1346 1176 1498 1256 Quidam

266 1279 374 1343 etiam
402 1296 447 1342 ex
476 1279 730 1343 cathedraticis
758 1280 822 1358 (sic
851 1290 982 1343 vocant
1010 1281 1171 1361 publicos
1200 1282 1431 1363 professores)
1461 1285 1497 1349 in

265 1386 401 1451 eisdem
414 1387 522 1450 etiam
535 1387 683 1450 multum
698 1385 859 1466 profecit;
872 1388 934 1467 qui
948 1387 1048 1450 brevi
1061 1388 1106 1451 ad
1121 1388 1263 1469 aliquod
1279 1407 1323 1453 ex
1339 1391 1496 1455 consiliis

265 1493 367 1573 regni
382 1493 646 1572 promovendus
660 1493 887 1570 credebatur,
904 1504 999 1557 etex
1014 1491 1172 1573 ejusdem
1192 1495 1350 1575 Collegio
1365 1495 1374 1528 ¹
1390 1504 1505 1576 atque-

266 1599 345 1663 aliis
362 1598 719 1676 Salmanticensibus,
737 1599 812 1679 ejus
826 1601 883 1663 vel
897 1602 1058 1681 exemplo
1079 1602 1137 1664 vel
1156 1602 1313 1681 hortatu,
1330 1604 1377 1666 ad
1391 1620 1496 1683 gene·

265 1708 360 1772 rales
386 1707 629 1770 confessiones
657 1707 750 1786 apud
779 1716 922 1769 nostros
951 1705 1133 1771 faciendas
1161 1718 1355 1788 venerunt,
1388 1720 1422 1773 et
1450 1711 1495 1775 ad

266 1812 333 1876 Dei
348 1815 479 1877 cultum
495 1830 712 1894 magnopere
728 1814 981 1878 afficiebantur.
999 1814 1072 1878 Alii
1087 1824 1206 1879 autem
1221 1834 1265 1879 ex
1285 1817 1339 1879 his
1360 1818 1494 1882 exerci-

264 1920 323 1985 tiis
347 1921 392 1984 ad
412 1931 571 1984 nostram
591 1920 804 1985 Societatem
826 1922 983 1985 animum
1004 1920 1218 2001 adjecerunt.
1235 1923 1308 1987 Alii
1322 1942 1403 1989 cum
1421 1943 1493 1989 ma·

265 2044 338 2107 gno
353 2028 515 2108 profectu
529 2045 632 2091 suum
646 2036 778 2093 statum
797 2028 1028 2092 retinuerunt.

331 2134 419 2198 1109.
462 2134 543 2198 Fuit
563 2135 654 2197 inter
676 2135 766 2197 alios
785 2136 955 2197 sacerdos
980 2136 1121 2214 quidam
1149 2146 1265 2201 aetate
1291 2147 1496 2219 provectuS,

265 2242 326 2322 qui
351 2241 404 2304 bis
429 2252 491 2304 aut
516 2250 569 2304 ter
593 2241 801 2320 religionem
821 2250 1024 2322 susceptam
1049 2242 1269 2323 deseruerat,
1298 2254 1333 2307 et
1357 2254 1493 2310 tantam

265 2350 573 2430 compunctionem
589 2358 623 2411 et
638 2350 733 2412 vitae
748 2349 962 2429 praeteritae
977 2349 1137 2412 dolorem
1152 2352 1326 2431 concepit,
1343 2362 1382 2416 ut
1396 2354 1493 2420 omni

264 2473 364 2519 mora
380 2456 587 2536 postposita,
605 2454 650 2517 ad
669 2472 771 2518 suam
790 2455 999 2534 religionem
1019 2456 1159 2535 regredi
1179 2459 1356 2533 statuerit;
1384 2469 1418 2523 ct
1441 2461 1491 2523 ita

263 2580 345 2627 cum
370 2564 529 2643 praelato
555 2560 630 2640 ejus
654 2562 837 2641 religionis
859 2579 918 2625 res
940 2574 993 2625 est
1011 2573 1209 2643 transacta,
1233 2566 1292 2645 qui
1309 2568 1499 2646 praelatus,

264 2687 345 2734 cum
359 2668 568 2751 quibusdam
583 2668 760 2749 religiosis
774 2679 809 2733 et
823 2669 903 2732 aliis
917 2669 1032 2734 doctis
1049 2671 1145 2746 viriS,
1163 2670 1222 2752 qui
1241 2670 1317 2751 ejus
1339 2673 1500 2738 hominis.

261 2778 505 2842 reductionem
521 2787 626 2840 antea
641 2777 772 2840 frustra
788 2786 1026 2854 tentaverant,
1048 2778 1141 2840 hanc
1164 2781 1396 2846 mutationem
1415 2791 1491 2846 tan·

261 2903 369 2966 quam
397 2885 565 2948 dexterae
593 2885 757 2948 excelsae
784 2883 904 2947 mirati
931 2895 1013 2949 sunt
1046 2895 1080 2948 et
1114 2902 1330 2966 magnopere
1363 2905 1490 2970 appro-

260 2993 401 3056 barunt.

323 3098 411 3162 1110.
454 3099 548 3163 Ante
572 3099 663 3162 festa
691 3099 852 3162 natalitia
885 3099 1133 3179 promulgatus
1168 3109 1221 3163 est
1253 3099 1492 3166 Salmanticae

258 3205 358 3272 Pauli
377 3206 427 3270 IV
452 3204 638 3285 jubilaeus,
662 3207 721 3286 qui
740 3215 813 3270 tres
832 3206 908 3269 dies
927 3205 1141 3268 confessioni
1167 3207 1354 3287 tribuebat,
1381 3218 1416 3273 et
1438 3227 1489 3272 se·

258 3313 379 3394 quenti
407 3314 463 3377 die
491 3313 667 3377 dominica
695 3323 774 3393 post
801 3313 1122 3393 promulgationem
1152 3316 1487 3380 communicandum

258 3431 346 3484 erat.
363 3420 429 3484 His
443 3419 566 3483 diebus
580 3421 693 3483 nostri
707 3437 796 3500 pene
811 3419 1152 3500 quadringentorum
1167 3419 1408 3485 confessiones
1430 3439 1497 3486 au·¹

258 3527 409 3605 dierunt,
423 3545 572 3607 quorum
583 3543 714 3606 magna
727 3543 810 3607 pars
820 3545 866 3590 ex
876 3526 1078 3606 praecipuis
1089 3527 1249 3606 collegiis
1259 3525 1334 3606 ejus
1346 3529 1488 3593 univer·

259 3635 374 3700 sitatis
389 3645 476 3712 erat;
493 3644 528 3697 et
542 3635 632 3697 inter
647 3651 709 3696 eos
723 3633 823 3698 multi
837 3634 907 3696 viri
920 3632 1083 3696 doctriua
1104 3633 1262 3712 insignes
1281 3635 1486 3717 extiterunt,

258 3753 293 3806 et
307 3760 352 3806 ex
365 3742 580 3822 primoribus
595 3741 752 3805 civitatis
766 3741 947 3821 utriusque
968 3757 1085 3804 sexus

321 3849 409 3912 llll.
451 3848 625 3912 Moniales
639 3847 814 3928 quaedam
827 3846 960 3911 ordinis
971 3845 1030 3911 gn
1047 3847 1171 3928 Jacobi
1185 3846 1195 3877 ²
1207 3865 1296 3928 quas
1310 3848 1487 3914 interdum

256 3955 404 4036 Collegii
429 3955 542 4020 nostri
565 3954 697 4019 Rector
719 3954 905 4030 invisebat,
928 3955 966 4018 in
988 3954 1113 4018 orandi
1134 3955 1272 4018 ratione
1292 3955 1488 4022 instructae

256 4080 469 4146 progressus
491 4079 641 4142 magnos
662 4063 760 4125 inea
782 4062 952 4126 fecerunt.
974 4062 1131 4126 Alterius
1151 4062 1257 4126 etiam
1280 4064 1489 4130 monasterii

254 4172 443 4251 religiosae
457 4170 632 4234 foeminae
655 4169 836 4233 exercitiis
856 4169 1099 4249 spiritualibus
1121 4167 1263 4248 adjutae
1284 4172 1432 4234 multum
1449 4171 1493 4240 ia.

253 4277 407 4342 Domino
426 4277 663 4358 profecerunt.

295 4593 302 4623 ¹
332 4591 436 4636 Scilicet
448 4602 481 4634 ex
491 4591 610 4643 collegio,
619 4590 648 4632 in
659 4600 708 4642 quo
717 4590 741 4631 is
747 4587 887 4643 professor
893 4589 1029 4642 publicus,
1038 4589 1085 4641 qui
1096 4589 1235 4632 exercitiis
1248 4589 1371 4631 excultus
1376 4588 1485 4644 suerat,

254 4665 550 4780 deeebgornendadoras
560 4735 593 4778 de
604 4735 742 4787 santiago.
752 4733 819 4777 Vide
830 4730 951 4776 Litterae
959 4731 1189 4786 Quadrimestres,
1200 4740 1218 4777 t.
1229 4744 1265 4784 ιιι,
1277 4743 1336 4788 pag.
1347 4732 1395 4777 728.

1242 4877 1259 4928 O
