3717 5400
807 506 871 565 Au.
892 505 962 565 isso
1443 505 1498 567 489

259 652 353 715 tium
366 651 626 717 distribuerent.
643 652 800 717 Fuerunt
814 659 849 715 et
863 650 1034 731 virgines
1051 667 1141 730 quae
1158 650 1280 715 relicto
1294 648 1496 733 hujusmodi

264 775 359 823 vano
369 768 405 823 et
415 759 553 823 caduco
565 757 1288 843 apparatu,solitudinemetpoenitentiam
1299 758 1494 836 elegerunt.

330 864 418 930 1332.
459 866 542 930 Fuit
556 867 664 930 etiam
678 866 840 930 instituta
861 866 1067 931 fraternitas
1082 864 1274 946 quaedam,
1291 881 1397 946 quam
1418 864 1498 928 cira-

263 972 391 1036 ritaiis
405 972 596 1052 vocabant,
612 990 704 1054 quae
719 974 933 1054 pauperibus
944 970 1019 1052 jam
1038 971 1384 1051 convalescentibus,
1401 979 1495 1053 post·

261 1097 371 1160 quam
385 1080 430 1143 ab
444 1080 610 1160 hospitali
624 1078 900 1154 dimittebantur,
915 1078 1119 1143 necessaria
1139 1078 1442 1157 subministraret,
1460 1087 1496 1141 et

263 1186 428 1249 omnibus
448 1186 528 1250 aliis
549 1186 788 1267 indigentibus
807 1203 910 1267 opem
928 1186 1038 1251 ferret
1058 1183 1080 1251 ¹.
1102 1184 1277 1249 Commoti
1295 1184 1403 1248 etiam
1422 1183 1496 1249 fue·

264 1302 348 1357 runt
362 1294 618 1373 adolescentes,
634 1305 669 1358 et
683 1294 775 1357 inter
790 1294 887 1374 ipsos
902 1292 1069 1357 convenit
1089 1301 1127 1355 ut
1144 1309 1204 1372 ea,
1226 1308 1316 1371 quae
1338 1290 1436 1372 prius
1460 1292 1496 1355 in

265 1398 368 1478 ludis,
385 1400 573 1478 conviviis,
590 1410 625 1465 et
640 1400 719 1464 aliis
734 1400 934 1481 huJusmodi
948 1404 1006 1463 vei
1022 1398 1199 1481 pejoribus
1221 1398 1326 1463 rebus
1346 1397 1495 1479 prodige

265 1508 536 1589 consumebant,
553 1507 589 1570 iu
604 1509 874 1573 subventionem
888 1525 1084 1589 pauperum
1099 1515 1359 1571 converterent.

329 1613 417 1678 1333.
461 1612 550 1677 Cum
565 1624 685 1679 autem
700 1616 890 1680 conciones
904 1615 1082 1696 quaedam
1096 1615 1140 1678 de
1154 1623 1267 1678 morte
1282 1622 1317 1677 et
1328 1611 1461 1693 judicio
1474 1630 1496 1676 a

261 1723 420 1802 quodam
435 1741 478 1787 ex
496 1724 627 1787 nostris
650 1723 792 1787 habitae
811 1733 946 1800 essent,
971 1723 1016 1786 ad
1036 1732 1173 1785 tantam
1187 1720 1496 1801 compunctionem

263 1828 458 1909 auditores,
475 1832 536 1912 qui
550 1831 694 1911 plurimi
707 1830 945 1905 confluebant,
960 1838 1154 1906 venerunt,
1169 1840 1207 1891 ut
1222 1846 1294 1891 non
1312 1829 1427 1891 solum
1446 1829 1495 1891 la·

263 1938 400 2017 crymis
413 1938 451 2001 in
465 1940 596 2018 templo
611 1954 690 2001 eam
705 1945 933 2016 testarentur,
949 1935 1011 1999 sed
1027 1952 1099 2016 per.
1108 1935 1188 1999 vias
1208 1935 1368 2015 publicas
1386 1934 1496 2015 gemi-

267 2052 326 2107 tus
339 2053 375 2107 et
388 2043 492 2107 fletus
507 2055 747 2121 cernerentur,
763 2054 799 2107 et
814 2043 857 2106 de
872 2044 968 2106 vitae
983 2042 1235 2107 reformatione
1253 2059 1296 2105 ac
1316 2040 1496 2122 poeniten·

265 2152 318 2215 tia
332 2152 426 2215 serio
441 2152 607 2232 agebant.
622 2150 704 2214 Fuit
720 2150 912 2232 quistatim
924 2168 946 2213 a
958 2150 1139 2227 concione,
1153 2149 1212 2213 ubi
1224 2149 1367 2215 domum
1377 2148 1494 2225 rediit,

266 2259 447 2338 tapetiact
462 2270 671 2322 ornamenta
686 2276 731 2322 ex
745 2258 797 2321 eis
810 2258 1002 2335 sustulerit,
1019 2266 1054 2320 et
1069 2273 1133 2321 sua
1154 2258 1262 2321 etiam
1283 2255 1494 2319 vestimenta

264 2364 314 2428 ad
327 2381 497 2445 magnam
511 2365 720 2430 modestiam
734 2365 927 2429 reduxerit.
947 2364 1132 2429 Matronae
1150 2363 1259 2427 etiam
1280 2362 1414 2426 sericas
1436 2378 1495 2425 ve·

156 2482 166 2507 ·
266 2481 339 2535 stes
359 2472 549 2552 exuebant,
573 2481 607 2535 et
629 2472 674 2535 ad
699 2488 874 2552 pauperes
896 2471 1034 2552 aliquas
1055 2488 1177 2535 earum
1202 2452 1397 2534 mittebant.
1417 2467 1496 2533 Ali·

264 2596 358 2659 quac
374 2580 485 2643 etiam
505 2580 759 2643 monasterium
780 2578 919 2659 ingredi
941 2578 1187 2657 decreverunt;
1210 2585 1244 2641 et
1266 2587 1370 2658 prout
1390 2575 1496 2640 facile

265 2703 313 2750 ex
340 2683 621 2751 confessionibus
648 2686 797 2768 intelligi
825 2696 986 2768 poterat,
1016 2688 1149 2750 cultum
1176 2685 1399 2749 moderatum
1424 2682 1496 2748 *et

263 2795 386 2858 omnia
406 2793 583 2874 superflua
597 2796 874 2872 resecabantyet
892 2796 980 2859 haec
1000 2811 1043 2858 eo
1063 2813 1175 2876 usque
1196 2811 1389 2876 progressa
1411 2804 1495 2860 sunt

264 2911 320 2977 ιιι,
336 2919 417 2966 cum
435 2902 543 2982 panni
565 2902 669 2966 serici
690 2903 737 2966 ad
754 2903 908 2982 pretium
929 2903 1146 2966 moderatius
1165 2902 1380 2967 descendere
1400 2903 1497 2966 soliti

264 3025 339 3072 non
353 3019 482 3084 essent,
499 3018 584 3072 tunc
602 3009 718 3072 viliori
738 3009 850 3089 pretio
871 3011 979 3075 vendi
993 3010 1203 3090 inciperent,
1226 3012 1348 3091 quinta
1367 3012 1495 3075 saitem

267 3127 368 3192 parte
383 3115 426 3179 de
441 3126 610 3179 consueto
626 3116 738 3196 pretio
758 3117 960 3180 substracta
975 3115 999 3178 ³.

330 3221 418 3286 1334.
462 3224 582 3302 Aliqui
597 3223 716 3301 etiam,
733 3225 793 3304 qui
807 3224 906 3304 prius
920 3224 1049 3287 adduci
1066 3241 1137 3288 non
1152 3233 1316 3305 poterant
1331 3224 1377 3289 ad
1391 3242 1496 3305 quae·

262 3328 349 3394 dam
362 3331 601 3410 poenitentiae
616 3347 737 3410 opera,
754 3329 952 3411 cujusmodi
971 3341 1051 3394 sunt
1066 3331 1333 3410 flagellationes
1351 3348 1433 3394 cum
1445 3332 1495 3394 in·

265 3437 466 3517 telligerent
479 3438 516 3501 in
531 3437 601 3500 alio
616 3435 759 3501 saeculo
770 3437 983 3516 exigendam
997 3455 1076 3501 esse
1095 3438 1390 3516 satisfactionem,
1414 3439 1495 3501 siin

266 3544 336 3608 bac
349 3545 425 3608 vita
439 3562 510 3607 non
524 3543 638 3622 fieret,
661 3554 695 3608 et
712 3543 863 3623 flagellis
881 3561 921 3607 se
941 3544 1137 3608 caedebant
1157 3555 1191 3608 et
1211 3545 1306 3608 bona
1327 3561 1393 3608 sua
1415 3560 1496 3608 cum

267 3651 481 3732 pauperibus
496 3651 822 3731 communicabant;
839 3651 1004 3731 quamvis
1023 3651 1068 3715 ad
1090 3652 1159 3716 hoc
1180 3652 1287 3715 etiam
1306 3650 1495 3716 confessio·

265 3775 332 3822 nes
346 3775 563 3839 magnopere
575 3758 764 3839 Juvabant,
781 3778 802 3822 a
817 3760 944 3840 quibus
963 3769 1036 3822 tam
1058 3759 1225 3824 commoti
1246 3759 1354 3840 aliqui
1374 3776 1495 3839 surge·

267 3867 354 3930 bant
369 3875 407 3930 ut
421 3877 497 3930 tum
510 3865 665 3946 primum
675 3866 834 3930 dicerent
847 3883 886 3929 se
900 3863 1084 3930 confessos
1099 3883 1188 3930 esse.

331 3972 419 4036 1335.
463 3971 521 4038 Ad
540 3975 632 4036 hanc
649 3973 839 4037 motionem
853 3973 952 4036 urbis
971 3991 1042 4037 non
1061 3991 1187 4053 parum
1207 3973 1397 4037 conciones
1415 3974 1496 4036 illae

307 4320 316 4355 ¹
345 4321 410 4367 Cum
419 4329 459 4366 tot
468 4324 530 4367 oiim
540 4323 637 4367 fuerint
647 4329 673 4366 et
683 4323 768 4368 adbuc
778 4325 830 4368 sint
841 4323 942 4378 Hispali
957 4324 1195 4372 confraternitates.
1208 4335 1274 4378 quae
1290 4323 1401 4370 diversis
1411 4324 1498 4369 citari·

263 4393 333 4437 tatis
342 4393 462 4449 operibus
476 4403 580 4448 vacant,
592 4395 662 4440 baud
676 4395 754 4440 faciie
768 4396 908 4440 decernere
923 4402 963 4440 est
979 4407 1106 4450 quaenam
1122 4396 1186 4439 haec
1198 4395 1284 4448 inerit,
1294 4406 1311 4439 a
1322 4395 1443 4440 Patribus
1453 4395 1497 4440 So·

262 4464 379 4518 cletario,
387 4464 430 4519 qui
440 4465 515 4518 primi
525 4466 613 4510 aedem
623 4466 649 4510 in
659 4467 705 4510 iiia
714 4469 778 4512 urbe
788 4466 876 4518 dxere.
889 4468 1019 4522 instituta,
1035 4469 1108 4522 cuius
1124 4467 1239 4510 meminit
1254 4467 1355 4522 quidem
1369 4465 1497 4512 Santra·

266 4539 325 4588 aaa.
335 4537 352 4580 i.
363 4547 394 4588 c,
402 4547 460 4591 cap.
472 4537 505 4588 19,
516 4548 540 4580 n.
550 4537 571 4588 5,
582 4549 674 4582 verum
684 4539 775 4583 iladenr
785 4540 839 4583 iere
849 4540 939 4584 verbis
950 4539 1042 4594 quibua
1052 4540 1134 4583 utitur
1145 4539 1186 4582 iiic
1197 4539 1332 4586 Poiancua.

308 4607 320 4640 ⁸
347 4607 398 4658 sie
414 4619 505 4652 verum
518 4614 565 4653 aut
578 4609 744 4655 desideratur
757 4611 863 4666 aliquod
875 4613 994 4666 verbum,
1009 4618 1074 4666 puta
1088 4611 1268 4666 usurpabant,
1281 4617 1327 4655 aut
1337 4612 1498 4658 inmutanda

266 4680 335 4723 baec
344 4687 405 4723 aaut
413 4679 462 4723 hoc
472 4680 554 4724 modo:
565 4681 664 4726 cultum
672 4681 808 4738 (corporis)
817 4683 995 4729 moderabant.

309 4749 322 4782 ⁸
349 4749 417 4794 Vide
427 4749 548 4795 Litterae
558 4751 788 4807 Quadrimesiras,
797 4761 816 4800 t.
825 4764 863 4800 iv.
873 4765 934 4811 pag.
942 4753 971 4798 85
979 4759 1007 4800 et
1016 4755 1053 4800 91.
