3717 5400
348 472 409 531 460
810 474 938 534 Cuuou.
959 474 1036 535 Soc.
1057 474 1126 549 jas

347 618 542 700 inquisitor
556 618 743 684 Generalis
757 624 778 701 ¹,
795 622 966 701 peculiari
982 621 1110 686 affectu
1125 620 1311 685 charitatis
1323 636 1366 683 ac
1386 619 1587 683 devotionis

348 725 495 791 Patrem
518 726 639 792 Araoz
663 730 959 811 prosequebatur,
982 740 1017 793 et
1035 730 1156 810 aliqua
1178 728 1301 807 magni
1326 727 1511 805 momenti,
1539 725 1585 789 ad

349 830 524 898 Sanctum
539 834 703 900 Officium
720 836 962 918 Inquisitionis
977 836 1203 917 pertinentia,
1219 834 1441 900 familiariter
1452 842 1488 897 et
1500 850 1585 897 cou-

350 939 500 1004 fidenter
515 959 596 1005 cum
610 960 652 1007 eo
667 944 848 1022 tractavit,
866 952 904 1007 ut
919 961 1000 1007 cum
1016 960 1101 1023 rege
1117 942 1291 1023 Philippo,
1308 952 1343 1005 et
1363 942 1494 1005 comite
1513 940 1584 1003 Me·

351 1047 418 1126 liti,
433 1046 655 1127 Ruigomez¹
672 1068 715 1113 ea
731 1061 915 1128 tractaret;
934 1050 1048 1114 voluit
1070 1051 1177 1114 etiam
1202 1050 1346 1113 nomina
1371 1065 1504 1127 eorum,
1525 1048 1585 1127 qui

350 1152 526 1234 Hispalim
541 1157 641 1220 missi
655 1156 806 1232 fuerant,
822 1158 926 1235 scire,
944 1168 982 1220 ut
997 1174 1058 1221 eos
1073 1174 1138 1221 suo
1154 1156 1301 1221 Vicario
1321 1153 1332 1185 ³
1359 1152 1582 1219 commenda·

349 1270 419 1341 ret,
436 1271 474 1325 ut
489 1262 524 1325 in
539 1262 743 1327 Cathedrali
757 1265 909 1327 ecclesia
925 1264 972 1328 ad
987 1264 1265 1343 praedicandum
1280 1279 1342 1325 eos
1357 1262 1522 1325 mitteret.

414 1367 502 1432 1247.
546 1368 737 1451 Postquam
762 1380 892 1449 autem,
916 1381 955 1434 ut
976 1371 1140 1452 superius
1154 1370 1307 1435 diximus
1328 1366 1350 1447 ⁴,
1379 1368 1548 1431 facultate
1564 1384 1586 1429 a

352 1472 518 1555 Principe
541 1476 680 1559 Joanna
706 1477 861 1555 obtenta,
889 1478 925 1540 in
951 1476 1177 1541 Provinciam
1204 1476 1430 1555 Guipuzcoae
1445 1492 1484 1539 se
1503 1491 1586 1538 cou-

350 1582 432 1644 tulit
447 1581 469 1660 ⁸,
487 1592 521 1645 et
536 1582 742 1662 Ognatense
762 1583 960 1664 Collegium
979 1584 1151 1659 visitavit,
1174 1583 1304 1663 Burgis
1323 1582 1357 1645 in
1377 1581 1493 1646 reditu
1511 1591 1585 1645 tan·

350 1688 507 1753 tumdem
522 1689 648 1769 effecit,
665 1700 700 1753 et
714 1707 796 1754 cum
811 1692 858 1755 ibi
872 1691 1104 1755 intellexisset
1119 1692 1235 1769 pirum
1251 1689 1439 1771 quemdam
1455 1689 1585 1769 prima·

349 1796 443 1859 rium
458 1797 561 1860 uxori
575 1814 661 1860 suae
675 1816 747 1860 non
758 1798 977 1877 cohabitare,
991 1798 1091 1879 qu'us
1103 1797 1360 1877 primogenitus
1371 1796 1474 1871 filiuS,
1491 1795 1583 1859 scili·

352 1909 411 1965 cet
422 1901 461 1966 P.
474 1901 563 1966 Ruiz
573 1900 596 1981 ⁰,
611 1904 645 1966 in
658 1904 873 1968 Societatem
884 1916 961 1969 erat
974 1905 1164 1980 admissus,
1175 1904 1292 1967 virum
1304 1904 1402 1967 illum
1412 1902 1511 1981 adiit,
1524 1919 1583 1965 no·

357 2010 451 2073 mine
464 2008 728 2074 Ferdinandum
743 2011 787 2075 de
801 2011 949 2089 Vernui‚
977 2022 1012 2075 et
1037 2021 1188 2075 matrem
1203 2010 1334 2085 itidem,
1356 2022 1391 2073 et
1411 2028 1472 2075 eos
1492 2010 1583 2073 inter

352 2134 406 2195 se,
423 2116 586 2197 quamvis
600 2134 672 2179 non
685 2118 800 2197 facile,
818 2119 1034 2197 conciliavit,
1052 2128 1087 2182 et
1099 2119 1166 2181 sibi
1178 2118 1423 2181 cohabitantes
1438 2116 1584 2197 pacifice

350 2223 505 2303 reliquit.

416 2330 504 2395 1248.
548 2332 632 2396 Inde
647 2333 896 2397 Vallisoletum
918 2332 1083 2412 rediens,
1104 2332 1285 2396 febriculis
1306 2331 1515 2412 quibusdam
1536 2332 1585 2393 la·

350 2438 505 2515 boravit,
522 2439 583 2501 sed
598 2442 746 2519 gravius
762 2438 931 2519 Princeps
945 2440 1095 2523 Joanna,
1113 2440 1170 2503 cui
1185 2448 1311 2520 quater
1322 2456 1368 2501 ex
1381 2455 1473 2501 vena
1485 2446 1584 2501 secta

351 2546 501 2624 sanguis
516 2548 666 2609 emissus
681 2558 747 2626 est;
763 2555 798 2609 et
812 2549 1006 2627 postulavit
1021 2564 1063 2609 ea
1076 2558 1113 2610 ut
1123 2546 1222 2610 Patri
1233 2546 1372 2625 ignatio
1384 2542 1459 2624 ejus
1470 2546 1583 2623 aegri·

352 2652 440 2715 tudo
455 2652 726 2732 significaretur,
739 2672 844 2736 quem
856 2654 1026 2734 peculiari
1038 2654 1226 2718 devotione
1240 2652 1531 2734 prosequebatur;
1548 2660 1584 2716 et

351 2776 438 2822 cum
460 2761 539 2842 ipsa
557 2761 734 2824 dubitaret
761 2779 806 2826 an
828 2763 981 2842 languor
1003 2772 1096 2826 esset
1118 2763 1163 2825 ad
1190 2771 1350 2838 mortem,
1374 2761 1583 2824 hortabatur

354 2865 495 2931 Patrem
509 2867 742 2932 Franciscum
758 2869 937 2947 Borgiam,
955 2870 1015 2949 qui
1030 2879 1113 2932 tunc
1137 2869 1170 2931 ei
1188 2869 1329 2946 aderat,
1346 2876 1384 2930 ut
1399 2868 1494 2930 clare
1516 2868 1583 2947 ipsi

351 2973 488 3037 diceret
503 2976 681 3054 quomodo
696 2994 733 3038 se
749 2976 912 3053 habebat;
931 2987 964 3038 et
979 2993 1049 3038 non
1066 2977 1182 3039 minus
1198 2975 1233 3038 in
1249 2983 1409 3054 tempore
1430 2974 1582 3053 aegritu·

351 3079 456 3158 dinis,
481 3097 588 3161 quam
607 3083 783 3159 sanitatis
805 3101 869 3146 suo
895 3083 1059 3162 exemplo
1084 3082 1283 3146 hominibus
1310 3079 1320 3110 ²
1346 3080 1583 3144 aedificationi

351 3187 430 3250 fuit.
445 3187 526 3268 Ipsa
543 3199 661 3253 autem
676 3198 710 3252 et
729 3189 846 3252 infans
862 3189 1013 3252 Carolus
1033 3187 1061 3264 ⁸,
1086 3186 1256 3268 majorem
1275 3197 1413 3268 partem
1433 3187 1584 3252 aedificii

351 3295 466 3357 nostri
481 3294 728 3359 Vallisoletani
743 3295 1002 3359 conficiendum
1017 3305 1198 3358 curarunt.

417 3401 505 3464 1249.
548 3401 721 3466 Redeunti
735 3403 834 3466 Patri
846 3402 967 3466 Araoz
982 3420 1027 3466 ex
1048 3403 1234 3483 provincia
1253 3401 1482 3483 Guipuzcoae
1502 3417 1581 3482 gra-

350 3509 423 3570 tias
443 3511 476 3572 ei
494 3510 567 3587 egit
586 3507 735 3573 Praeses
759 3510 906 3574 Consilii
923 3509 1028 3590 Regii
1052 3519 1196 3592 propter
1218 3509 1386 3574 scandala
1408 3510 1583 3590 quaedam

349 3616 509 3695 publica,
531 3635 623 3697 quae
645 3619 681 3680 in
701 3617 883 3699 praedicta
903 3617 1088 3698 provincia
1114 3616 1266 3681 extinxit
1291 3618 1336 3680 ad
1358 3633 1528 3696 magnum
1547 3625 1582 3679 et

348 3739 538 3786 commuue
561 3724 692 3787 bonum
717 3723 792 3804 ejus
817 3724 985 3804 regionis
1012 3723 1091 3788 Non
1115 3724 1276 3788 omittam
1302 3723 1397 3804 quod
1421 3725 1457 3787 in
1481 3724 1581 3787 brevi

351 3830 554 3894 visitatione
570 3831 717 3910 Collegii
731 3831 936 3911 BurgensiS,
953 3849 1035 3895 cum
1054 3832 1099 3894 ab
1115 3851 1155 3895 eo
1175 3843 1334 3912 peterent
1354 3832 1458 3894 amici
1474 3848 1583 3894 unum

351 3939 522 4000 lectorem
536 3939 805 4017 grammatices,
823 3939 1043 4002 existimavit
1062 3939 1136 4018 ipse
1158 3939 1272 4018 magis
1291 3939 1457 4019 expedire
1474 3948 1511 4002 ut
1530 3938 1583 4018 J'u·

392 4218 401 4250 ¹
429 4218 496 4262 Vide
507 4227 595 4273 supra,
605 4228 665 4272 pag.
675 4217 723 4260 tou.
732 4227 757 4259 ιι.
776 4215 828 4258 trra
839 4221 865 4258 et
875 4221 964 4259 annot.
975 4215 1000 4257 3.

391 4291 403 4321 ²
430 4291 497 4333 Vide
507 4301 595 4344 supra,
605 4301 667 4344 pag.
680 4289 715 4342 26,
726 4300 751 4331 n.
761 4287 796 4331 44.

392 4362 403 4392 ⁸
430 4363 486 4406 Dri.
497 4363 610 4416 Gaspari
621 4361 767 4406 Cervuuter
777 4360 807 4403 de
818 4357 936 4402 salazar.
948 4356 1015 4400 Vlde
1027 4367 1115 4412 supra,
1126 4362 1145 4399 t.
1156 4365 1192 4409 ιν,
1204 4366 1266 4409 pag.
1275 4355 1327 4400 tob.

388 4438 403 4468 ⁴
429 4435 492 4488 Peg.
504 4434 656 4486 141,ιι,1186.

393 4506 404 4538 ὃ
431 4507 460 4550 Ρ.
471 4507 600 4550 Antonius
610 4507 642 4549 de
653 4506 749 4550 Areon.

389 4577 404 4609 ⁸
430 4578 459 4621 P.
471 4578 564 4621 Petrus
572 4577 635 4621 Ruiz
644 4577 676 4620 de
686 4577 798 4633 Beruuy.
809 4575 877 4619 Vide
886 4586 976 4630 supra,
987 4581 1006 4619 t.
1018 4586 1053 4624 ιν,
1065 4584 1126 4628 pag.
1134 4571 1175 4616 37⁶
1184 4579 1211 4615 et
1221 4570 1269 4618 401.

391 4651 402 4682 ⁷
430 4649 632 4702 Slc;omm'bus?

388 4722 403 4753 ⁸
429 4722 496 4766 Vide
507 4733 594 4776 supra.
604 4729 622 4765 t.
633 4732 669 4770 rr.
679 4733 738 4776 pag.
749 4721 798 4776 886,
809 4733 833 4764 ιι.
843 4721 890 4768 833.
