3717 5400
528 1244 589 1324 DE
624 1241 845 1325 COLLEGlO
880 1237 1249 1322 BARCHlNONENSI

799 1501 845 1547 AC
865 1501 976 1546 REBUS

437 1701 474 1764 P.
498 1697 742 1764 FRANCISCI
766 1697 1001 1777 STRADAE,
1018 1695 1347 1762 PROVINCIALIS

339 2023 426 2087 1017.
472 2022 544 2087 Sub
561 2024 667 2088 finem
686 2026 770 2089 anni
791 2025 1037 2105 praecedentis
1057 2041 1138 2088 cum
1158 2023 1302 2085 domum
1321 2021 1356 2083 in
1373 2021 1510 2098 optimo

276 2134 345 2197 situ
361 2135 547 2198 emendam
566 2143 727 2196 curasset
750 2132 1060 2212 Caesaraugustae
1075 2132 1113 2194 P.
1136 2129 1265 2193 Strada
1280 2130 1300 2208 ¹,
1321 2129 1403 2192 inde
1421 2128 1507 2192 Bar-

276 2241 467 2305 chinonam
492 2241 673 2323 profectus
699 2251 763 2317 cst;
793 2241 900 2320 aliqui
926 2240 1061 2304 nobiles
1087 2250 1193 2318 atque
1218 2237 1277 2300 alii
1307 2237 1413 2300 amici
1434 2238 1511 2302 lere

277 2366 388 2430 usquc
404 2350 450 2412 ad
466 2366 653 2430 vesperam
669 2359 750 2412 sunt
773 2365 854 2411 eum
873 2348 1042 2410 comitati.
1059 2345 1225 2410 Pervenit
1240 2358 1358 2410 autem
1383 2347 1441 2410 ille
1462 2347 1508 2408 ad

276 2456 455 2537 quoddam
468 2457 722 2520 monasterium
734 2472 819 2535 prae
831 2456 984 2519 caeteris
996 2456 1098 2534 regni
1109 2455 1316 2534 Aragoniae
1329 2453 1509 2534 [insigne],

278 2565 418 2628 nomine
442 2563 613 2628 Sichsena
638 2571 664 2641 ¹,
689 2563 747 2625 ubi
772 2565 903 2626 multae
927 2563 1065 2626 nobiles
1089 2562 1262 2624 moniales
1286 2562 1508 2638 habitabant,

278 2688 427 2753 quarum
450 2672 614 2752 precibus
631 2671 712 2735 illac
729 2671 793 2735 iter
814 2671 936 2735 habult
955 2669 991 2734 P.
1016 2670 1156 2746 Strada3
1175 2679 1209 2733 et
1229 2687 1310 2733 cum
1329 2669 1406 2733 dies
1425 2686 1507 2750 qua·

279 2792 359 2841 tuor
375 2780 468 2859 apud
480 2796 542 2843 eas
553 2780 696 2859 egisset,
710 2789 864 2860 quatuor
879 2779 1111 2843 concionibus
1127 2779 1206 2841 illas
1220 2779 1426 2840 consolatus
1440 2786 1510 2853 est,

280 2897 316 2950 et
331 2888 411 2950 aliis
434 2887 619 2967 colloquiis
639 2888 751 2951 variis
770 2886 813 2949 de
833 2887 903 2965 his,
921 2904 1012 2966 quae
1033 2887 1078 2950 ad
1099 2888 1255 2966 ipsarum
1271 2887 1513 2950 conscientias

282 2994 521 3075 pertinebant,
538 3011 619 3056 cum
634 2994 767 3058 eisdem
782 2995 865 3073 egit,
889 3012 971 3058 cum
992 2995 1100 3057 totius
1119 2994 1327 3057 monasterii
1347 2993 1508 3057 aedifica-

279 3101 373 3165 tione
389 3110 422 3163 et
438 3102 572 3164 laetitia
588 3102 751 3181 sprituali
767 3119 873 3182 quam
890 3102 1057 3165 maxima.

341 3208 429 3272 1018.
474 3208 555 3272 inde
572 3210 763 3271 comitatus
778 3218 831 3271 est
842 3226 921 3273 eum
939 3209 994 3271 vir
1005 3208 1150 3289 quidam
1160 3210 1436 3287 ecclesiasticus
1450 3210 1510 3289 qui

278 3317 346 3379 illis
365 3317 401 3379 in
428 3317 516 3379 locis
541 3317 630 3380 duas
659 3317 848 3397 parochias
868 3317 1020 3379 babebat
1046 3326 1081 3379 et
1106 3316 1200 3379 domi
1222 3334 1308 3380 suae
1334 3316 1510 3397 hospitem

282 3424 316 3487 P.
334 3422 500 3487 Stradam
516 3424 673 3504 excepit,
689 3434 723 3487 et
746 3424 840 3488 hunc
859 3423 1005 3504 hospitii
1024 3425 1180 3488 fructum
1200 3425 1336 3501 retulit,
1358 3422 1452 3503 quod
1472 3424 1510 3487 in

280 3529 564 3610 Quadragesima
589 3530 707 3594 futura
732 3548 770 3594 se
795 3532 840 3596 ad
860 3531 1030 3595 exercitia
1056 3532 1255 3611 spiritualia
1279 3548 1511 3595 accessurum

280 3638 451 3717 promisit,
469 3650 503 3700 et
518 3656 563 3701 ex
578 3638 714 3701 duobus
729 3638 907 3702 beneficiis
927 3639 1062 3703 curatis
1081 3656 1119 3702 se
1139 3640 1289 3701 alterum
1304 3638 1510 3702 relicturum

281 3756 333 3807 est
359 3746 553 3826 pollicitus;
579 3758 613 3809 et
641 3764 705 3827 per
730 3756 881 3826 quatuor·
911 3749 1032 3810 leucas
1057 3746 1096 3809 P.
1124 3745 1290 3809 Stradam
1322 3746 1510 3823 comitans,

282 3869 363 3915 cum
379 3852 623 3916 aedificatione
639 3864 673 3915 et
688 3854 933 3916 consolatione
949 3854 1057 3917 animi
1072 3855 1117 3917 ad
1133 3872 1198 3916 sua
1212 3854 1328 3916 rediit.

284 4006 494 4015 -—-·--—--

323 4099 330 4127 l
359 4098 387 4141 P.
398 4096 554 4140 Franclscus
568 4096 599 4140 de
610 4096 734 4140 Estrada.
750 4096 816 4141 Vide
827 4108 914 4152 supra.
930 4104 949 4140 t.
960 4108 996 4149 tv,
1006 4108 1065 4151 pag.
1075 4097 1123 4149 373,
1134 4110 1158 4141 n.
1173 4098 1222 4149 80¹2,
1238 4105 1263 4140 et
1279 4096 1346 4140 inira
1357 4096 1383 4139 ln
1393 4096 1442 4139 boc
1453 4102 1472 4138 t.
1484 4108 1513 4147 v,

281 4183 305 4214 n.
319 4170 378 4214 1047.

320 4244 332 4276 ί
360 4242 410 4298 Slc;
422 4250 461 4287 est
472 4251 560 4287 autern
571 4244 680 4297 sixena,
690 4246 842 4299 quandoque
853 4246 933 4289 etiam
943 4244 1041 4287 dictum
1052 4243 1166 4293 Sexerta,
1181 4244 1320 4287 Sixenense
1332 4246 1375 4287 vel
1386 4242 1512 4287 Selenen·

280 4328 307 4358 se
318 4316 503 4360 monasteriam
514 4317 662 4360 monialium
678 4320 725 4361 sub
738 4320 829 4372 regula
844 4317 935 4361 Sancti
950 4316 1091 4370 Augustini
1101 4325 1127 4359 et
1139 4317 1299 4371 protectione
1313 4328 1359 4360 sen
1369 4322 1514 4370 patronatu

280 4389 395 4441 equitum
406 4386 508 4433 Ordinis
516 4390 637 4433 mllltarls
649 4389 737 4433 Sancti
746 4389 891 4442 Joannisde
900 4388 1054 4442 Jerusalem,
1062 4389 1088 4433 in
1096 4389 1208 4432 dioecesi
1216 4388 1330 4433 Oscensi.
1339 4388 1406 4432 Vide
1414 4388 1510 4433 Minue.

284 4460 452 4513 thrologiae
462 4470 558 4502 cursus
573 4461 729 4515 corripimus,
747 4470 766 4504 t.
777 4472 844 4509 ccvt.
863 4462 914 4505 col.
932 4460 992 4513 1001,
1004 4468 1030 4504 et
1041 4467 1061 4504 t.
1075 4471 1150 4512 ccxv,
1167 4462 1215 4505 col.
1231 4460 1431 4505 tran-Praeter
1445 4461 1516 4503 alias

281 4540 358 4574 mann
368 4531 482 4585 ecrlptas
492 4531 568 4587 buius
578 4533 728 4576 monasterii
739 4532 872 4584 hlstorlas,
881 4544 947 4588 quae
956 4540 1091 4577 recensent
1100 4532 1213 4584 Larasa,
1221 4532 1369 4576 Biblioteca
1380 4542 1478 4583 nueva,
1485 4539 1511 4575 et

281 4599 379 4655 Mallon,
390 4601 562 4645 Diccionario
572 4601 752 4655 bibliogrclflco
760 4602 887 4647 historico
889 4634 958 4647 .....
970 4605 1003 4647 de
1013 4604 1135 4658 Espaaa,
1145 4611 1251 4649 exstent
1260 4605 1326 4648 dnae
1338 4605 1408 4661 typis
1417 4603 1515 4651 editae:

281 4674 365 4787 plrimis
375 4673 557 4788 ag.s,lo}epho
567 4674 609 4717 del
619 4674 679 4725 Vel,
689 4674 790 4719 Ordinis
806 4675 834 4719 B.
848 4676 878 4719 V.
895 4676 927 4720 ll.
943 4678 974 4721 de
986 4676 1113 4732 Mercede,
1127 4680 1213 4721 altera
1223 4690 1240 4721 a
1250 4678 1280 4722 P.
1296 4676 1383 4722 Marco
1397 4677 1516 4721 Antonio

310 4754 383 4797 aron,
419 4774 424 4787 .
455 4774 461 4787 .
497 4775 503 4788 .
