3717 5400
800 485 865 543 An.
886 485 957 545 1555
1441 484 1493 541 177

263 635 310 698 ad
324 635 458 713 aliquot
473 632 548 695 dies
563 632 672 694 animi
687 647 798 694 causa
812 631 936 693 venire
960 638 1092 710 posset,
1120 638 1158 692 ut
1176 629 1283 693 etiam
1299 627 1495 706 PontificiS,

257 742 323 821 qui
338 750 423 804 tunc
440 749 528 817 erat,
548 738 708 802 Marcelli
723 739 763 816 ll,
790 737 1070 801 benedictionem
1096 737 1287 817 acciperet,
1316 737 1373 799 cui
1398 736 1499 800 fami·

264 848 401 912 liariter
415 856 520 909 notus
535 855 613 908 erat
625 845 699 926 jam
711 845 793 909 inde
808 864 830 908 a
851 845 1001 908 Concilii
1016 844 1213 908 Tridentini
1228 843 1386 908 inchoati
1409 853 1496 906 tem·

266 973 363 1036 pore,
380 972 449 1035 quo
464 954 522 1017 hic
537 953 701 1017 Pontifex
715 953 872 1032 Legatus
883 954 1101 1032 apostolicus
1116 953 1230 1016 eidem
1241 961 1417 1033 praeerat.
1497 949 1500 955 ’

323 1061 396 1124 508.
438 1060 603 1124 Habebat
615 1063 721 1124 etiam
732 1061 768 1122 in
777 1060 894 1122 animo
906 1059 1098 1138 quamdam
1111 1059 1300 1138 abbatiam,
1313 1059 1497 1138 Capellam

214 1163 223 1172 '
264 1171 417 1247 nomine,
434 1186 540 1248 quam
554 1168 649 1231 idem
662 1167 835 1245 Pontifex,
849 1166 933 1230 dum
944 1175 1038 1229 esset
1050 1165 1260 1242 CardinaliS‚
1275 1165 1423 1246 Neapoli
1436 1167 1496 1228 ha-

264 1277 399 1352 buerat,
416 1293 508 1355 quae
522 1275 616 1337 mille
630 1274 780 1337 ducatos
791 1282 826 1336 et
841 1292 884 1336 eo
900 1275 1052 1353 amplius
1067 1274 1174 1336 annui
1188 1274 1321 1336 reditus
1336 1273 1496 1349 haberet,

265 1383 311 1446 ad
325 1383 543 1446 dotationem
558 1382 707 1460 Collegit
720 1380 945 1461 Neapolitani
961 1383 1152 1460 postulare,
1177 1397 1283 1460 quam
1304 1380 1496 1459 aliquando

264 1491 350 1552 dare
365 1488 534 1553 Societati
549 1490 698 1568 ipsemet
712 1491 875 1550 voluerat
893 1489 912 1549 ¹.
940 1488 985 1552 Et
1007 1496 1193 1567 postquam
1221 1487 1422 1567 quindecim
1437 1489 1496 1549 vel

264 1598 392 1676 viginti
404 1597 478 1660 dies
490 1597 625 1660 Romae
639 1597 770 1676 egisset
785 1592 807 1671 ⁸,
820 1595 935 1658 redire
957 1594 1142 1674 Neapolim
1168 1595 1359 1674 cogitabat.
1386 1593 1496 1656 Multa

264 1705 370 1782 enim,
386 1722 477 1784 quae
488 1704 663 1783 promissa
679 1702 818 1765 fuerant
831 1701 877 1764 ad
891 1701 1049 1781 ejusdem
1064 1701 1213 1780 Collegii
1228 1701 1445 1764 dotationem
1462 1711 1496 1762 et

267 1813 394 1874 domus
405 1810 479 1890 jam
495 1821 634 1890 emptae
645 1810 867 1886 solutionem,
885 1810 1159 1871 evanescebant.
1177 1808 1220 1870 Et
1236 1805 1311 1886 ejus
1326 1824 1434 1886 opera
1451 1807 1496 1870 ad

267 1920 334 1981 hoc
349 1929 427 1981 erat
441 1917 547 1980 valde
561 1918 777 1980 neccssaria.

325 2024 395 2086 509.
441 2024 531 2087 Cum
543 2041 630 2103 ergo
641 2022 1063 2086 facultatemobtinuisset
1075 2021 1409 2099 veniendiRomam,
1423 2029 1495 2084 tam

268 2133 508 2212 Hieronymus
536 2131 670 2210 Vignes
694 2148 802 2209 quam
830 2129 914 2193 Dux
939 2130 1185 2193 Montisleonis
1207 2127 1218 2159 ³
1241 2129 1393 2192 celerem
1419 2145 1496 2207 esse

266 2250 430 2318 oportere
454 2240 566 2318 ipsius
586 2238 738 2301 reditum
762 2236 800 2300 P.
827 2238 966 2317 Ignatio
993 2237 1213 2316 scripserunt
1232 2233 1256 2295 ⁴.
1282 2235 1352 2300 Sed
1378 2237 1497 2300 omnia

268 2348 359 2409 haec
374 2348 478 2424 longe
493 2346 596 2408 aliter
610 2357 817 2422 evenerunt,
834 2361 941 2423 quam
954 2344 1096 2406 fuerant
1119 2344 1289 2423 cogitata;
1310 2361 1394 2406 nam
1406 2343 1500 2406 Pon*

267 2453 355 2516 tifex
368 2454 569 2530 Marcellus
588 2470 668 2515 cum
684 2453 833 2515 Romam
853 2453 1016 2530 pervenit
1035 2451 1073 2514 P.
1095 2451 1290 2527 Salmeron,
1315 2449 1390 2530 jam
1406 2454 1497 2514 male

268 2561 430 2640 habebat,
443 2571 478 2623 et
489 2561 590 2623 brevi
601 2561 647 2623 ad
659 2560 849 2623 Dominum
865 2559 1045 2638 migravit;
1063 2573 1096 2622 et
1112 2569 1255 2622 creatus
1269 2559 1396 2622 deinde
1409 2558 1496 2621 Pon·

267 2667 355 2732 tifex
369 2667 500 2733 Paulus
515 2667 565 2730 lV
580 2667 693 2730 Roma
707 2666 870 2731 eumdem
883 2667 1024 2730 Patrem
1041 2665 1285 2731 Salmeronem
1300 2667 1336 2729 in
1351 2665 1496 2731 Germa·

269 2778 367 2839 niam
392 2792 435 2838 ac
461 2774 645 2838 Poloniam
670 2776 781 2853 misit;
808 2786 841 2837 et
867 2774 1016 2853 Collegii
1041 2773 1265 2854 Neapolitani
1290 2790 1429 2853 curam,
1455 2786 1497 2837 ut

269 2882 411 2960 Rector‚
428 2883 539 2962 gessit
553 2882 590 2945 P.
607 2881 884 2961 christophorus
898 2882 942 2943 de
957 2881 1141 2945 Mendoza.

325 2990 396 3052 510.
439 2991 599 3068 Urgebat
614 2989 740 3052 litteris
756 2988 792 3051 P.
809 2988 987 3066 ignatium
1010 2986 1052 3050 D.
1075 2988 1231 3069 Joannes
1246 2988 1289 3050 de
1310 2987 1494 3062 Mendoza,

267 3097 470 3177 praefectus
485 3096 580 3159 arcis
595 3095 741 3159 Castelli
754 3096 840 3158 novi
860 3093 881 3172 ⁵,
901 3104 937 3157 ut
952 3095 1160 3157 facultatem
1180 3114 1199 3157 a
1222 3093 1321 3173 Rege
1336 3094 1497 3175 Philippo

263 3206 440 3268 obtineret
459 3221 523 3283 per
538 3202 679 3266 Patrem
694 3202 914 3265 Bernardum
935 3202 1130 3265 Oliverium
1146 3212 1183 3264 ut
1198 3212 1320 3282 posset
1335 3203 1422 3281 ipse,
1444 3220 1496 3265 re-

309 3519 317 3549 ¹
346 3517 508 3571 “cappellae
519 3526 571 3559 una
579 3516 667 3559 chiesa
675 3517 773 3559 situata
781 3515 839 3559 fuor
848 3516 874 3557 la
885 3516 959 3564 cirta.
970 3517 1071 3569 quando
1083 3515 1104 3559 si
1116 3527 1173 3559 esce
1189 3517 1250 3560 dala
1261 3526 1336 3570 porta
1348 3518 1388 3561 del
1399 3518 1498 3561 Castel-

265 3593 292 3633 lo
303 3600 349 3643 per
360 3589 444 3633 andar
454 3591 507 3631 alla
518 3588 627 3641 Piaggia
638 3600 654 3630 a
664 3600 722 3631 man
737 3588 852 3630 sinistra.
867 3586 896 3630 L'
908 3587 1025 3630 atticiano
1042 3598 1069 3630 se
1082 3588 1131 3631 dici
1149 3587 1271 3632 Canonici
1285 3588 1408 3643 Regulari
1423 3590 1498 3633 risor-

268 3662 332 3706 mati
341 3661 373 3704 tle
384 3662 401 3704 li
411 3672 489 3713 sopra
500 3661 564 3703 detti
575 3662 621 3702 che
632 3671 694 3703 sono
704 3659 730 3702 in
740 3661 766 3702 la
776 3660 864 3703 chiesa
874 3659 898 3702 11
909 3666 984 3701 santo
997 3661 1096 3710 Anello,
1108 3668 1133 3703 et
1144 3666 1215 3703 certo
1227 3661 1310 3704 danno
1326 3663 1408 3705 buono
1418 3663 1496 3707 odore

267 3734 294 3777 11
304 3736 368 3783 loro,
378 3740 474 3787 quanto
485 3735 545 3787 qual
555 3734 577 3775 sl
587 3732 675 3785 uogtla
685 3732 810 3784 religione
821 3732 845 3775 di
856 3731 956 3775 Monecl
967 3732 1040 3774 siano
1052 3732 1076 3774 in
1087 3738 1179 3793 questa
1191 3732 1265 3777 citra.
1276 3733 1308 3777 Dl
1319 3734 1392 3777 detta
1409 3734 1496 3778 chiesa

267 3807 292 3849 di
304 3804 429 3859 Cappella
437 3816 486 3847 non
496 3805 518 3846 si
528 3815 578 3857 puo
589 3804 685 3846 huuere
695 3812 769 3846 certa
778 3803 875 3846 noticia
889 3804 931 3847 del
946 3804 1097 3855 fundatore,
1113 3814 1155 3847 ma
1170 3804 1192 3846 sl
1207 3804 1309 3847 intende
1326 3816 1373 3859 per
1387 3813 1459 3849 certo
1470 3806 1495 3849 fu

268 3876 443 3931 megnllicata,
455 3884 481 3919 et
491 3876 617 3929 ampliata
627 3876 671 3917 dal
682 3882 767 3928 tempo
777 3875 819 3917 del
833 3874 970 3928 Magnifice
981 3886 994 3916 e
1009 3874 1161 3919 Reuerendo
1177 3874 1294 3919 Fabritlo
1310 3877 1340 3919 de
1357 3876 1433 3921 Nobll
1448 3876 1496 3921 Fa·

268 3948 366 4003 miella,
374 3949 405 3991 de
414 3946 535 3990 Gennaro
546 3948 588 3990 del
596 3946 691 4001 Segglo
699 3947 723 3989 11
734 3946 814 3989 Porto
822 3947 856 3990 al'
865 3948 929 3989 hora
942 3947 1051 3997 Abbate,
1062 3954 1088 3989 et
1099 3948 1140 3989 nel
1149 3956 1268 4001 presente
1280 3950 1293 3989 e
1304 3948 1444 4002 possedutae
1453 3949 1496 3993 dal

268 4018 489 4063 Reuerendissimo
500 4019 623 4063 cardinal
634 4018 734 4062 Giouan
744 4017 854 4062 Michele
865 4018 1004 4061 Sarracino
1015 4020 1084 4062 nobil
1099 4019 1122 4061 N
1124 4020 1265 4073 apolitana,
1276 4026 1302 4062 et
1313 4019 1380 4064 haue
1391 4020 1496 4063 1111111-

268 4099 295 4134 ta
306 4091 376 4134 circa
387 4091 474 4134 ducatl
485 4097 590 4144 quattro
601 4091 681 4143 milia;
693 4098 719 4132 et
727 4098 823 4133 auante
838 4091 864 4132 fu
878 4090 1019 4144 possedutae
1034 4100 1081 4143 per
1099 4089 1117 4133 il
1133 4090 1357 4135 Reuerendlsslmo
1373 4090 1495 4135 Cardinel

267 4164 449 4215 semeuerlno,
460 4162 638 4216 qualaccordo
649 4163 666 4205 11
676 4162 821 4215 sopradettl
833 4161 956 4206 Canonicl
967 4173 1015 4204 con
1026 4162 1104 4206 breue
1116 4162 1157 4205 del
1168 4173 1266 4205 summo
1278 4162 1408 4207 Pontetice
1420 4163 1467 4207 che
1478 4165 1496 4208 ll

267 4237 368 4278 donaba
378 4235 501 4278 claschun
511 4244 578 4277 anno
589 4234 677 4277 ducati
688 4240 793 4287 quattro
809 4240 884 4277 cento
899 4244 945 4287 per
961 4235 1015 4277 loro
1032 4234 1098 4277 uitto
1113 4246 1126 4276 e
1142 4236 1253 4287 uestitu,
1269 4236 1349 4279 eloro
1359 4242 1498 4289 premette-

263 4318 333 4351 oano
344 4312 431 4350 tenere
441 4306 520 4349 sedicl
532 4306 654 4349 canonici
665 4317 713 4348 con
724 4306 741 4347 li
751 4304 858 4349 Diaconi
869 4317 916 4360 per
925 4306 1040 4349 afficiare
1052 4304 1125 4349 detta
1137 4306 1233 4357 chiesa,
1244 4312 1270 4350 ct
1286 4308 1312 4350 ln
1327 4318 1388 4351 uero
1405 4310 1418 4351 e
1434 4309 1497 4351 bene

264 4379 403 4431 ultimate„
412 4378 507 4421 Pramo
518 4388 551 4420 us
562 4376 706 4430 strennuo,
717 4375 899 4420 Descrittione
909 4378 1052 4429 αι’-11113111·
1061 4379 1136 4421 sacri
1145 4378 1174 4421 dt
1185 4376 1293 4433 Napoll,
1302 4379 1369 4423 llbro
1385 4390 1412 4434 rt,
1424 4379 1499 4423 Delie

264 4451 354 4494 chiese
364 4450 511 4500 claustrail,
522 4449 567 4492 fol.
580 4448 627 4492 103.

309 4524 320 4553 ¹
347 4522 376 4565 P.
385 4521 534 4565 Salmeron.

307 4594 320 4623 ³
346 4592 609 4641 HectorPirznatelll.

309 4667 321 4697 ⁴
346 4664 413 4709 Vide
426 4665 522 4707 cartas
532 4664 565 4707 de
576 4664 631 4707 San
642 4665 761 4718 lgnacto,
771 4673 790 4709 t·.
801 4678 829 4721 v,
838 4678 899 4721 pag.
911 4667 950 4710 178
960 4674 986 4712 et
997 4666 1048 4711 263.

311 4739 323 4768 ὅ
349 4736 662 4791 Videeupra,t.1v,pag.
673 4738 720 4791 176,
732 4738 815 4791 11111,
826 4745 852 4782 et
862 4739 889 4782 ln
899 4740 956 4784 hoc.
969 4746 987 4783 t.
999 4752 1025 4793 v,
1036 4751 1097 4795 pag.
1109 4740 1143 4794 26,
1155 4742 1228 4785 1115.

431 4824 470 4881 Τ.
484 4842 515 4882 v.
