3717 5400
355 472 409 530 ’ΒΟ
814 469 941 530 Canon.
961 471 1038 531 Soc.
1059 472 1128 544 Jes.

356 636 437 681 nem
453 618 614 681 concessi
630 618 650 680 ¹.
668 617 712 680 Et
724 635 810 680 sane
822 636 864 680 ea
881 620 915 681 in
935 635 973 681 re
990 627 1193 682 nostrorum
1208 629 1242 680 et
1257 619 1410 683 aliorum
1424 630 1575 699 expecta

358 727 489 790 tionem
504 727 679 801 vicerunt;
696 742 776 788 cum
789 726 882 788 enim
897 725 1043 804 quidam
1055 725 1287 788 concionator
1302 725 1314 756 ²
1328 743 1456 806 parurn
1470 725 1594 790 catho

358 835 424 896 lice
435 835 533 896 circa
547 833 583 896 id
598 843 737 912 tempus
751 831 866 895 officio
881 850 947 894 suo
960 831 1104 896 iunctus
1115 843 1220 910 esset,
1234 841 1268 896 et
1284 842 1402 896 motus
1414 834 1593 912 quosdam

358 943 393 1004 in
409 942 540 1020 populo
556 939 753 1002 Viennensi
764 940 968 1016 excitasset,
981 940 1097 1003 timeri
1113 952 1253 1020 poterat
1267 959 1313 1004 ne
1327 940 1529 1020 hujusmodi
1538 943 1589 1004 in·

359 1048 563 1126 dulgentiae
584 1049 702 1110 locum
723 1046 883 1110 Viennae
903 1047 1114 1110 inventurae
1131 1065 1203 1111 non
1222 1060 1359 1128 essent,
1381 1049 1445 1112 sed
1467 1049 1589 1112 divina

359 1155 517 1232 Bonitas,
535 1154 580 1216 ad
595 1152 810 1233 perfidorum
833 1153 1087 1234 confusionem,
1111 1157 1241 1220 multos
1260 1156 1305 1220 ad
1326 1157 1421 1219 hanc
1433 1157 1592 1235 gratiam

362 1278 491 1340 magna
517 1278 598 1325 curn
619 1261 807 1324 devotione
830 1262 1093 1341 suscipiendam
1113 1263 1359 1328 inflammavit.
1381 1262 1481 1328 Totis
1502 1280 1591 1341 ergo

360 1369 561 1450 quindecim
575 1369 709 1446 diebus,
719 1369 853 1448 quibus
868 1367 1069 1447 hujusmodi
1087 1370 1308 1450 indulgentia
1323 1370 1492 1446 durabat,
1520 1387 1593 1432 ma-

361 1493 453 1555 gnus
467 1475 532 1540 luit
547 1476 583 1538 in
599 1478 729 1554 templo
744 1486 868 1539 nostro
880 1475 1123 1540 confitentium
1134 1488 1169 1540 et
1180 1479 1518 1540 communicantium
1528 1493 1591 1540 nu·

363 1601 492 1661 merus,
509 1584 569 1662 qui
584 1584 691 1646 etiam
706 1584 751 1646 ad
766 1582 953 1646 Paschatis
967 1584 1096 1647 festum
1117 1584 1308 1648 redierunt.

421 1690 492 1752 664.
535 1689 696 1753 Aliarum
717 1701 834 1753 autem
858 1691 1041 1754 nationum
1066 1692 1233 1770 copiosus
1249 1692 1315 1755 luit
1335 1691 1596 1772 poenitentium
1654 1707 1658 1713 ’

362 1809 568 1878 proventus,
585 1815 628 1860 ac
643 1799 834 1876 praecipue
849 1798 1082 1877 hispanorum
1095 1816 1141 1860 ex
1155 1800 1236 1861 aula
1251 1797 1411 1878 Reginae
1425 1797 1447 1874 ³;
1465 1798 1601 1878 quibus

362 1906 536 1983 omnibus,
552 1905 643 1968 sicut
655 1905 763 1968 etiam
777 1904 871 1967 italis
883 1913 917 1966 et
928 1905 1045 1983 gallis,
1059 1903 1135 1968 Deo
1148 1904 1350 1984 adjuvante,
1366 1905 1591 1969 satisfactum

362 2023 427 2075 est.
444 2013 538 2076 Inter
555 2014 618 2074 hos
634 2022 752 2074 autem
767 2011 968 2091 complures
981 2022 1094 2087 erant,
1110 2012 1183 2091 qui,
1200 2029 1281 2075 cum
1297 2013 1472 2076 vixissent
1491 2011 1527 2074 in
1542 2013 1590 2074 io·

363 2122 415 2182 cis
429 2120 488 2182 ubi
502 2121 732 2181 vernaculum
748 2119 879 2181 idioma
895 2135 966 2181 non
980 2121 1163 2196 tenebant,
1180 2120 1299 2182 multis
1312 2120 1436 2197 anniS,
1453 2118 1592 2181 confes·

363 2227 473 2290 sionis
488 2225 643 2288 remedio
659 2235 764 2304 atque
779 2226 905 2288 solatio
921 2237 1122 2289 caruerant.
1143 2225 1322 2305 Quantum
1341 2236 1461 2290 autem
1488 2223 1590 2304 proti·

363 2343 485 2398 cerent
500 2334 536 2395 in
551 2331 753 2409 hujusmodi
772 2331 1058 2396 confessionibus
1076 2333 1236 2396 homines
1257 2334 1439 2413 praecipui
1452 2349 1594 2412 germa-

405 2565 413 2596 ¹
443 2565 524 2616 liuius
534 2566 639 2617 jubilaei
649 2567 703 2619 jam
714 2565 816 2616 saepius
828 2565 923 2608 mentio
935 2564 1007 2608 lacta
1015 2571 1065 2616 est,
1074 2571 1127 2608 turn
1137 2566 1184 2608 sub
1193 2563 1267 2608 finem
1275 2564 1335 2608 anni
1345 2565 1527 2617 praecedentia
1534 2563 1602 2615 1⁵5⁴„

366 2643 420 2680 tum
430 2636 480 2680 hoc
491 2647 566 2680 anno.

405 2710 416 2741 ²
445 2708 534 2752 Sermo
544 2708 648 2752 videtur
658 2719 714 2749 esse
725 2707 756 2750 de
768 2704 920 2750 Sebastiano
930 2706 1055 2758 Pbauaer,
1066 2706 1096 2749 de
1108 2718 1157 2761 quo
1168 2707 1233 2750 haec
1243 2706 1363 2751 Canisius
1374 2706 1477 2761 ignatio
1490 2705 1518 2749 25
1527 2705 1598 2750 Mar·

365 2782 394 2825 tii
412 2782 488 2837 bulas
499 2781 558 2824 anni
578 2781 636 2823 1555:
655 2780 694 2823 “se
707 2780 762 2823 dice
774 2790 819 2832 per
836 2781 859 2821 ie
877 2788 948 2821 terre
964 2779 1048 2821 nicine
1059 2786 1086 2822 et
1102 2790 1149 2831 per
1159 2781 1183 2823 le
1197 2780 1327 2833 proulntie
1343 2780 1534 2833 publicamente
1549 2778 1602 2821 che

364 2860 455 2907 questo
466 2852 503 2895 Re
513 2850 713 2903 (Maximilianus
723 2850 757 2906 ΙΙ]
770 2852 865 2894 habbia
873 2863 906 2894 un
917 2852 1082 2905 predicatore
1093 2850 1244 2894 Lutberano
1252 2858 1277 2893 et
1285 2851 1331 2893 che
1339 2851 1429 2901 voglla
1440 2851 1519 2894 molto
1527 2850 1595 2892 male

365 2924 410 2966 alli
420 2922 526 2974 Jesuite.
537 2922 554 2965 li
566 2922 635 2975 quali
647 2922 730 2963 donno
740 2922 896 2965 resistentia.
907 2921 961 2965 imo
972 2922 1014 2975 qui
1025 2922 1081 2964 dice
1092 2923 1118 2965 la
1128 2928 1205 2976 gente
1215 2922 1263 2964 che
1274 2932 1331 2964 esso
1341 2920 1506 2975 predicatore
1516 2926 1543 2962 et
1551 2919 1593 2962 nol

364 2994 427 3037 altri
438 2994 517 3037 siemo
528 2993 650 3047 contrarij
665 2994 733 3035 nella
744 2992 870 3041 doctrina.
885 2993 981 3037 sicome
998 3004 1012 3035 e
1027 3004 1097 3044 uero,
1115 2992 1209 3044 perche
1226 2993 1261 3036 lui
1275 2992 1383 3035 deiende
1398 2993 1416 3035 il
1432 2991 1603 3037 matrimonio

365 3065 424 3109 delli
434 3066 511 3118 preti,
523 3072 634 3107 extenua
645 3065 663 3108 ii
675 3065 760 3107 meriti
772 3064 838 3107 delle
850 3066 931 3107 buonc
949 3075 1034 3119 opere,
1048 3066 1124 3116 paria
1135 3072 1226 3107 contra
1242 3066 1259 3107 il
1270 3065 1340 3107 culto
1356 3064 1443 3107 debito
1458 3063 1504 3107 alii
1519 3062 1597 3112 santi,

365 3136 466 3187 segulla
477 3138 501 3179 le
512 3135 599 3189 phrasi
612 3134 769 3186 Lutherane,
781 3144 806 3177 et
818 3136 910 3179 salissa
925 3143 1000 3179 tanto
1016 3135 1061 3179 alli
1077 3136 1188 3184 heririci.
1204 3146 1300 3189 quanto
1311 3134 1410 3178 oriende
1421 3134 1439 3179 li
1453 3133 1598 3184 catholici..

366 3209 580 3258 Baaunaerracua,
592 3208 696 3250 Canlsii
707 3208 840 3261 epistulae
851 3211 877 3251 el
888 3211 959 3259 acta,
970 3216 989 3250 t.
1000 3219 1017 3255 ι,
1028 3218 1088 3261 pag.
1097 3208 1139 3249 526
1148 3216 1173 3251 et
1183 3207 1232 3256 527,
1244 3208 1287 3261 qui
1303 3208 1329 3251 in
1340 3207 1432 3251 eadem
1442 3205 1538 3260 pagina
1548 3205 1598 3251 tat.

367 3284 485 3329 annot.·.’.
496 3280 561 3323 haec
577 3279 671 3325 subdit:
688 3279 854 3323 “Guilielmus
870 3279 984 3322 Elderen
999 3280 1030 3322 de
1048 3278 1185 3323 Steuordia
1200 3278 1225 3323 S.
1234 3278 1257 3330 J.
1274 3278 1375 3323 Vienna
1393 3279 1419 3321 13
1433 3276 1531 3332 Aprilis
1548 3277 1600 3321 1550

367 3352 398 3395 P.
413 3350 548 3394 Leonardo
559 3350 650 3395 Kassel
660 3352 758 3394 scribit:
771 3350 835 3394 Sunt
848 3352 889 3393 bic
906 3352 1019 3394 nonnulli
1035 3350 1085 3395 imo
1100 3351 1222 3405 permulti
1240 3351 1317 3404 lquod
1332 3350 1501 3393 vehementer
1515 3348 1600 3392 dolen·

368 3424 427 3469 dum
438 3424 493 3475 esti:
504 3424 616 3467 maxime
627 3428 714 3465 tamen
726 3424 894 3466 concionator
903 3424 958 3475 ipse
967 3422 1063 3476 Regius
1071 3422 1243 3466 Maximiiiani
1253 3432 1304 3466 ser.
1315 3422 1358 3475 qui
1367 3429 1461 3475 aperta
1470 3431 1535 3464 voce
1542 3430 1601 3473 ope-

367 3506 397 3539 ra
411 3498 478 3539 bona
489 3495 618 3539 bominum
630 3496 777 3538 frustranea
788 3506 902 3549 prorsus,
914 3496 1000 3549 nilque
1011 3506 1056 3537 nos
1066 3496 1156 3539 iuuare
1167 3505 1250 3548 posse,
1262 3505 1344 3549 neque
1354 3492 1422 3547 apud
1436 3492 1518 3537 Deum
1530 3492 1601 3551 nale·

368 3578 404 3619 re,
416 3572 442 3609 et
453 3566 630 3619 depraedicat.
641 3575 668 3609 et
679 3566 800 3609 inculcat.
812 3564 997 3609 Caerernonias
1013 3578 1075 3608 uero
1091 3565 1299 3610 Christianorum
1315 3563 1418 3607 Laruas
1432 3570 1518 3615 uocat,
1534 3572 1600 3617 quae

369 3638 433 3682 nihil
443 3639 477 3682 ed
494 3640 605 3682 salutem
621 3638 730 3690 prosint,
746 3645 824 3690 atque
839 3637 963 3680 eiusmodi
980 3638 1049 3681 mille
1064 3644 1152 3691 pestes
1167 3636 1257 3680 nonin
1268 3637 1362 3689 vulgus
1372 3634 1502 3679 hominum
1518 3635 1606 3684 aelam

369 3712 482 3767 spargit?
493 3712 537 3754 aed
548 3709 574 3754 in
584 3710 640 3763 ipsa
651 3712 773 3753 concione
783 3710 808 3752 in
820 3720 870 3763 qua
880 3715 969 3753 tantus
979 3718 1019 3753 est
1029 3709 1161 3753 confluxus
1170 3708 1264 3762 populi,
1273 3707 1453 3760 hominumque
1466 3706 1599 3761 nobilium,

369 3792 398 3827 ut
410 3794 457 3825 nec
467 3784 590 3836 templum
600 3793 644 3825 eos
654 3792 748 3835 capere
765 3782 846 3835 possit
860 3782 904 3823 sed
920 3792 982 3834 prae
1000 3781 1098 3824 loribus
1109 3788 1181 3824 stare
1193 3787 1320 3832 cogantur
1330 3779 1413 3830 multi;
1424 3780 1457 3821 ad
1468 3779 1535 3821 hunc
1544 3784 1602 3821 tan·

371 3866 449 3913 quam
461 3855 614 3909 Apostolum
625 3866 640 3896 a
652 3854 700 3897 deo
710 3854 815 3896 missum
826 3855 850 3896 ln
861 3854 981 3897 curribus
991 3861 1017 3896 et
1028 3852 1054 3897 in
1064 3852 1138 3907 equis
1147 3852 1259 3905 rudique
1270 3859 1297 3893 et
1305 3851 1447 3902 turmatim,
1458 3856 1487 3893 vt
1496 3850 1542 3893 vix
1550 3851 1604 3895 dici

370 3934 457 3982 queat,
469 3932 633 3969 concurrunt.
645 3925 692 3968 iiic
703 3927 865 3979 praeclarus,
876 3926 901 3969 in
912 3926 1034 3969 concione
1044 3926 1147 3980 publica
1159 3926 1183 3967 in
1195 3936 1241 3968 noa
1251 3930 1342 3977 aperte
1353 3924 1530 3967 debacchatur
1538 3934 1606 3979 quos

371 3999 521 4052 Jesuvvider,
533 3999 580 4041 boc
596 4004 644 4049 est,
662 3998 807 4040 contrarios
827 3997 882 4047 lesu
901 3997 1034 4041 doctrinae
1054 3999 1162 4047 vocitat,
1181 4003 1259 4050 atque
1276 4006 1365 4038 omnes
1382 3995 1540 4048 Jesuwidroe
1551 3996 1567 4039 i.
1579 4007 1602 4038 e.

372 4070 518 4116 contrarios
529 4068 626 4113 Christi
637 4068 772 4113 doctrinae
782 4070 824 4123 qui
841 4070 908 4112 hanc
923 4070 1068 4113 doctrinam
1083 4080 1161 4122 quam
1176 4078 1222 4111 noa
1239 4067 1370 4117 adierunt.
1385 4066 1531 4111 confirmat.
1548 4066 1605 4111 lmo

372 4143 487 4186 latrones
498 4147 523 4183 et
533 4141 612 4191 iures,
624 4140 726 4183 Diaboli
736 4140 842 4191 iratres,
853 4140 957 4183 aliunde
969 4141 1096 4183 intrantes
1106 4148 1132 4181 et
1144 4150 1193 4182 non
1204 4150 1250 4193 per
1260 4149 1352 4182 verum
1367 4139 1462 4182 ostium
1477 4149 1543 4192 esse,
1561 4140 1609 4193 qul.

372 4215 436 4257 haec
447 4214 513 4256 bona
524 4223 602 4266 opera
614 4212 840 4265 caeremoniasque
852 4214 946 4265 populo
957 4212 1093 4262 instillant,
1104 4220 1194 4264 aperte
1206 4218 1326 4264 testatur,
1337 4218 1367 4254 vt
1378 4221 1424 4253 nos
1434 4221 1520 4254 sumus
1528 4208 1605 4265 (Inte-

372 4297 421 4340 gra
431 4285 543 4339 epistula
554 4290 593 4326 eet
604 4284 628 4326 ln
639 4284 727 4326 codice
738 4286 820 4327 colon.
833 4282 917 4337 Epist.
929 4283 963 4325 ad
973 4283 1073 4326 iiesael.
1083 4282 1103 4325 1.
1111 4284 1216 4326 il.‘.’non
1228 4282 1429 4336 εἰπὸν-ΗΜ
1442 4288 1469 4325 et
1480 4282 1611 4337 quasdam

298 4376 300 4382 ·
372 4357 439 4400 alias
448 4357 525 4410 hujus
535 4354 657 4399 Gulielmi
668 4355 834 4397 brevordiani
846 4356 998 4397 litterarum
1008 4360 1098 4408 partes
1109 4355 1189 4398 edidit
1199 4354 1251 4407 Jos.
1261 4354 1376 4406 Hansna',
1385 4353 1609 4397 ereinlscheillr«

373 4434 417 4472 lea
429 4438 480 4469 aur
491 4424 646 4470 Geschitlrie
657 4426 704 4469 des
714 4426 949 4480 Jesuilenordens,
959 4437 1019 4480 pag.
1028 4426 1225 4469 astuta-Vide
1236 4427 1315 4470 etiam
1326 4425 1403 4477 inira,
1414 4437 1438 4469 n.
1449 4425 1498 4469 ⁶79.

414 4501 425 4533 ὅ
452 4498 576 4552 “Hispani
588 4498 712 4541 maiorem
722 4508 823 4551 partem
841 4500 917 4541 auiae
932 4496 1030 4541 Mariae
1047 4498 1163 4552 Reginae
1173 4499 1375 4548 constituebant,
1393 4508 1459 4552 quae
1473 4496 1561 4541 Caroli
1572 4496 1608 4553 V,

374 4572 427 4616 filia
438 4576 465 4615 et
475 4570 644 4615 Maximlliani
654 4581 720 4613 uxor
730 4576 799 4614 erat.
813 4570 887 4613 Anno
900 4570 952 4613 lia‘h
962 4569 1055 4613 Petrus
1063 4572 1093 4612 de
1102 4569 1185 4613 Lasso
1194 4569 1231 4613 rel
1240 4570 1364 4614 familiari
1372 4578 1503 4623 praeerat.
1514 4569 1613 4623 (Koch,

374 4644 482 4696 Quellen
492 4652 537 4687 zur
548 4641 706 4687 Geechicbte
716 4644 762 4686 des
772 4642 878 4687 Kaisers
888 4640 1049 4687 blaximillan
1058 4641 1092 4685 11.
1103 4642 1221 4698 [Leipzig
1233 4642 1292 4695 1857]
1301 4654 1325 4695 p.
1336 4644 1382 4693 tt„
1390 4640 1599 4691 Baauusaeaoaa

373 4719 390 4761 l.
402 4728 430 4766 c.,
442 4726 501 4769 pag.
509 4713 559 4767 5¹27,
569 4720 657 4757 annot.
668 4714 688 4755 i.
