3717 5400
350 469 406 528 342
811 471 939 532 Canon.
960 473 1036 532 Soc.
1058 474 1127 545 jas.

349 614 476 678 Riomo
491 615 656 696 diximus,
680 617 738 681 ubi
759 635 926 699 suprema
951 619 1132 684 Averniae
1157 623 1256 685 curia
1278 631 1343 700 est,
1366 639 1409 685 ac
1433 623 1591 702 promde

350 723 484 785 civium
503 725 683 804 opulentia
699 734 734 788 et
753 733 983 790 externorum
1001 728 1253 792 confluentium
1271 729 1472 809 frequentia
1494 729 1582 793 cele·

350 828 425 892 bris
440 839 505 906 est,
522 841 556 895 et
570 831 750 910 Issorium,
774 844 926 912 quatuor
941 835 1115 898 milliariis
1129 836 1292 898 Billiomo
1307 836 1509 914 distantem,
1522 837 1587 900 ubi

351 939 502 1016 populus
521 955 623 1002 suum
638 938 803 1003 affectum
814 958 884 1004 non
897 941 1017 1004 verbis
1031 951 1168 1005 tantum
1180 942 1288 1005 sedet
1304 943 1474 1022 lacrymis
1490 943 1582 1006 inter

352 1044 637 1108 concionandum
652 1047 872 1111 ostendebat.

411 1149 481 1214 920,
525 1150 595 1215 Sed
611 1151 819 1217 Riomenses
834 1156 975 1236 collegii
987 1157 1094 1220 etiarn
1106 1157 1310 1221 instituendi
1323 1158 1417 1237 apud
1434 1175 1473 1220 se
1493 1155 1582 1220 desi·

353 1259 450 1322 derio
466 1261 688 1339 tenebantur,
706 1272 740 1325 et
755 1262 1038 1326 Billiomensibus
1052 1280 1091 1326 se
1101 1263 1275 1344 praeferri
1290 1264 1418 1328 debere
1437 1274 1584 1327 conten-

353 1366 495 1446 debant;
512 1375 546 1430 et
571 1368 713 1447 quidem
737 1369 870 1450 absque
892 1370 972 1433 ullis
996 1370 1184 1450 impendiis
1198 1371 1366 1451 Episcopi
1390 1371 1484 1434 hanc
1504 1389 1583 1451 pro·

352 1474 509 1537 vinciam
524 1475 573 1537 illi
588 1476 769 1555 suscipere
785 1477 964 1556 volebant;
991 1487 1025 1541 et
1045 1490 1084 1541 ut
1108 1479 1177 1542 hoc
1202 1479 1446 1559 impetrarent,
1475 1489 1590 1559 atque·

354 1581 464 1644 etiam
478 1591 516 1644 ut
540 1582 703 1662 proximo
728 1582 908 1662 Adventu,
936 1595 996 1647 aut
1016 1586 1143 1648 saltem
1161 1584 1462 1664 Quadragesima,
1490 1587 1589 1666 apud·

353 1688 452 1768 ipsos
467 1690 638 1768 magister
653 1689 829 1754 Robertus
844 1691 1128 1768 concionaretur,
1144 1693 1360 1771 Euscopiam
1380 1692 1425 1755 ad
1439 1693 1584 1772 Episco-

355 1812 439 1875 pum
451 1813 573 1859 eorum
585 1797 693 1878 aliqui
704 1807 891 1876 venerunt,
908 1799 968 1878 qui
979 1807 1097 1862 tamen
1109 1799 1321 1863 sententiam
1332 1817 1434 1862 suam
1441 1801 1592 1863 minime-

354 1903 517 1981 mutavit,
532 1912 567 1965 et
577 1905 760 1983 respondit
770 1905 833 1983 eis,
847 1915 927 1984 post
937 1904 1161 1969 Billiomense
1169 1907 1359 1985 collegium
1371 1916 1590 1983 extructum..

355 2011 497 2088 placere
522 2009 588 2073 sibi
614 2020 652 2074 ut
676 2011 793 2075 Riomi
819 2012 970 2075 alterum
995 2021 1191 2091 extruetur,
1220 2030 1326 2093 quarn
1346 2012 1585 2078 conditionem

355 2116 453 2179 cives
469 2128 685 2196 acceperunt
702 2117 721 2180 ¹.

414 2222 485 2285 921.
529 2222 708 2288 Invisebat
728 2235 848 2289 autem
867 2226 1128 2289 xenodochium
1149 2227 1375 2290 Billiomense
1395 2228 1593 2308 aliquando-

354 2331 526 2410 magister
534 2331 721 2411 Robertus,
734 2342 768 2395 et
777 2342 814 2396 ut
823 2333 943 2412 aegris
951 2334 1039 2396 bene
1051 2335 1294 2397 consuleretur
1306 2335 1414 2397 dabat
1426 2351 1582 2414 operam.

354 2437 516 2502 Infirmos
537 2439 644 2502 etiam
665 2439 701 2501 in
720 2440 873 2520 privatis
892 2440 1071 2518 domibuS,
1095 2440 1262 2522 adjuncto
1283 2457 1423 2520 semper
1442 2439 1593 2519 comite„

354 2546 453 2608 adire
469 2546 682 2626 frequenter,
699 2555 734 2610 et
749 2545 891 2626 quidem
906 2563 987 2610 cum
1007 2548 1164 2610 maxima
1183 2565 1308 2611 eorum
1329 2548 1585 2624 consolatione,

355 2665 604 2733 consueverat;
621 2671 701 2718 curn
717 2655 811 2717 enim
825 2654 995 2718 sacerdos
1003 2673 1073 2719 non
1089 2664 1193 2734 esset,
1208 2653 1451 2718 consessiones
1462 2671 1589 2718 eorum

357 2760 479 2823 audire
496 2778 566 2824 non
582 2771 733 2841 poterat.

415 2867 487 2930 922.
537 2866 705 2933 Vicarius
744 2878 862 2933 autem
897 2868 1084 2932 Generalis
1114 2864 1319 2933 Riomensis
1358 2870 1421 2945 (ab
1459 2869 1588 2931 abbate

355 2974 414 3039 85¹
434 2973 610 3038 Amabilis
625 2975 636 3006 ⁸
651 2978 681 3038 is
696 2977 923 3039 constituitur
935 2976 1082 3040 Riomae
1098 2975 1134 3055 ³),
1150 2978 1364 3056 Euscopiam
1379 2976 1538 3053 veniens,
1550 2985 1587 3038 et

356 3083 392 3145 in
420 3080 625 3145 Adventum
648 3094 710 3147 aut
740 3083 1061 3163 Quadragesimam
1085 3084 1297 3163 magistrum
1322 3083 1517 3146 Robertum
1541 3083 1587 3144 ab

356 3189 532 3269 Episcopo
546 3190 740 3269 postulanS,
757 3190 901 3253 minime
917 3191 1122 3270 impetravit
1137 3189 1288 3253 adhunc
1304 3206 1447 3265 annum,
1466 3189 1529 3251 sed
1544 3188 1592 3251 ad

357 3305 581 3377 sequentem,
605 3298 635 3359 si
660 3296 695 3359 id
724 3298 792 3375 ipsi
814 3306 1063 3377 exposcerent,
1085 3306 1120 3361 et
1145 3297 1263 3360 medio
1287 3306 1407 3360 tamen
1432 3306 1591 3376 tempore

358 3402 503 3467 eosdem
518 3403 586 3467 frui
600 3420 705 3483 posse
718 3404 894 3467 interdum
909 3401 985 3483 ejus
1000 3420 1123 3483 opera.

415 3510 488 3573 923.
531 3509 570 3573 In
596 3528 694 3573 more
719 3522 796 3574 erat
818 3512 990 3591 magistro
1013 3511 1169 3574 Roberto
1195 3512 1319 3575 diebus
1343 3510 1530 3574 dominicis
1556 3519 1595 3573 et.

357 3616 459 3681 festis
474 3616 528 3680 bis
542 3618 762 3697 praedicare,
779 3635 883 3680 mane
899 3617 942 3681 de
957 3618 1106 3699 epistola
1121 3628 1156 3681 et
1171 3635 1192 3680 a
1208 3619 1358 3698 prandio
1374 3618 1416 3679 dc
1428 3616 1591 3694 Evange-

358 3724 418 3804 lio,
435 3725 472 3787 in
493 3724 645 3788 diversis
665 3724 826 3787 ecclesiis
847 3725 1143 3805 Billiomensibus;
1164 3735 1226 3789 aut
1246 3726 1358 3788 altera
1379 3727 1502 3786 concio
1523 3722 1590 3785 Bil-

359 3832 469 3909 liomi,
486 3842 520 3894 et
536 3832 648 3894 altera
663 3832 700 3893 in
716 3832 803 3894 locis
822 3832 952 3895 vicinis
972 3832 1184 3910 habebatur;
1205 3850 1290 3894 nam
1304 3847 1441 3893 summo
1458 3829 1591 3893 deside·

359 3938 414 4001 rio
430 3937 676 4018 undecumque
691 3937 768 4018 ejus
778 3938 1014 4001 ministerium
1028 3939 1270 4018 expetebatur;
1288 3938 1387 4001 etita
1407 3936 1593 3999 accidebat

402 4208 410 4239 ¹
440 4208 576 4264 Nunquam
589 4214 676 4253 tumen
687 4208 806 4254 Societas
816 4209 901 4253 Rioml
911 4210 1004 4253 stabile
1016 4210 1172 4252 domicilium
1182 4209 1282 4252 habult.

401 4281 413 4312 ¹
439 4280 468 4325 In
486 4282 608 4325 Litterae
621 4282 852 4334 Quadrimestres.
868 4288 887 4326 t.
899 4293 936 4332 ηπ,
952 4295 1011 4335 pag.
1026 4282 1074 4330 637.
1090 4282 1150 4325 dum
1167 4280 1313 4337 Clayssonil
1327 4280 1440 4334 litteras,
1456 4292 1488 4322 ex
1503 4278 1602 4333 quibus.

361 4354 426 4397 baec
438 4354 590 4407 deprompta
602 4360 668 4406 sunt,
680 4354 827 4403 edebamus.
839 4355 871 4397 ad
881 4356 992 4407 paginae
1008 4355 1106 4398 calcem
1120 4353 1270 4396 dubitantes
1281 4353 1432 4405 scripsimus
1447 4352 1489 4393 hle
1505 4350 1595 4393 Saint-

360 4424 560 4468 Amanl·Roclte
573 4426 689 4469 savine?
699 4424 746 4469 Eat
756 4434 842 4469 autem
854 4426 894 4469 hic
906 4437 989 4468 sermo
999 4438 1049 4469 non
1060 4426 1091 4468 de
1101 4425 1203 4479 oppldo,
1214 4425 1259 4467 sed
1269 4424 1300 4467 de
1311 4424 1437 4475 Abbatia,
1452 4434 1518 4477 quae
1534 4421 1604 4465 Sena

360 4496 395 4539 cti
406 4496 535 4539 Amabilis
546 4496 741 4551 Ricomagensls
749 4497 786 4551 (S.
799 4497 911 4540 ,latrabis
921 4499 954 4539 de
966 4498 1054 4544 Riotnl
1065 4498 1255 4550 appellabatur.
1265 4494 1486 4548 Cibus-Latere,
1501 4494 1599 4537 Yrtsor

361 4568 395 4611 de
407 4566 588 4620 chronologia,
599 4571 657 4621 etin,
670 4568 837 4623 Geograplrie
848 4570 1058 4621 ecclesiastique,
1068 4571 1118 4612 col.
1129 4568 1189 4612 1895).

402 4638 413 4669 ὅ
441 4636 493 4689 Sic,
506 4639 580 4691 quasi
598 4638 705 4691 Rioma,
721 4650 764 4691 aa·
775 4640 837 4683 alibi
849 4640 940 4683 atomi·
955 4641 1027 4693 quasi
1039 4652 1070 4682 ex
1084 4640 1208 4690 Riotnus,
1222 4646 1267 4683 eut
1283 4639 1420 4692 atomum,
1434 4638 1547 4683 a-Atils
1556 4644 1603 4686 eet

361 4708 549 4762 Ricomagrrm,
