3717 5400
805 508 870 565 Au.
892 508 963 565 1555
1452 510 1503 569 491

269 665 436 717 cumenta
451 656 510 718 iila
526 654 780 718 commendans
795 655 857 718 tali
871 657 950 718 loco
966 656 1167 735 proposita,
1189 664 1227 719 ut
1248 673 1504 737 prosequeren-

270 773 328 825 tur
352 777 448 825 certa
472 768 480 800 ¹
496 772 639 826 nostros
654 761 847 825 animabat.
869 761 1007 825 Passim
1027 771 1145 825 autem
1161 762 1205 824 ab
1222 763 1398 842 omnibuS,
1415 763 1505 827 haec

270 869 489 948 praedicatio
501 880 539 932 ut
554 870 659 933 vaide
672 881 883 948 opportuna,
896 868 1048 948 probata
1061 868 1136 932 init.
1151 869 1286 933 Invecti
1301 878 1383 933 sunt
1398 871 1506 935 etiarn

272 979 309 1041 in
324 978 515 1040 conciones
529 987 656 1039 contra
670 977 749 1039 illas
771 976 907 1053 domos
927 976 963 1039 in
985 978 1111 1057 quibus
1133 976 1224 1040 ludis
1250 986 1285 1040 et
1306 978 1412 1041 rebus
1427 978 1511 1041 aliis

274 1063 471 1148 inhonestis
485 1084 625 1164 Hispali
639 1086 839 1164 complures
854 1102 1000 1165 operam
1021 1084 1169 1163 dabant;
1187 1085 1302 1164 ipsum
1323 1086 1431 1148 etiam
1445 1085 1505 1148 Vi-

270 1192 420 1270 carium,
434 1200 469 1254 et
483 1192 573 1254 aiios
594 1209 746 1272 quorum
760 1192 931 1254 intererat
945 1190 1140 1255 remedium
1156 1192 1336 1267 adhibere,
1359 1192 1405 1255 ad
1419 1190 1507 1255 iliuti

269 1298 507 1361 adhibendum
517 1309 571 1361 est
586 1298 795 1361 adhortatus
809 1297 833 1360 ¹.
850 1297 924 1361 Nec
939 1298 1110 1361 inutiliter
1125 1316 1167 1361 ea
1183 1300 1218 1361 in
1231 1316 1269 1361 re
1282 1299 1501 1363 laborarunt.

270 1405 435 1468 Insectati
461 1405 567 1468 etiam
591 1417 675 1469 sunt
700 1405 845 1468 chartas
869 1405 1038 1482 lusoriaS,
1065 1406 1174 1468 libros
1200 1423 1243 1468 ac
1271 1422 1416 1483 versuS,
1445 1406 1508 1486 qui

269 1529 326 1575 res
338 1529 464 1592 parum
478 1512 647 1576 honestas
662 1511 902 1590 continebant,
919 1522 955 1575 et
969 1529 1100 1593 magna
1121 1512 1177 1575 vis
1192 1511 1393 1591 hujusmodi
1407 1512 1505 1575 char·

277 1630 393 1683 tarum
408 1630 469 1683 aut
483 1621 654 1683 librorum
667 1620 732 1683 luit
744 1620 940 1683 combusta.

311 1726 398 1789 1337.
444 1725 512 1805 Qui
539 1728 585 1789 ad
608 1726 892 1790 concionandum
918 1724 957 1790 se
982 1727 1223 1805 conserebant,
1247 1729 1386 1809 siquos
1406 1728 1504 1791 inve·

268 1834 413 1897 aiebant
426 1834 463 1897 in
475 1834 625 1913 publicis
644 1834 713 1897 viis
728 1852 771 1897 ac
786 1834 913 1914 plateis
938 1834 1074 1897 otiosos
1094 1836 1180 1898 etin
1198 1835 1407 1927 diversoriis
1427 1852 1506 1898 cra·

267 1924 531 2021 pulae'operam
546 1941 682 2018 dantes,
699 1952 734 2003 et
753 1942 823 2004 alia
838 1940 1048 2021 hujusmodi,
1071 1959 1193 2005 coram
1208 1960 1246 2005 se
1262 1960 1323 2005 eos
1349 1942 1505 2021 agebant

268 2049 365 2110 velut
387 2067 473 2111 oves
493 2048 539 2111 ad
558 2066 638 2111 eum
658 2051 787 2127 locum,
809 2050 868 2113 ubi
893 2050 1178 2113 concionandum
1203 2060 1297 2128 erat3
1326 2061 1360 2113 et
1380 2049 1416 2112 id
1445 2050 1504 2112 aii·

218 2209 224 2229 ,
267 2150 410 2235 quand'o
425 2158 576 2233 silentio,
594 2157 785 2254 aliquando
807 2158 988 2221 orationes
1013 2158 1229 2221 christianae
1248 2158 1432 2220 doctrinae
1452 2156 1510 2219 di·'

266 2262 391 2340 cendo,
408 2263 501 2344 quod
517 2282 588 2327 non
603 2265 769 2365 minimae
784 2263 1039 2327 aedificationis
1055 2275 1131 2327 erat
1143 2265 1205 2343 εἰς,
1223 2264 1331 2343 quiin
1351 2264 1500 2327 ecclesia

268 2370 459 2433 conciones
473 2370 721 2451 expectabant.
734 2370 825 2433 Tam
839 2373 971 2433 multae
982 2371 1172 2434 conciones
1188 2372 1294 2435 etiam
1306 2371 1342 2434 in
1357 2373 1501 2449 longum

268 2477 477 2556 petebantur
492 2475 514 2556 ²,
532 2486 571 2539 ut
587 2486 766 2558 oporteret
787 2477 904 2557 aliqua
924 2478 1063 2541 ratione
1079 2480 1123 2542 ab
1148 2479 1198 2542 eis
1213 2479 1377 2541 evadere.
1395 2477 1439 2541 Et
1453 2478 1504 2539 itu

268 2584 506 2647 decreverunt
519 2584 571 2646 sic
590 2584 807 2664 respondere
832 2585 925 2665 quod
942 2594 1077 2649 certum
1103 2586 1189 2665 ipsis
1215 2603 1286 2648 non
1309 2595 1386 2647 erat
1406 2583 1500 2665 quoti

268 2690 404 2754 tamdiu
418 2703 536 2755 essent
551 2692 693 2772 victuri;
709 2704 744 2756 et
763 2692 824 2772 ita,
840 2701 919 2773 post
935 2711 1043 2756 unam
1060 2692 1267 2757 contionem
1289 2692 1505 2769 absolutam,

269 2798 375 2860 aliam
391 2816 430 2861 se
444 2799 628 2863 habituros
642 2801 907 2880 promittebant,
923 2817 991 2863 nec
1006 2801 1147 2880 longius
1167 2801 1500 2880 progrediebantur.

269 2905 308 2968 ln
322 2905 531 2986 quibusdam
546 2907 652 2970 etiam
666 2907 893 2971 monasteriis
906 2907 1157 2987 religiosorum
1171 2907 1285 2971 nostri
1299 2907 1505 2970 concionati
1528 2932 1532 2941 ·
1566 2916 1576 2934 ·

269 3022 363 3075 sunt.

311 3119 399 3182 1338.
444 3119 546 3199 Quod
561 3121 607 3184 ad
622 3121 864 3185 confessiones
879 3122 1016 3200 attinet,
1034 3124 1113 3185 ilios
1125 3122 1313 3186 videbatur
1329 3120 1504 3185 Dominus

266 3227 444 3290 adducere
459 3227 503 3289 ad
520 3237 660 3291 nostros
675 3228 926 3306 confessarios,
950 3229 993 3292 de
1013 3247 1164 3311 quorum
1180 3229 1335 3292 remedio
1360 3229 1420 3291 alii
1436 3229 1503 3308 spi-

266 3335 412 3398 rituales
426 3335 554 3397 medici
574 3352 699 3415 parum
718 3335 922 3415 sperabant,
944 3335 1037 3416 quod
1061 3336 1271 3416 inpeccatis
1297 3335 1500 3398 consenuis-

267 3452 358 3520 sent;
374 3450 497 3504 ettam
517 3441 726 3505 admiranda
746 3460 810 3522 per
828 3443 897 3506 hoc
916 3452 1180 3506 sacramentum
1203 3444 1417 3522 operabatur
1435 3440 1503 3504 Dei

268 3548 398 3626 gratia,
412 3559 449 3611 ut
457 3565 626 3626 magnam
638 3550 770 3612 nostris
784 3550 1011 3612 occasionem
1023 3550 1241 3613 confusionis
1254 3559 1287 3612 et
1300 3551 1407 3613 etiam
1421 3565 1502 3627 gra-

270 3656 399 3718 tiarum
414 3657 565 3718 actionis
578 3656 775 3735 praeberet.
794 3654 884 3719 Cum
898 3664 1017 3719 autem
1031 3657 1132 3719 multi
1146 3657 1292 3734 nobiles,
1311 3664 1344 3718 et
1360 3657 1502 3732 divites,

268 3771 304 3824 ct
316 3760 473 3841 cujusvis
486 3762 700 3825 conditionis
711 3762 872 3825 homines
884 3761 1147 3841 confiterentur,
1162 3763 1269 3842 aliqui
1281 3764 1325 3825 ad
1341 3761 1501 3842 frequen·

270 3870 444 3933 tationem
457 3877 763 3932 sacramentorum
775 3870 932 3933 animum
944 3870 1180 3950 applicabant,
1192 3869 1251 3933 alii
1263 3869 1505 3933 restitutiones

269 3994 340 4038 non
362 3977 524 4039 modicae
546 3993 705 4039 summae
726 3977 916 4039 iaciebant.
936 3975 1024 4040 Cum
1050 3987 1168 4040 autem
1191 3987 1335 4056 propter
1357 3977 1502 4040 navium

270 4099 437 4162 magnam
456 4081 645 4163 jacturam,
663 4101 753 4164 quae
772 4096 858 4146 tunc
873 4082 1065 4161 acciderat,
1081 4101 1257 4164 pauperes
1276 4100 1425 4164 gravem
1446 4101 1504 4164 pe·

309 4395 316 4428 ¹
346 4395 405 4438 Vox
415 4395 480 4439 baec
492 4399 565 4440 certa
575 4396 618 4440 hic
628 4396 699 4440 intra
710 4398 801 4451 lineas,
811 4408 951 4452 perperam
961 4397 1089 4450 fortassis,
1101 4397 1269 4452 superaddita
1281 4404 1319 4441 est
1332 4399 1357 4442 in
1369 4411 1417 4444 ms.

307 4467 320 4498 ¹
348 4467 405 4519 Sic;
421 4476 490 4511 esset
505 4474 592 4511 tamen
611 4469 711 4512 rectius
725 4471 791 4511 sunt
807 4469 947 4512 adhortati
962 4470 1096 4524 magisque
1116 4481 1171 4513 cunt
1188 4471 1304 4524 hispanis
1324 4471 1425 4524 verbis,
1445 4471 1503 4524 pius

268 4545 356 4582 autem
365 4550 424 4582 cum
433 4541 531 4594 latinis,
542 4541 699 4592 litterarum,
710 4541 826 4594 equibus
837 4541 902 4584 haec
912 4541 1066 4596 deprompta
1077 4551 1145 4588 sunt.
1156 4547 1321 4596 congrueret.
1335 4542 1403 4586 Vide
1420 4541 1503 4587 Late·

269 4621 317 4652 rue
326 4608 557 4663 Quadrimestres,
567 4619 586 4656 t.
597 4623 632 4664 tv,
643 4623 704 4666 pag,
712 4610 741 4655 83
751 4617 777 4655 et
786 4612 822 4655 91.

309 4680 322 4714 ⁸
346 4681 431 4736 Magis
445 4683 583 4738 perspicue
597 4684 663 4727 haec
679 4684 801 4738 exprimit
816 4685 929 4738 Joennes
947 4685 1062 4738 Xnarez,
1081 4672 1194 4728 scilicet:
1213 4685 1282 4728 “Tan
1299 4686 1392 4730 crebre
1407 4691 1433 4729 et
1448 4691 1504 4731 tam

267 4761 439 4808 praematura
450 4762 489 4798 est
500 4755 651 4799 concionum
660 4755 825 4812 efflagitatio,
833 4763 862 4802 ut
873 4756 1074 4812 oportuerit...„
1085 4755 1155 4800 Isiu..
1167 4769 1229 4811 pag.
1242 4757 1277 4800 93.
