3717 5400
409 508 466 568 670
868 509 996 568 Chaon.
1017 507 1093 567 Soc.
1119 508 1189 581 Jas.

410 671 510 735 quez,
525 662 715 734 antequam
734 653 849 718 Goam
867 654 1017 732 veniret,
1036 655 1224 735 plusquam
1243 653 1414 718 ducentos
1432 656 1510 736 ipse
1527 657 1633 738 bapti·

410 768 568 841 zaverat3
585 761 748 841 quamvis
763 761 848 824 illud
863 759 1059 824 desiderari
1077 776 1183 841 posse
1205 760 1414 839 affirmabat,
1432 762 1526 843 quod
1547 781 1633 828 asu-

408 868 548 949 periore
563 869 657 930 nullo
673 867 823 946 singulis
843 867 957 944 annis,
979 876 1016 930 ut
1034 867 1230 948 oportebat,
1252 868 1387 931 visitati
1406 869 1547 932 fuerant
1563 869 1587 948 ¹3
1601 882 1635 934 et

408 973 487 1038 ideo
506 971 760 1054 injungendum
779 991 856 1038 esse
876 973 1092 1038 Provinciali
1113 975 1280 1037 censebat
1299 991 1344 1038 ne
1358 993 1404 1038 ex
1423 975 1522 1038 India
1541 994 1632 1040 rece-

407 1081 507 1145 deret
537 1081 583 1144 ad
613 1097 726 1159 regna
750 1091 922 1160 remota,=
937 1097 1019 1144 cum
1048 1097 1263 1162 magnopere
1296 1079 1417 1145 Indiae
1448 1081 1631 1147 Provincia

407 1187 612 1252 assistentia
625 1188 681 1251 sui
697 1185 933 1251 Prouincialis
952 1187 1137 1267 indigeret.

470 1293 557 1358 1849.
600 1293 751 1358 Cochini
772 1295 982 1357 versabatur
1003 1311 1084 1358 cum
1099 1294 1234 1358 duobus
1248 1295 1356 1358 sociis
1369 1294 1409 1358 P.
1422 1295 1634 1360 Franciscus

406 1399 526 1478 Perez,
539 1412 727 1481 postquam
742 1419 762 1462 a
779 1399 815 1464 P.
830 1399 1023 1464 Francisco
1037 1399 1174 1464 Xavier
1185 1400 1349 1464 Malacha
1363 1421 1405 1465 eo
1421 1404 1550 1465 missus
1565 1404 1633 1467 iue-

405 1518 463 1572 rat
477 1507 501 1588 ',
524 1509 583 1572 ubi
603 1509 638 1570 in
658 1508 853 1571 ministerio
872 1508 972 1570 verbi
995 1516 1029 1571 et
1051 1519 1355 1573 sacramentorum
1376 1510 1581 1589 diligentem
1600 1523 1633 1574 et

404 1625 588 1679 strenuam
604 1631 749 1694 operam
765 1615 923 1678 navavit.
940 1613 985 1678 Et
1001 1615 1165 1695 quumvis
1179 1613 1255 1694 ejus
1270 1616 1358 1679 socii
1372 1633 1502 1696 pueros
1517 1619 1633 1696 legere

405 1731 441 1785 et
455 1722 623 1800 scribere,
643 1723 780 1802 aliquos
795 1721 901 1784 etiam
922 1721 1194 1800 grammaticam
1213 1721 1399 1801 docebant,
1421 1723 1633 1805 praecipuus

404 1839 524 1893 tamen
540 1829 743 1892 scholarum
758 1827 894 1891 fructus
909 1828 946 1890 in
967 1827 1183 1891 christianae
1202 1827 1384 1892 doctrinae
1400 1831 1630 1908 institutione,

405 1947 440 2000 et
454 1936 490 2000 in
502 1934 692 2017 juvenibus
707 1934 752 1998 ad
770 1933 1028 1998 contessionem
1043 1915 1207 1998 crebram
1223 1936 1440 2014 inducendis,
1458 1949 1504 2013 et,
1527 1937 1558 2000 si
1573 1940 1632 2018 qui
1688 2000 1708 2020 „

402 2043 520 2106 idonei
535 2052 663 2120 essent,
682 2042 788 2106 etiam
803 2045 1050 2105 commuuione
1065 2041 1275 2120 reficiendis,
1296 2045 1521 2106 consistebat.
1549 2043 1630 2107 Die-

402 2149 469 2213 bus
485 2158 601 2212 autem
617 2150 759 2212 veneris
774 2150 815 2240 hi·
827 2149 937 2228 pueri,
948 2149 1090 2211 litanias
1101 2148 1334 2223 decantando,
1348 2151 1452 2213 modo
1469 2150 1514 2213 ad
1525 2152 1631 2229 hanc,

402 2256 509 2320 modo
535 2255 581 2319 ad
605 2256 701 2318 illam
727 2256 913 2319 ecclesiam
929 2255 1205 2335 deducebantur;
1233 2264 1268 2318 et
1287 2257 1323 2319 hi
1344 2258 1466 2320 nonin
1482 2259 1633 2338 collegio

402 2372 543 2442 nostro,
571 2362 633 2426 sed
658 2363 754 2443 apud
778 2372 944 2442 parentes
968 2364 1026 2426 vel
1050 2373 1186 2425 tutores
1214 2379 1298 2426 suos
1323 2364 1545 2440 habitabant,
1571 2367 1633 2429 ubi

365 2530 369 2538 .
402 2479 510 2534 noctu
525 2487 649 2535 servos
666 2481 700 2533 et
714 2471 873 2549 ancillas,
896 2488 988 2551 quae
1006 2471 1073 2551 ipsi
1092 2469 1289 2534 didicerant
1309 2472 1345 2534 in
1365 2473 1508 2548 scholiS,
1528 2473 1631 2536 doce·

402 2579 499 2641 bant.
515 2575 560 2642 Et
575 2579 610 2640 in
625 2587 700 2641 tota
715 2577 813 2641 India
829 2577 922 2640 hanc
943 2578 1117 2640 rationem
1133 2579 1363 2642 institutionis
1378 2597 1568 2659 puerorum
1582 2590 1631 2658 et,

400 2703 465 2766 per
479 2703 620 2766 pueroS,
638 2685 911 2749 domesticorum
925 2683 964 2747 P.
981 2681 1196 2749 Franciscus
1210 2685 1347 2750 Xavier
1361 2687 1579 2765 instituerat;
1596 2697 1631 2751 et

401 2794 439 2857 in
453 2792 508 2856 his
522 2793 712 2874 praecipue
728 2792 828 2871 lociS,
847 2792 906 2854 ubi
921 2790 998 2854 Rex
1014 2790 1251 2871 Portugalliae
1267 2811 1369 2856 arces
1384 2795 1419 2857 in
1433 2812 1495 2857 ora
1508 2794 1632 2857 indiae

401 2899 579 2962 maritima
593 2898 757 2962 habebat.
774 2898 820 2963 Et
833 2898 1031 2962 uberrimos
1044 2898 1181 2963 fructus
1196 2919 1242 2963 ex
1257 2901 1325 2963 hac
1336 2910 1410 2963 tam
1421 2901 1480 2981 pia
1495 2903 1629 2965 exerci-

400 3006 535 3070 tatione
549 3006 713 3085 provenit
728 3006 765 3069 in
781 3006 944 3069 omnibus
959 3006 1027 3069 illis
1042 3007 1258 3087 regionibus,
1275 3024 1320 3070 ex
1334 3024 1405 3088 quo
1418 3005 1581 3071 Societas
1593 3010 1630 3072 in

399 3106 462 3176 das
476 3113 631 3176 devenit.

462 3219 549 3283 1850.
594 3218 706 3284 Situm
739 3218 891 3284 habebat
924 3218 1086 3284 Societas
1117 3220 1263 3285 Coccini
1294 3238 1405 3303 prope
1440 3222 1631 3286 ecclesiam

399 3326 525 3391 Matris
544 3326 623 3403 Dei,
645 3329 705 3408 qui
727 3346 820 3390 anno
844 3328 1036 3408 praeterito
1060 3346 1161 3391 muro
1182 3327 1247 3392 fuit
1268 3330 1411 3392 omnino
1433 3328 1630 3392 circumda·

398 3444 477 3514 tuS,
501 3443 535 3497 et
556 3434 683 3497 domus
703 3432 877 3514 perfecta,
902 3434 938 3497 in
959 3452 1029 3514 qua
1049 3434 1397 3516 pueri'docerentur;
1419 3446 1455 3499 et
1476 3436 1634 3516 ipsamet

399 3541 527 3605 civitas
551 3541 597 3605 ad
623 3540 821 3604 aedificium
845 3542 1033 3621 pecuniam
1060 3540 1218 3605 dederat.
1246 3540 1341 3605 Data
1368 3542 1484 3605 fuerat
1508 3540 1631 3607 Socie-

398 3648 464 3710 tati
486 3649 636 3712 ecclesia
660 3649 738 3728 ipsa
761 3646 885 3711 Matris
910 3647 1002 3727 Dei;
1028 3647 1091 3711 sed
1113 3648 1194 3729 quia
1220 3648 1419 3712 confratres
1441 3646 1499 3728 jus
1524 3666 1631 3713 suum

398 3754 444 3817 ad
472 3754 568 3818 illam
594 3756 755 3818 amittere
783 3755 971 3833 nolebant,
1006 3763 1040 3817 et
1068 3756 1215 3818 moleste
1248 3754 1438 3819 admodum
1466 3756 1631 3820 ferebant

397 3860 492 3940 quod
513 3879 556 3924 eo
579 3879 599 3923 a
621 3859 796 3925 Societate
812 3862 946 3941 privari
965 3862 1178 3941 viderentur,
1202 3861 1253 3924 eis
1274 3862 1424 3942 relinqui
1438 3862 1631 3927 ecclesiam

397 3969 511 4032 voluit
539 3966 562 4048 ³,
591 3969 776 4031 retinendo
807 3969 1033 4032 nihilominus
1060 3968 1107 4033 ad
1135 3966 1323 4033 Societatis
1350 3980 1495 4033 nostrae
1522 3988 1631 4034 usum

396 4084 549 4155 portam,
573 4092 643 4154 qua
665 4092 709 4137 ex
723 4073 913 4155 conjuncta
936 4074 1039 4138 domo
1055 4075 1090 4137 in
1112 4076 1228 4155 ipsam
1242 4076 1356 4139 nostri
1378 4076 1628 4156 ingredieban-

396 4192 455 4245 tur
476 4182 521 4244 ad
537 4180 665 4245 Missas
680 4180 870 4259 dicendam,
894 4193 928 4245 et
954 4181 1001 4246 ad
1025 4181 1326 4262 praedicationem
1351 4192 1386 4246 et
1411 4182 1631 4247 christianae

396 4288 581 4353 doctrinae
605 4289 892 4370 explicationem
919 4298 955 4352 et
977 4290 1027 4353 ita
1048 4289 1148 4352 initio
1173 4288 1276 4370 hujus
1305 4290 1389 4352 anni
1416 4308 1455 4353 se
1481 4307 1540 4353 res
1565 4290 1631 4353 ha·

396 4396 524 4471 bebat;
545 4396 710 4475 quamvis
733 4404 851 4460 autem
873 4394 910 4459 P.
936 4394 1150 4460 Franciscus
1174 4396 1310 4460 Xavier
1332 4397 1494 4460 chartam
1516 4414 1631 4462 manu

437 4600 448 4634 ¹
474 4599 521 4645 his.
532 4600 611 4643 habet
622 4611 673 4642 non
677 4600 806 4655 fuerant:
813 4600 858 4642 sed
871 4600 934 4643 lllud
946 4610 998 4642 non
1008 4599 1143 4643 redundat.

435 4672 448 4705 ²
474 4672 541 4715 Vide
551 4682 638 4726 supra,
651 4678 668 4714 t.
678 4682 715 4725 nr,
725 4682 785 4725 pag.
795 4670 844 4726 487,
856 4682 880 4715 n.
895 4670 955 4715 10³4.

435 4742 448 4775 ³
475 4742 766 4787 F.Franclscusl'erez.
