3717 5400
821 506 884 599 Aa.¹
908 509 979 565 1555
1459 506 1513 564 213

283 653 551 732 expenderatut
563 655 838 718 commodiorem
850 655 948 718 illum
960 653 1133 733 redderet,
1146 654 1221 717 iere
1232 664 1374 717 centum
1386 669 1515 715 aureos

279 759 336 822 illi
349 759 521 823 dederunt
535 778 579 823 ne
595 761 843 824 detrimentum
858 768 1056 840 pateretur;
1071 770 1106 824 et
1121 759 1321 842 hujusmodi
1335 759 1514 840 aequitate

287 867 459 931 utendum
473 868 640 931 censebat
657 866 665 898 ¹
685 867 720 930 in
740 868 809 931 alio
828 868 960 948 insigni
980 869 1084 932 horto
1104 883 1215 948 prope
1234 866 1452 930 Panormum
1467 867 1512 929 ab

284 973 349 1038 illa
375 973 518 1038 abbatia
544 976 635 1038 male
655 975 827 1052 alienat0,
847 975 908 1056 qui
929 975 1070 1055 quidem
1091 974 1138 1037 ad
1155 973 1413 1037 recreationem
1437 972 1514 1036 Col·

259 1161 263 1170 ¹
285 1081 370 1162 legii
385 1081 630 1147 Panormitam
644 1083 804 1162 perutilis
819 1092 896 1147 erat
915 1083 1065 1162 futuruS,
1088 1099 1170 1146 cum
1189 1082 1333 1145 domum
1352 1081 1511 1159 haberet,

289 1189 448 1266 vineam,
475 1191 663 1269 olivetum,
685 1207 793 1270 agros
812 1191 857 1253 ad
876 1189 1091 1254 frumentum
1112 1189 1369 1272 seminandum.
1399 1187 1457 1252 Sic
1479 1198 1513 1251 et

282 1297 430 1362 domum
447 1297 552 1360 aliam
568 1309 601 1362 et
617 1297 687 1360 alia
702 1295 903 1376 hujusmodi
918 1313 1142 1378 recuperare,
1158 1297 1219 1360 via
1231 1296 1332 1376 iuria,
1356 1295 1513 1359 adhibita

286 1414 408 1468 tamen
423 1405 612 1486 aequitate,
629 1406 818 1469 nitebatur.

345 1511 416 1576 622.
460 1511 691 1593 Privilegium
711 1523 830 1576 tamen
845 1513 900 1591 (de
915 1528 986 1593 quo
1001 1529 1094 1576 anno
1113 1513 1297 1592 superiore
1315 1511 1448 1574 mentio
1463 1511 1513 1574 ia·

280 1629 345 1683 cta
359 1620 425 1684 luit
440 1609 475 1700 ¹),
491 1620 702 1684 extrahendi
716 1619 777 1682 300
798 1621 937 1684 modios
955 1620 1133 1698 frumenti,
1153 1620 1249 1700 quod
1263 1620 1299 1682 in
1314 1617 1514 1682 desuetudi-

284 1743 371 1790 nem
397 1745 460 1808 per
485 1728 618 1807 aliquot
642 1729 785 1790 saecula
807 1727 963 1807 abiisset,
989 1744 1059 1791 non
1088 1726 1276 1791 videbatur
1298 1724 1513 1805 iurisperitis

289 1833 446 1897 validum
467 1851 556 1913 esse,
579 1835 648 1897 nisi
670 1834 784 1897 denuo
809 1853 830 1896 a
855 1833 953 1914 Rege
976 1834 1258 1898 confirmaretur.
1284 1834 1387 1897 Alios
1405 1831 1512 1896 etiam

280 1956 394 2020 agros
418 1953 611 2022 usurpatos
635 1959 746 2023 prope
770 1941 964 2004 Marsalam
992 1941 1165 2005 intellexit
1192 1939 1441 2017 Provincialis;
1465 1937 1514 2001 ibi

284 2047 379 2110 enim
399 2048 491 2112 bona
518 2048 711 2129 praecipua
733 2047 908 2112 Abbatiae
930 2047 1080 2127 collegii
1101 2048 1221 2111 unitae
1246 2047 1314 2110 sita
1338 2055 1452 2124 erant3
1471 2053 1513 2108 et

281 2152 427 2218 cuidam
442 2155 521 2218 viro
535 2156 628 2219 bono
642 2165 677 2218 et
692 2156 806 2219 amico
822 2165 856 2218 et
871 2156 906 2218 in
922 2155 1080 2218 colendis
1099 2155 1197 2234 agris
1218 2153 1428 2230 exercitato,
1452 2151 1512 2233 qui

286 2279 331 2323 cx
351 2261 526 2326 charitate
544 2279 646 2326 suam
666 2279 811 2342 operam
830 2263 956 2326 obtulit
977 2262 1023 2325 ad
1049 2271 1161 2325 totum
1187 2262 1285 2324 illum
1304 2277 1432 2339 agrum
1451 2268 1511 2322 aut

284 2367 408 2432 villam
430 2369 606 2433 Abbatiae
627 2370 804 2434 utiliorem
825 2369 1055 2443 reddendum,
1077 2386 1201 2432 curam
1224 2368 1454 2448 reliquerunt,
1476 2376 1512 2428 et

285 2483 410 2554 puteos
425 2477 597 2557 quosdam
611 2476 833 2540 instaurandi
847 2487 881 2540 et
897 2477 1036 2557 aliquos
1050 2494 1095 2539 ex
1110 2475 1208 2555 agris
1232 2471 1372 2539 colendi
1394 2492 1438 2537 ac
1459 2491 1511 2536 se·

283 2581 456 2660 minandi,
472 2601 515 2646 ac
531 2583 672 2646 vineam
687 2583 881 2664 plantandi;
900 2583 1041 2647 hortum
1057 2584 1163 2647 etiam
1183 2584 1219 2646 in
1241 2582 1424 2646 meliorem
1443 2581 1512 2645 ior·

283 2708 380 2754 mam
396 2689 590 2771 redigendi.
606 2692 651 2756 Et
669 2691 819 2773 ipsemet
839 2689 1074 2756 Provincialis
1094 2703 1174 2771 post
1193 2690 1331 2755 Pascha
1353 2689 1400 2753 ad
1418 2690 1511 2753 hanc

282 2798 407 2861 villam
427 2816 538 2879 prope
552 2798 745 2863 Marsalam
759 2818 797 2863 se
812 2799 971 2878 contulit,
988 2809 1022 2862 et
1036 2800 1180 2863 domum
1199 2798 1391 2879 quamdam
1408 2798 1512 2861 rusti·

281 2920 365 2967 cam
380 2904 426 2967 ad
440 2904 616 2969 frumenta
631 2906 847 2986 detergenda
863 2906 991 2970 confici
1002 2904 1118 2986 J'ussiq
1131 2915 1165 2969 et
1177 2907 1246 2969 alia
1259 2904 1408 2969 instituit
1419 2922 1511 2985 quae

284 3010 334 3073 ad
359 3015 491 3076 cultum
523 3030 646 3077 corum
671 3031 841 3094 agrorum
867 3024 901 3077 et
933 3013 1118 3077 hortorum
1146 3013 1381 3092 pertinebant.
1410 3010 1512 3075 Vidit

281 3119 393 3181 etiam
407 3120 550 3183 hortum
568 3138 632 3184 sex
652 3121 762 3184 millia
781 3121 971 3184 distantem
991 3120 1002 3152 ⁸
1023 3129 1057 3184 et
1072 3130 1224 3202 quatuor
1243 3139 1264 3182 a
1280 3118 1447 3197 Messala,
1465 3120 1509 3182 lo·

279 3242 364 3288 cum
391 3228 679 3291 amoenissimum
704 3238 739 3291 et
763 3228 857 3291 aeris
876 3228 1099 3291 saluberrimi
1118 3236 1153 3291 et
1170 3236 1381 3308 prospectus
1406 3227 1511 3289 valde

278 3334 391 3413 grati,
418 3326 499 3397 cum
523 3334 619 3398 fonte
645 3334 690 3398 ad
714 3336 854 3399 hortum
875 3334 1098 3415 irrigandum
1121 3334 1385 3414 percommod0,
1408 3333 1511 3395 malis

281 3440 403 3503 aureis
423 3450 458 3504 et
481 3442 644 3520 granatis
665 3452 699 3505 et
724 3442 828 3505 olivis
854 3442 1109 3522 abundantem3
1126 3449 1161 3504 et
1175 3442 1270 3505 mille
1290 3442 1379 3504 alias
1401 3441 1509 3504 oliva·

281 3564 363 3609 rum
378 3548 524 3610 arbores
539 3548 694 3628 plantari
707 3566 811 3629 posse
827 3548 1090 3615 animadvertit.

346 3652 416 3717 623.
461 3653 612 3733 Quidam
627 3655 734 3719 etiam
749 3656 885 3719 amicus
901 3656 1042 3720 hortum
1057 3656 1166 3720 alium
1180 3656 1264 3719 huic
1283 3653 1512 3734 conjunctum

285 3756 400 3841 <cujus
425 3762 598 3825 directum
623 3762 816 3826 dominium
841 3772 918 3826 erat
943 3763 1051 3827 etiam
1074 3763 1262 3841 Abbatiae,
1287 3761 1374 3825 utile
1391 3770 1510 3825 autem

281 3868 520 3947 quarumdam
535 3869 793 3949 religiosarum,
808 3887 898 3950 quae
911 3870 1053 3933 hortum
1063 3870 1219 3933 vendere
1230 3867 1409 3947 volebant)
1422 3885 1511 3931 eme

286 3992 325 4037 re
340 3976 492 4054 volebat,
509 3984 554 4053 et,
571 3976 607 4037 in
622 3977 803 4040 meliorem
818 3975 971 4040 formam
985 3977 1182 4055 redactum,
1195 3986 1275 4058 post
1286 3976 1399 4040 vitam
1409 3991 1512 4038 suam

282 4080 446 4161 Collegio
462 4083 673 4162 relinquere,
689 4101 755 4146 nec
770 4084 864 4147 enim
879 4086 969 4147 alter
980 4084 1104 4147 hortus
1115 4083 1191 4147 sine
1202 4086 1315 4147 altero
1327 4080 1512 4146 commode

288 4188 399 4251 teneri
421 4198 570 4269 poterat.
595 4189 690 4253 Mille
711 4190 817 4253 etiam
840 4191 987 4255 arbores
1012 4191 1128 4254 olivae
1149 4190 1184 4254 in
1207 4208 1249 4253 eo
1271 4188 1426 4271 plantari
1453 4206 1513 4270 po·

288 4305 403 4358 terant
419 4306 453 4359 et
473 4298 623 4360 aliorum
645 4298 835 4376 fructuum,
856 4311 999 4377 praeter
1025 4300 1118 4362 mala
1134 4314 1255 4376 aurea,
1272 4315 1363 4379 quae
1383 4297 1514 4362 ibidem

277 4400 357 4482 jam
371 4414 484 4468 erant.
500 4403 587 4468 Erat
600 4416 635 4469 et
651 4406 758 4469 turris
772 4407 947 4485 quaedam
963 4404 1141 4483 inchoata,
1163 4423 1253 4486 quae
1274 4404 1379 4468 facile
1398 4405 1514 4468 absol-

324 4610 331 4641 ·
362 4608 390 4652 P.
402 4608 582 4664 Provincialis,
593 4610 767 4667 lileronymus
777 4610 934 4655 Domeneclt.

326 4678 336 4711 Ι
364 4679 430 4725 Vide
440 4692 527 4737 supra,
540 4687 559 4726 t.
570 4688 605 4737 tv,
616 4692 677 4737 pag.
687 4684 735 4737 219,
746 4693 772 4727 n.
780 4682 828 4728 48&

325 4746 337 4781 ὅ
363 4753 465 4797 rivilla?
