3717 5400
803 480 868 538 Art.
890 481 961 538 1555
1468 481 1506 542 93

266 627 410 705 Rector,
437 626 532 708 quod
555 626 667 706 ipsius
692 642 755 688 cor
767 625 942 706 jubilabat
967 626 1003 689 iu
1026 626 1167 689 actione
1180 626 1399 706 gratiarum,
1423 645 1504 691 cum

264 735 470 798 sensibilem
485 731 627 797 Domini
642 733 799 813 gratiam
814 750 856 795 ac
873 731 1075 796 affluentem
1089 733 1372 798 misericordiam
1388 735 1422 799 in
1437 736 1505 799 illis

265 843 489 919 observaret,
505 850 580 903 tum
605 840 642 904 in
657 841 724 917 his,
752 856 844 919 quae
869 838 915 902 ad
941 839 1123 919 proprium
1144 839 1356 921 profectum,
1378 851 1454 906 tum
1468 843 1504 905 in

268 950 335 1025 his,
352 966 444 1028 quae
459 948 505 1011 ad
519 948 673 1011 aliorum
696 946 981 1010 aedificationem
1005 947 1240 1026 pertinebant;
1258 957 1292 1011 et
1316 949 1366 1012 ita
1382 965 1504 1014 omnes

267 1057 458 1136 stupebant
472 1055 637 1136 spiritum
651 1053 885 1117 acfervorem
907 1070 1041 1130 eorum,
1062 1054 1123 1134 qui
1144 1054 1341 1118 clarissime
1361 1056 1398 1118 in
1412 1047 1503 1121 'sani-

267 1171 341 1225 tate
356 1173 390 1225 et
405 1159 642 1242 aegritudine,
657 1161 734 1224 vita
749 1170 784 1223 et
798 1169 912 1223 morte
927 1160 1172 1240 quorumdam,
1190 1161 1446 1242 resplendebat.

328 1267 400 1332 241.
443 1268 611 1332 Invidens
637 1277 756 1330 tamen
781 1269 851 1331 illis
876 1269 1041 1345 daemon,
1068 1268 1240 1347 quosdam
1265 1285 1388 1333 eorum
1403 1269 1503 1332 sedu-

265 1392 349 1438 cere
365 1375 477 1438 variis
488 1376 710 1456 phantasmis
725 1376 898 1451 tentabat,
911 1384 947 1438 et
960 1373 1150 1454 aliquando
1162 1373 1324 1438 informa
1339 1378 1439 1456 pueri
1452 1377 1504 1440 eis

267 1483 463 1562 apparebat
478 1482 575 1545 circa
591 1480 701 1546 S.¹²¹¹¹¹¹¹
721 1480 1005 1559 Sacramentum,
1023 1479 1214 1561 aliquando
1227 1481 1317 1544 inter
1329 1483 1501 1546 orandum

266 1590 303 1652 in
320 1589 398 1652 aliis
411 1588 548 1666 formiS,
564 1602 599 1652 et
615 1606 695 1652 cum
711 1589 780 1651 hac
801 1589 938 1651 ratione
965 1587 1052 1651 nihil
1074 1587 1259 1666 obtineret,
1287 1589 1332 1652 ad
1347 1599 1503 1653 terrores

265 1696 491 1760 incutiendos
506 1706 541 1758 et
556 1694 601 1759 ad
628 1695 837 1774 affligendos
858 1695 998 1775 aliquos
1017 1711 1095 1757 sese
1118 1695 1294 1758 convertit
1308 1696 1365 1759 die
1380 1706 1502 1759 noctu-

265 1819 347 1883 que,
361 1803 455 1866 huuc
467 1802 708 1883 percutiendo,
721 1818 829 1882 super
841 1802 951 1865 alium
963 1810 1037 1864 tota
1051 1809 1155 1864 nocte
1164 1801 1358 1865 incedendo
1374 1812 1408 1866 et
1421 1821 1501 1867 con·

266 1908 455 1988 culcando,
466 1921 503 1972 et
515 1909 665 1988 singulis
675 1908 852 1987 noctibus,
866 1919 947 1988 post
959 1910 1141 1971 lucernam
1162 1909 1366 1988 extinctam,
1383 1926 1501 1990 quem·

264 2017 351 2080 dam
366 2018 474 2081 allum
488 2017 636 2081 brachio
650 2017 837 2095 trahendo,
854 2025 889 2078 et
903 2017 1090 2096 strepitum
1109 2016 1146 2079 in
1166 2015 1241 2096 ejus
1263 2017 1426 2088 cubiculo
1443 2037 1502 2082 ex·

264 2125 421 2188 citando.
438 2121 508 2188 Sed
522 2124 665 2188 demum
679 2123 847 2186 confusus
862 2140 986 2187 eorum
1006 2124 1219 2198 constantia,
1236 2143 1257 2187 a
1273 2122 1349 2187 Deo
1365 2123 1498 2206 adjuta,

263 2248 339 2294 non
354 2245 408 2293 est
422 2231 617 2311 permissus
632 2249 653 2293 a
668 2228 821 2292 Domino
841 2230 994 2310 amplius
1008 2239 1151 2294 nostros
1166 2233 1353 2294 molestare
1376 2231 1396 2294 ¹.

326 2336 396 2400 242.
441 2337 529 2402 Cum
544 2348 662 2401 autem
677 2336 902 2400 Gubernator
912 2336 1136 2400 Lauretanus
1149 2337 1192 2400 de
1201 2339 1332 2402 nostris
1345 2339 1502 2402 testimo·

219 2495 229 2516 ,
264 2444 363 2507 nium
377 2443 504 2524 reddit,
521 2445 674 2524 plurima
688 2443 857 2506 brevibus
872 2444 917 2507 ad
940 2443 1007 2506 Dei
1026 2445 1180 2523 gloriam
1201 2454 1335 2524 narrat,
1358 2457 1392 2508 et
1412 2447 1500 2526 opti·

264 2568 362 2614 mam
376 2568 499 2614 eorum
513 2553 627 2615 vitam
642 2551 691 2614 ait
707 2549 845 2614 efficere
860 2560 899 2613 ut
912 2552 1031 2614 luceat
1045 2551 1147 2615 locus
1165 2553 1234 2631 ille,
1255 2561 1290 2616 et
1306 2553 1400 2616 hanc
1422 2571 1501 2618 esse

265 2657 444 2740 publicam
459 2659 641 2723 hominum
655 2674 782 2721 vocem
796 2656 819 2721 '.

326 2765 397 2829 243.
441 2766 626 2829 Venerunt
645 2765 714 2829 hoc
740 2774 911 2829 autumno
934 2776 1122 2845 magnates
1141 2785 1213 2839 non
1237 2770 1341 2847 pauci
1362 2770 1408 2833 ad
1422 2786 1502 2832 san·

264 2883 363 2936 ctam
377 2874 533 2952 domum,
548 2871 641 2935 inter
655 2890 744 2953 quos
757 2871 823 2935 fuit
845 2871 1046 2936 Cardinalis
1071 2872 1196 2937 Urbini
1210 2873 1232 2953 ³,
1259 2892 1365 2955 quem
1385 2876 1502 2939 nostri

264 2980 482 3059 inviserant;
504 2989 634 3044 etcum
649 2982 812 3058 eclogam
826 2981 1018 3059 quamdam
1032 2982 1075 3045 de
1090 2981 1190 3045 sestis
1212 2983 1382 3047 natalitiis
1398 2984 1500 3066 (quae

262 3098 350 3175 tunc
364 3088 504 3151 vicinae
515 3089 629 3167 erant)
645 3104 768 3151 coram
781 3088 859 3168 ipso
885 3088 1088 3167 recitarent,
1117 3098 1302 3169 tantopere
1327 3089 1393 3154 fuit
1409 3092 1498 3156 dele·

260 3206 392 3274 ctatuS,
406 3205 444 3258 ut
459 3195 603 3258 omnino
619 3192 694 3276 ejus
709 3195 914 3274 exemplum
928 3194 1060 3258 habere
1076 3196 1238 3260 voluerit.

323 3302 394 3365 244.
438 3300 538 3365 Uxor
553 3300 661 3365 etiam
674 3299 748 3363 Del
762 3300 979 3364 Ferdinandi
997 3300 1040 3363 de
1058 3300 1231 3381 Gonzaga
1245 3301 1256 3333 ⁴
1272 3321 1352 3367 cum
1372 3306 1500 3385 primo·

260 3410 384 3489 genito
398 3426 462 3472 suo
478 3408 621 3472 Rectori
637 3406 800 3471 confessa
817 3417 883 3487 est;
899 3417 935 3470 et
949 3407 1047 3471 abeo
1061 3409 1219 3472 obtinere
1231 3411 1372 3474 omnino
1386 3411 1499 3475 voluit

259 3518 436 3580 rationem
451 3516 547 3578 vitae
561 3515 650 3579 bene
666 3514 912 3592 instituendae3
929 3523 964 3577 et
976 3515 1088 3578 voluit
1103 3516 1147 3579 ab
1162 3534 1204 3579 eo
1225 3518 1497 3597 promissionem

259 3624 419 3702 exigere,
435 3622 529 3703 quod
543 3622 657 3702 ipsam
672 3622 708 3685 in
722 3620 830 3684 filiam
844 3620 1065 3701 spiritualem
1080 3622 1292 3703 admitteret,
1316 3635 1351 3688 et
1367 3627 1498 3705 princi-

261 3748 346 3812 pem
361 3728 435 3809 ejus
450 3729 570 3807 filium,
588 3730 648 3809 qui
663 3729 776 3792 eidem
792 3738 869 3792 erat
884 3728 1078 3793 confessus.

273 3906 488 3915 -ῤ--α

304 4007 313 4041 ¹
342 4008 409 4052 Vide
420 4007 541 4052 Otn'xtru
550 4004 672 4050 Marcam
684 4004 724 4050 De
732 4008 813 4050 rebus
821 4006 965 4051 societatis
972 4008 1040 4063 Jesu
1048 4008 1275 4053 Cornmentarr'um
1287 4022 1343 4065 cap.
1353 4023 1387 4065 rx,
1397 4011 1412 4065 ,41
1422 4012 1447 4054 19
1458 4012 1494 4057 24.

303 4080 315 4112 ¹
342 4078 398 4123 Hoc
408 4078 585 4123 testimonium
596 4089 642 4122 uec
652 4087 772 4122 recenset
781 4079 850 4122 inter
861 4080 915 4123 alla
926 4079 954 4122 P.
965 4079 1037 4133 Plan,
1048 4082 1065 4125 l.
1077 4092 1107 4133 c.,
1117 4092 1164 4124 nec
1176 4092 1221 4124 nos
1238 4081 1357 4127 vldlmas.

302 4152 314 4183 ³
340 4149 424 4203 Julius
433 4150 523 4194 Feltre
531 4150 562 4193 de
571 4152 599 4193 la
609 4149 721 4204 Rorere,
732 4149 899 4199 Guidobaldl.
908 4150 1001 4195 Urblnl
1012 4151 1100 4207 Ducis,
1111 4152 1323 4199 luten-“vente
1340 4162 1366 4199 et
1382 4158 1498 4211 peregrl-

257 4233 352 4266 norum
362 4233 433 4266 more
442 4222 521 4276 pedes
531 4221 628 4265 lllmus.
639 4219 785 4265 cardimus
796 4220 916 4265 Urbinas.
926 4221 1009 4265 irater
1025 4221 1104 4266 Ducis
1119 4222 1265 4275 Urbinatls,
1285 4226 1411 4269 ecclesiae
1426 4224 1497 4270 Lau·

258 4300 370 4338 retente
381 4300 523 4347 protector,
534 4304 593 4336 cum
603 4302 696 4346 magno
706 4292 838 4345 comitatu,
851 4299 967 4347 tempore
978 4293 1201 4347 quadragesimae,
1211 4296 1253 4349 qul
1263 4297 1346 4340 locum
1355 4299 1494 4343 exornavit

257 4365 408 4411 muneribus
417 4366 508 4412 sacris.
519 4374 647 4418 paupere·
656 4365 828 4419 elcemosynls
838 4364 920 4408 varils
932 4364 1032 4417 reiecit,
1045 4367 1166 4420 populum
1176 4365 1325 4411 uuiversum
1336 4381 1384 4413 sua
1398 4371 1496 4424 pietate

255 4445 287 4483 et
297 4448 360 4481 suae
370 4438 447 4481 aulae
456 4435 594 4490 disciplina
604 4448 634 4479 ac
645 4436 771 4479 modestia
782 4436 808 4479 in
819 4435 928 4480 Domino
940 4435 1263 4493 aedificavit.,0c1vxurus
1274 4438 1424 4495 Marianus,
1436 4444 1453 4487 l.
1464 4454 1495 4495 c.,

303 4582 314 4612 ⁴
341 4578 467 4623 “isabella
477 4579 511 4622 da
521 4578 635 4632 Capena,
640 4578 717 4623 unica
725 4579 840 4634 figliuola
845 4581 887 4624 del
896 4580 970 4624 Duca
979 4581 1004 4625 dl
1012 4581 1153 4637 Thermoll,
1164 4583 1329 4640 Prlnclpessa
1337 4587 1362 4630 dl
1370 4586 1496 4641 Molletta,

257 4652 349 4695 donna
358 4656 519 4695 certamente
528 4651 623 4705 engela
632 4662 646 4694 e
656 4653 736 4695 molto
747 4653 891 4704 valorosa,
902 4653 1021 4698 Atroxso
1037 4654 1134 4708 Uenox,
1157 4655 1217 4699 Vita
1236 4658 1280 4702 del
1295 4658 1498 4703 valorosisslmo

262 4724 324 4769 Don
334 4722 469 4767 Ferrante
481 4722 615 4777 Gonnaga.
