3717 5400
389 483 444 543 228
847 483 974 544 Canon.
996 484 1072 542 Soc.
1095 484 1164 557 Jss.

392 631 600 710 quibusdam
626 629 825 709 magisterii
850 631 1010 693 lauream
1027 631 1134 710 paulo
1154 638 1237 692 ante
1256 637 1479 708 acceperant.
1496 629 1540 693 Et
1557 631 1626 696 alii

364 757 368 765 ’
390 739 490 801 brevi
506 737 551 799 ad
567 738 660 802 idern
675 737 915 801 sacerdotium
931 745 1033 800 erant
1051 735 1295 816 promovendi,
1318 746 1367 814 ut,
1390 736 1617 816 quemadmo-

389 845 473 908 dum
488 845 719 908 concionibus
732 844 911 907 vacabant
930 841 951 923 ¹,
966 843 1016 906 ita
1027 843 1308 908 sacerdotalibus
1318 843 1522 907 ministeriis
1533 862 1616 924 pro·

389 952 491 1017 desse
505 952 678 1032 proximis
692 960 846 1032 possent.

448 1057 520 1120 657.
564 1058 851 1122 Concionabatur
875 1058 999 1139 primis
1020 1057 1199 1122 mensibus
1218 1056 1321 1137 hujus
1346 1058 1430 1120 anni
1453 1057 1614 1122 Viennae

387 1164 426 1228 P.
444 1165 609 1229 Canisius
624 1167 661 1228 in
675 1183 812 1228 summo
827 1166 969 1245 templO,
985 1164 1091 1228 Pater
1105 1181 1193 1228 vero
1208 1163 1403 1247 Gaudanus
1418 1165 1477 1227 ’in
1490 1176 1617 1229 nostro

387 1272 572 1336 dominicis
589 1291 631 1335 ac
646 1272 747 1336 festis
762 1271 896 1352 diebuS,
921 1279 1069 1350 uterque
1090 1271 1296 1351 germanice
1318 1280 1352 1334 et
1374 1273 1462 1334 satis
1482 1271 1614 1336 foelici-

385 1390 450 1442 ter.
467 1378 540 1444 Alii
555 1391 675 1443 autem
686 1398 731 1442 ex
743 1379 876 1442 nostris
887 1378 1057 1442 fratribus
1068 1378 1345 1458 praedicationis
1356 1379 1474 1458 gratia
1486 1380 1531 1442 ad
1542 1381 1613 1443 alia

384 1488 486 1550 varia
503 1489 632 1568 templa
648 1487 852 1566 frequenter
866 1487 1149 1567 postulabantur,
1165 1503 1322 1566 quorum
1330 1487 1521 1550 conciones
1534 1504 1614 1567 per-

385 1604 510 1674 gratas
536 1612 615 1658 esse
640 1595 783 1675 popul0,
810 1594 1011 1657 auditorum
1036 1592 1150 1673 major
1170 1593 1380 1672 frequentia,
1404 1595 1551 1657 attentio
1578 1603 1614 1658 et

386 1703 588 1765 constantia
603 1701 708 1765 facile
724 1702 909 1781 arguebat.
1144 1712 1148 1717 ·

442 1807 513 1871 658.
557 1809 597 1872 In
612 1808 766 1889 quadam
781 1818 899 1872 autem
915 1808 1194 1888 congregatione
1208 1824 1405 1887 pauperum
1420 1806 1443 1887 ⁸,
1460 1808 1520 1870 ubi
1531 1826 1617 1871 cen*

383 1927 459 1980 tum
474 1925 508 1978 et
523 1933 566 1979 eo
582 1916 733 1996 amplius
745 1925 857 1994 erant,
871 1915 1072 1996 exponebat
1082 1914 1119 1977 P.
1133 1913 1329 1978 Gaudanus
1340 1915 1526 1978 dominicis
1538 1915 1610 1977 die·

381 2024 446 2086 bus
457 2033 539 2103 post
550 2023 733 2086 meridiem
744 2023 976 2085 christianam
985 2021 1196 2085 doctrinam.
1208 2022 1350 2085 Eisdem
1358 2022 1476 2099 etiam,
1489 2039 1611 2085 corra-

381 2130 430 2193 sis
442 2130 525 2193 hinc
538 2129 618 2193 inde
630 2130 876 2208 eleemosynis
890 2129 934 2193 de
946 2129 1102 2192 vestibus
1110 2128 1324 2192 necessariis
1334 2127 1555 2208 providebat.
1568 2129 1610 2192 In

381 2237 466 2300 anni
480 2252 685 2316 progressu,
702 2237 807 2299 solito
824 2235 937 2315 major
951 2237 1072 2316 populi
1087 2235 1285 2316 frequentia
1305 2235 1445 2298 Patrem
1466 2233 1617 2299 Gauda*

379 2361 464 2407 num
479 2345 514 2406 in
530 2347 660 2424 templo
676 2353 798 2406 nostro
814 2343 989 2406 audiebat.
1004 2342 1186 2421 Quosdam
1197 2352 1316 2406 tamen
1327 2343 1419 2405 inter
1430 2342 1518 2406 alios
1529 2343 1608 2405 solo

381 2451 622 2514 calumniandi
638 2451 755 2514 studio
770 2451 942 2513 accedere
957 2451 1044 2513 satis
1059 2450 1258 2523 constabat,
1274 2467 1354 2513 curn
1364 2450 1612 2529 eorumimpa-

379 2557 472 2620 tiens
486 2557 586 2620 furor
601 2559 724 2620 eodem
739 2558 775 2620 in
791 2559 869 2619 loco
886 2556 931 2619 ad
952 2557 1310 2619 obmurmurationem
1327 2573 1388 2619 eos
1403 2557 1607 2637 adduceret;

379 2663 440 2727 sed
455 2664 493 2728 bi
508 2665 615 2745 pauci
631 2673 752 2744 erant;
769 2681 851 2727 nam
867 2665 902 2727 in
918 2664 1136 2742 universum,
1153 2680 1232 2727 curn
1248 2663 1356 2728 animi
1368 2664 1606 2728 commotione

378 2781 412 2834 et
424 2772 541 2835 fructu
554 2774 669 2851 ipsum
681 2772 797 2835 audiri
808 2781 1033 2863 erumpentes
1045 2790 1090 2834 ex
1099 2773 1289 2833 multorum
1300 2772 1412 2834 oculis
1422 2773 1607 2851 lacrymae

378 2891 412 2942 et
427 2880 580 2959 suspiria
596 2880 682 2942 satis
697 2879 929 2941 testabantur.

436 2986 507 3049 659.
553 2986 631 3066 Ipse
647 2988 753 3049 etiam
768 2985 805 3048 P.
829 2988 1009 3065 Lanoyus,
1035 2986 1117 3047 licet
1136 2985 1254 3047 multis
1276 2985 1373 3048 curis
1394 2994 1429 3049 et
1448 2986 1606 3066 negotiis

376 3094 568 3172 districtus
597 3092 832 3156 Germanicae
857 3094 1000 3172 linguae
1025 3091 1269 3154 difficultatem
1296 3109 1466 3171 superare
1495 3093 1605 3174 (quod

376 3201 444 3282 ipsi
458 3202 562 3279 longe
578 3200 791 3263 laboriosius
810 3209 897 3273 erat,
922 3198 1023 3277 cujus
1037 3198 1169 3261 idioma
1182 3200 1415 3262 vernaculum
1433 3200 1604 3279 gallicum

374 3308 440 3371 fuit
454 3304 476 3386 ⁴,
493 3324 599 3387 quam
614 3307 694 3369 aliis
709 3306 834 3386 quibus
849 3305 1061 3369 flandricum
1072 3307 1160 3380 erat)
1173 3306 1290 3368 studio
1302 3315 1337 3368 et
1348 3308 1608 3372 exercitatione

374 3414 570 3492 nitebatur;
587 3413 687 3493 cujus
702 3415 902 3493 exemplum
917 3423 952 3475 et
964 3413 1024 3475 alii
1036 3412 1284 3492 sequebantur,
1297 3421 1336 3475 ut
1347 3415 1472 3477 saltem
1483 3414 1519 3477 in
1530 3416 1603 3478 col·

374 3521 502 3601 loquiis
517 3530 550 3584 et
566 3520 857 3598 confessionibus,
880 3520 943 3599 eis,
958 3519 1016 3599 qui
1032 3530 1168 3582 tantum
1182 3520 1425 3599 germanicam
1439 3520 1600 3600 linguam

375 3628 553 3707 tenebant,
570 3628 740 3708 prodesse
756 3636 911 3707 possent.

429 3733 501 3797 660.
545 3733 740 3798 Crescebat
753 3736 861 3797 etiam
877 3734 922 3796 ad
938 3734 1058 3795 divina
1074 3733 1263 3797 Missarum
1280 3732 1456 3797 sacrificia
1477 3736 1599 3815 populi

367 4094 414 4128 nos
423 4083 472 4137 est]
482 4082 500 4127 f.
509 4082 573 4125 359.ι
583 4084 596 4111 *
608 4081 670 4125 Cod.
679 4081 798 4126 “Initium
809 4086 835 4124 et
847 4081 1003 4135 Progressus
1015 4079 1123 4134 collegii
1133 4081 1192 4125 Soc.
1202 4080 1263 4133 Jesn
1273 4079 1457 4136 Oculpontanl„
1468 4081 1498 4125 Ρ.
1516 4093 1532 4136 r,
1543 4094 1567 4138 p.
1578 4085 1601 4128 t.

368 4154 529 4208 [Oedipum.
541 4154 566 4197 ln
577 4164 682 4196 musaeo
692 4152 880 4206 Ferdinandeo,
891 4152 959 4197 Bibl.
970 4152 1050 4197 Tlrol.
1061 4158 1242 4205 tom.ccxxxu,
1253 4150 1604 4209 n.5⁹6])*.,Buauusasuesu,

369 4226 435 4279 ibid,
444 4236 505 4280 pag.
514 4225 563 4279 850,
574 4232 665 4269 annot.
680 4227 698 4277 1,
708 4232 735 4267 et
746 4236 807 4279 pag.
817 4224 864 4277 399,
876 4230 964 4268 annot.
974 4224 994 4269 2.

409 4298 418 4330 ¹
448 4298 515 4340 Vide
525 4309 613 4352 supra,
624 4308 646 4341 t.
659 4308 696 4350 iv,
706 4308 766 4351 pag.
777 4298 825 4352 att,
836 4309 860 4341 n.
871 4296 919 4351 530,
932 4303 957 4340 et
969 4297 1019 4347 bic,
1030 4308 1055 4340 n.
1065 4307 1122 4350 seq.

408 4368 420 4400 ¹
450 4366 774 4412 atticenuseauuanus.

408 4442 419 4473 ³
446 4438 475 4483 ln
486 4439 656 4494 autographis
666 4438 762 4483 Erardi
782 4438 896 4483 Danant
911 4438 1041 4493 litteris,e
1056 4438 1149 4493 qulbus
1157 4439 1224 4483 baec
1239 4439 1393 4494 deprompta
1406 4447 1476 4494 aaut,
1489 4442 1607 4496 legimus

368 4512 401 4557 In
412 4514 501 4555 monte
511 4513 599 4563 aurio,
609 4514 636 4553 ut
647 4513 780 4563 vocant...,·
790 4511 834 4554 sed
845 4521 937 4554 vocem
948 4512 1035 4563 aurio,
1044 4510 1105 4564 qula
1112 4509 1207 4555 attrita
1215 4510 1310 4555 charta
1317 4517 1366 4564 est,
1372 4511 1521 4557 dubitantes
1528 4520 1603 4557 trun·

365 4582 516 4637 scripsimus
524 4583 550 4627 in
560 4580 681 4625 Litterae
691 4582 921 4635 Quadrimestres,
930 4588 949 4623 t.
960 4592 997 4635 nr,
1008 4593 1068 4635 pag.
1084 4582 1132 4626 211.
1147 4581 1219 4625 idem
1233 4582 1354 4627 fortassis
1364 4584 1460 4627 accidit
1470 4584 1583 4629 Polanco
1590 4616 1601 4638 ,

363 4655 425 4699 dnm
435 4653 482 4697 has
493 4654 563 4707 ipsas
573 4654 676 4697 litteras
685 4654 758 4707 legit,
769 4654 876 4705 ideoque
887 4654 999 4707 scripsit:
1011 4653 1042 4695 In
1052 4653 1170 4706 quadam
1178 4656 1384 4708 congregatione
1392 4660 1555 4709 pauperum.

406 4728 418 4759 ὁ
444 4724 528 4769 Natus
539 4726 560 4767 is
570 4734 628 4768 erat
639 4724 732 4767 Insulls
749 4724 849 4777 (Lilia).
