3717 5400
787 498 851 556 An.
873 497 944 556 155⁶>
1429 493 1484 556 123

244 647 321 711 lum
341 647 386 710 ad
409 647 594 710 consilium
617 664 698 710 eum
719 647 919 724 adhibebat,
944 643 1006 708 sed
1026 644 1071 708 ad
1091 661 1148 708 res
1167 642 1394 723 exequendas
1412 659 1480 722 pro

242 755 395 818 dextero
410 754 557 817 brachio
573 771 654 817 eum
674 753 826 816 habebat
847 752 868 816 ¹.
889 753 992 815 Initio
1008 752 1112 832 hujus
1132 751 1216 814 anni
1236 751 1281 814 ad
1301 750 1479 812 visitatio·

244 879 330 924 nem
344 863 570 942 episcopatus
585 862 706 940 egredi
721 879 801 924 eum
820 862 987 940 oportuit,
1005 870 1040 922 et
1058 875 1227 938 magnam
1241 858 1363 920 habuit
1377 873 1480 920 occa·

243 971 385 1033 sionem
399 968 637 1049 compatiendi
651 979 728 1032 tum
741 978 938 1049 pastorum,
955 977 1029 1030 tum
1045 966 1153 1029 etiam
1169 965 1290 1027 ovium
1310 965 1482 1042 ignoran-

244 1079 319 1140 tiae
334 1086 367 1140 et
383 1094 523 1140 morum
540 1077 779 1156 perversitati,
801 1075 927 1156 quibus
949 1074 1144 1137 remedium
1158 1072 1253 1152 quod
1271 1072 1386 1150 potuit
1406 1069 1482 1133 dili·

244 1197 375 1264 genter
400 1185 569 1260 adhibuit,
593 1184 659 1246 hos
681 1183 868 1260 monendo,
889 1184 968 1244 illos
990 1181 1192 1260 dirigend0,
1213 1179 1282 1242 illis
1305 1179 1478 1242 rationem

245 1302 344 1354 recte
359 1291 504 1355 vivendi
519 1309 562 1353 ac
577 1290 792 1370 procedendi
806 1289 1093 1370 praescribendo,
1109 1288 1237 1366 impios
1253 1287 1360 1350 etiam
1375 1304 1418 1350 ac
1430 1286 1481 1348 fa-

243 1400 432 1462 cinorosos
462 1399 535 1461 suis
561 1398 764 1460 muneribus
788 1398 924 1476 privari
949 1404 1008 1459 aut
1030 1395 1137 1458 etiam
1161 1395 1280 1458 notari
1303 1394 1474 1458 curando.

244 1507 448 1571 Conciones
460 1506 611 1567 habebat
624 1504 837 1583 frequentes,
852 1504 978 1584 quibus
990 1503 1177 1566 universos
1193 1520 1215 1564 a
1229 1501 1326 1564 vitiis
1339 1510 1373 1564 et
1383 1519 1479 1564 erro·

246 1613 347 1675 ribus
360 1621 560 1688 revocaret,
575 1623 610 1674 et
621 1611 666 1674 ad
678 1612 790 1674 vitam
802 1611 1006 1674 christianis
1022 1609 1167 1689 dignam
1179 1609 1336 1671 excitare
1349 1608 1480 1670 niteba-

245 1729 316 1782 tur.
334 1719 490 1782 Curabat
505 1719 613 1782 etiam
628 1736 718 1798 quae
734 1719 780 1780 ad
794 1718 1042 1780 sanctissimae
1053 1715 1301 1778 Eucharistiae
1317 1715 1477 1778 sacraria

244 1837 281 1888 et
296 1827 342 1889 ad
356 1827 538 1888 decentem
554 1825 622 1888 Dei
637 1827 770 1888 cultum
785 1833 821 1886 et
836 1841 938 1886 usum
953 1823 1187 1902 pertinebant.
1206 1821 1352 1900 Templa
1368 1821 1477 1884 semel

245 1934 364 1996 diruta
378 1931 622 2010 instauranda,
639 1942 674 1994 et
688 1932 869 1994 immunda
883 1932 929 1992 ad
945 1931 1109 1994 decorem
1121 1938 1156 1991 et
1168 1928 1365 1990 decentiam
1376 1927 1478 1992 redu-

243 2041 291 2116 ci,
308 2039 481 2102 studebat.

306 2145 377 2209 342.
422 2147 490 2210 Ubi
504 2146 608 2209 rediit
622 2165 667 2209 ex
682 2148 750 2209 hac
765 2147 974 2209 lustratione
990 2145 1172 2224 dioecesis,
1190 2147 1405 2225 Episcopum
1420 2161 1478 2208 co·

245 2253 367 2316 mitari
381 2254 512 2332 debuit,
529 2254 638 2333 quiet
653 2254 727 2334 ipse
743 2269 855 2334 pagos
871 2264 903 2316 et
920 2253 1050 2332 oppida
1063 2253 1141 2316 urbi
1155 2254 1317 2333 proxima
1329 2253 1478 2316 circum-

245 2361 321 2438 ivit,
347 2370 383 2423 et
407 2363 528 2424 utilem
552 2362 586 2424 ei
610 2379 757 2440 operam
777 2362 814 2424 in
835 2363 958 2440 gregis
982 2361 1125 2425 Domini
1145 2372 1178 2424 et
1198 2373 1380 2440 pastorum
1401 2358 1477 2439 ejus

244 2484 399 2531 censura
424 2468 604 2548 praebuit;
627 2479 661 2531 et
682 2485 804 2530 coram
825 2469 902 2548 ipso
921 2469 1110 2549 Episcopo,
1133 2469 1178 2531 ad
1202 2469 1371 2548 populum
1396 2485 1478 2530 con-

243 2575 466 2648 cionabatur,
483 2585 518 2637 et
532 2577 639 2654 longe
653 2575 766 2655 ipsius
778 2575 948 2655 Episcopi
963 2577 1248 2655 expectationem
1263 2575 1299 2638 in
1319 2575 1386 2637 hoc
1402 2592 1475 2637 mu·

243 2700 329 2744 nere
353 2682 550 2763 superavit.
576 2681 738 2747 Secundo
759 2683 803 2746 ad
829 2683 1067 2747 visitationem
1090 2682 1262 2746 dioecesis
1287 2681 1354 2746 hoc
1382 2699 1476 2745 anno

240 2787 425 2869 proiectus
439 2799 493 2852 est
507 2790 675 2870 Episcopi
689 2790 843 2869 hortatu,
861 2808 943 2853 nam
960 2792 994 2853 in
1010 2791 1196 2871 paroeciis,
1211 2791 1475 2853 examinatione

240 2904 279 2959 et
295 2897 531 2976 parochorum
547 2914 590 2960 ac
605 2898 746 2960 aedium
757 2914 953 2974 sacrarum,
968 2896 1043 2978 ejus
1055 2898 1264 2961 industriam
1278 2898 1382 2961 valde
1394 2916 1473 2977 pro·

241 3004 364 3066 batam
379 3003 543 3066 habebat.
559 3003 697 3067 Invenit
719 3014 838 3067 autem
854 3006 984 3086 templa
1001 3022 1071 3067 non
1093 3006 1208 3067 solum
1225 3004 1419 3082 immunda,
1441 3014 1476 3068 et

241 3110 449 3173 decentibus
473 3112 692 3174 ornamentis
716 3112 762 3173 ad
787 3111 853 3174 Dei
873 3114 1007 3175 cultum
1029 3113 1181 3191 privata,
1206 3112 1268 3175 sed
1293 3113 1424 3175 vitiosa
1440 3121 1475 3175 et

243 3216 469 3280 labefactata.
479 3216 524 3281 Et
534 3218 569 3280 in
581 3219 700 3281 multis
711 3220 937 3281 sanctissima
946 3220 1172 3283 Eucharistia
1184 3237 1254 3282 non
1267 3220 1474 3282 asservaba-

240 3333 312 3386 tur.
329 3322 478 3387 Curavit
493 3325 612 3405 itaque
627 3334 665 3387 ut
679 3325 769 3387 haec
784 3326 902 3389 omnia
919 3326 1153 3404 incommoda,
1171 3328 1229 3389 vel
1244 3326 1476 3390 aedificandis

239 3430 414 3504 ecclesiis
432 3434 488 3493 vel
510 3433 615 3495 rebus
635 3434 848 3496 necessariis
870 3434 1051 3513 ornandis
1075 3433 1268 3497 remedium
1288 3434 1471 3498 haberent.

302 3536 373 3601 343.
416 3538 561 3601 Plurimi
576 3540 792 3615 sacerdotes,
817 3538 891 3618 ejus
907 3558 1016 3620 opera
1038 3544 1072 3603 et
1095 3542 1254 3615 consilia,
1281 3542 1475 3605 animuma

240 3644 339 3706 vitiis
353 3645 578 3723 gravissimis
592 3646 637 3708 ad
653 3647 794 3725 pietatis
809 3647 924 3709 studia
946 3650 1211 3725 transtulerunt,
1229 3648 1359 3710 caeteri
1376 3648 1473 3727 polli-

239 3751 305 3813 citi
319 3762 400 3815 sunt
416 3752 451 3813 in
466 3752 564 3815 viam
579 3750 729 3834 [salutis]
745 3770 784 3815 se
795 3753 981 3817 redituros.
996 3754 1153 3817 Fuerunt
1165 3755 1324 3817 nonnulli
1336 3765 1409 3817 tam
1421 3770 1472 3817 se·

241 3858 297 3920 rio
312 3858 526 3938 compuncti,
546 3868 584 3920 ut
602 3858 695 3921 inter
715 3860 989 3924 sacrificandum
1012 3862 1188 3924 uberrime
1202 3860 1338 3939 lienteS,
1362 3879 1382 3922 a
1398 3862 1474 3925 suis

239 3964 418 4048 paroeciis
432 3968 574 4028 veniam
590 3967 644 4028 sui
659 3968 751 4029 male
764 3967 857 4047 gesti
873 3968 1029 4030 muneris
1045 3968 1222 4031 humiliter
1244 3977 1416 4048 peterent.

300 4070 372 4134 344.
414 4072 609 4151 Explorata
624 4083 743 4137 autem
757 4084 793 4136 et
808 4091 947 4137 morum
958 4074 1276 4154 perditissimorum
1286 4074 1426 4137 ratione
1438 4085 1473 4139 et

239 4179 347 4241 modo
372 4177 447 4259 eJus
471 4179 558 4242 cleri
583 4178 811 4259 reformandi,
839 4182 957 4244 omnia
983 4181 1029 4244 ad
1048 4180 1264 4261 Episcopum
1284 4181 1413 4260 retulit,
1436 4192 1471 4245 et

237 4286 415 4364 quaedam
430 4295 621 4366 praecepta
636 4297 671 4349 et
685 4288 847 4350 instituta
862 4289 908 4351 ad
929 4288 1157 4352 sacerdotum
1180 4287 1470 4352 reformationem
1527 4372 1530 4379 .

237 4390 418 4472 Episcopo
442 4392 577 4471 obtulit,
603 4394 661 4457 cui
686 4395 804 4457 omnia
829 4396 1057 4460 vehementer
1082 4397 1232 4477 probata
1253 4395 1406 4459 suerunt.
1424 4397 1471 4461 Ut

237 4506 358 4562 autem
381 4497 583 4578 hujusmodi
606 4500 845 4565 institutiones
869 4502 1164 4582 observarentur,
1191 4502 1303 4567 creati
1328 4504 1471 4567 suntin

282 4740 290 4772 ¹
320 4738 387 4782 Vide
398 4752 477 4794 supra
496 4747 517 4785 t.
526 4753 562 4797 ιν,
578 4753 638 4796 pag.
650 4743 696 4796 ill,
708 4756 732 4785 n.
741 4744 792 4787 212.
