3717 5400
384 487 444 554 bi2
581 542 583 550 ,
848 486 976 547 Canon.
997 485 1076 546 Soc.
1095 487 1165 560 Jus.

380 635 461 699 duo
483 631 632 714 gentiles
658 652 703 697 ex
724 633 780 696 his
801 651 890 716 quos·
915 631 1086 712 Gogues'
1108 643 1253 712 vocant,
1279 634 1412 698 similes
1435 635 1484 697 iili
1504 633 1615 706 Paulo

378 740 615 804 Ormuziensi
629 739 657 820 ¹;
674 741 736 804 sed
755 754 875 804 tamen
889 741 927 804 hi
943 741 1052 804 multo
1068 740 1253 820 peritiores
1268 753 1370 804 erant
1386 742 1460 819 iiio;
1478 741 1620 806 octode-

391 849 462 914 cim
476 849 616 928 linguas
630 857 816 911 noverant.
833 847 909 910 Hos
924 857 1043 911 autem
1057 845 1243 927 separatos
1257 864 1336 910 esse
1356 849 1468 912 voluit
1482 850 1518 912 in
1534 866 1623 928 pue-

391 973 512 1020 rorum
534 954 700 1020 indorum
719 955 835 1034 domo,
852 973 919 1018 nec
940 973 1020 1020 curn
1039 956 1209 1021 iratribus
1227 957 1361 1020 nostris
1382 966 1443 1019 aut
1464 955 1623 1021 externis

377 1131 379 1138 ,
392 1063 607 1127 commorari
621 1063 752 1127 Rector
767 1063 917 1128 sinebat.

453 1169 540 1234 1786.
584 1169 635 1234 Ibi
651 1179 768 1234 autem
779 1171 912 1252 aliquot
924 1170 1087 1234 cubicula
1099 1170 1318 1234 conficienda
1331 1169 1460 1233 Rector
1477 1171 1619 1235 curavit

391 1280 427 1342 in
442 1295 545 1342 usum
560 1272 907 1357 catechumenorum;
923 1289 958 1340 et
978 1279 1027 1342 ita
1046 1278 1083 1341 hi
1101 1277 1209 1360 Joghi
1228 1277 1485 1341 catechismum
1508 1276 1620 1342 disce·

391 1385 488 1474 bant,
516 1401 581 1448 nec
603 1385 702 1465 prius
727 1385 772 1448 ad
796 1385 1012 1464 baptismum
1036 1402 1098 1448 eos
1123 1385 1310 1448 admittere
1335 1384 1490 1461 volebat,
1516 1401 1625 1464 quam

391 1493 534 1573 optime,
552 1508 642 1572 quae
657 1491 738 1556 fidei
752 1501 897 1556 nostrae
912 1500 1043 1571 essent,
1065 1492 1319 1572 perdiscerent.

447 1598 535 1663 1787.
580 1598 710 1662 Paulus
731 1597 972 1662 Otmuziensis
995 1616 1041 1661 ex
1061 1597 1283 1678 Portugallia
1306 1597 1341 1659 in
1363 1596 1500 1662 Indiam
1518 1613 1626 1660 vene·

392 1716 447 1770 rat
473 1715 508 1770 et
532 1705 665 1769 nostris
690 1705 815 1768 crebro
841 1705 1090 1782 confitebatur;
1112 1705 1176 1770 sed
1195 1706 1232 1767 in
1256 1723 1299 1767 eo
1320 1722 1422 1768 amor
1447 1705 1621 1783 pecuniae

390 1813 521 1883 nimius
541 1812 752 1876 cernebatur
772 1821 807 1876 et
825 1813 905 1892 pius
926 1811 1014 1876 satis
1035 1810 1081 1878 ad
1099 1811 1298 1875 ducendam
1324 1829 1474 1875 uxorem
1493 1828 1616 1891 prope·

392 1917 531 1986 rabat³.

454 2024 542 2089 1788.
585 2025 874 2090 Concionabatut
889 2025 989 2090 Goae
999 2043 1065 2106 pro
1077 2043 1176 2089 more
1188 2043 1252 2089 suo
1264 2025 1302 2088 P.
1317 2024 1506 2088 Baithasar
1517 2022 1621 2101 Diaz,

391 2131 532 2209 Rector,
556 2142 630 2196 turn
653 2133 850 2210 dominicis,
873 2143 947 2197 tum
962 2133 1062 2196 iestis
1080 2132 1203 2196 diebus
1225 2133 1261 2196 in
1281 2133 1411 2212 templo
1431 2139 1568 2209 nostro,
1585 2141 1622 2194 et

392 2257 473 2302 cum
491 2239 667 2320 frequenti
687 2240 878 2304 admodum
897 2241 1079 2304 hominum
1101 2257 1277 2303 concursu
1297 2247 1332 2302 et
1358 2236 1618 2302 aedificatione.

391 2344 525 2410 Diebus
537 2347 706 2416 mercurii
719 2347 756 2410 in
771 2347 937 2427 hospitali
951 2345 1063 2426 Regio
1078 2345 1171 2409 idem
1187 2346 1402 2425 praestabat.

453 2453 541 2517 1789.
584 2453 662 2517 Hoc
677 2471 771 2517 anno
786 2454 823 2516 in
837 2453 995 2534 Collegio
1015 2453 1114 2516 Goae
1135 2462 1276 2516 centum
1291 2452 1476 2516 christiani
1494 2459 1530 2513 et
1550 2468 1623 2513 am·

390 2561 482 2641 plius
496 2563 664 2625 ¹instructi
684 2569 718 2624 et
735 2561 905 2642 baptizati
923 2560 1074 2638 fuerant,
1096 2560 1227 2641 partim
1244 2560 1470 2637 brachmani,
1491 2559 1624 2638 partim

376 2669 575 2737 chanarini
589 2666 611 2734 ⁴.
629 2669 702 2733 Alii
715 2668 823 2732 etiam
834 2667 1041 2749 Aethiopes
1058 2665 1189 2731 Persae
1204 2677 1238 2731 et
1258 2667 1408 2730 aliarum
1422 2665 1621 2744 nationum,

390 2776 449 2854 qui
465 2793 588 2839 omnes
603 2776 701 2855 prius
716 2776 903 2855 diligenter
915 2776 951 2839 in
966 2776 1161 2838 christiana
1174 2774 1336 2838 doctrina
1352 2774 1622 2849 exercebantur3

390 2884 484 2963 quod
500 2892 581 2947 ante
596 2883 682 2947 iliud
696 2895 835 2963 tempus
850 2884 886 2946 in
905 2881 1004 2947 India
1018 2900 1091 2945 non
1110 2883 1257 2963 perinde
1272 2882 1460 2960 diligenter
1481 2881 1526 2944 ab
1542 2880 1624 2945 aliis

389 2990 566 3070 religiosis
590 2994 648 3055 vei
663 2992 905 3055 saecularibus
924 2990 1046 3065 fiebat,
1068 3000 1103 3053 et
1123 2990 1171 3052 ita
1192 2988 1237 3053 ad
1257 2990 1430 3053 vomitum
1450 2988 1550 3052 multi
1569 3005 1624 3052 re·

390 3096 522 3160 dibant.
827 3152 831 3163 .

453 3204 541 3269 1790.
584 3206 860 3286 Excipiebantur
873 3221 960 3283 ergo
979 3205 1133 3286 hospitio
1153 3206 1212 3285 qui
1228 3203 1274 3267 ad
1292 3204 1397 3268 fidem
1418 3202 1550 3267 Christi
1565 3220 1622 3269 ac·

372 3311 516 3380 cedere
534 3313 716 3391 volebant,
739 3323 773 3375 et
788 3313 877 3376 duos
892 3314 950 3375 vel
969 3322 1043 3375 tres
1062 3329 1202 3375 menses
1219 3313 1255 3376 in
1274 3321 1374 3392 parte
1394 3310 1548 3391 quadarn
1563 3310 1624 3398 do-

389 3436 479 3497 mus,
501 3436 607 3499 quam
627 3418 884 3484 aedificandam
899 3420 1047 3500 ipsemet
1062 3419 1194 3485 Rector
1209 3429 1412 3496 curaverat,
1434 3415 1624 3496 conjuncta

389 3544 470 3589 cum
490 3526 648 3607 Collegio
670 3544 874 3608 puerorum,
895 3527 1184 3603 instituebantur,
1209 3546 1251 3589 ac
1267 3526 1394 3590 deinde
1409 3543 1489 3588 cum
1508 3523 1625 3604 profe·

388 3634 479 3697 cisse
494 3632 699 3699 viderentur
714 3643 884 3715 quantum
901 3634 989 3697 satis
1007 3644 1101 3697 esset
1122 3635 1158 3697 in
1178 3634 1340 3697 doctrina
1356 3632 1447 3709 fidei,
1465 3632 1624 3711 baptiza·

388 3730 528 3821 bantur,
538 3742 641 3822 juxta
652 3742 738 3806 iilud
749 3742 893 3805 Domini
904 3743 1166 3823 praescriptum
1180 3742 1315 3804 “docete
1325 3757 1449 3803 omnes
1459 3744 1626 3819 gentes„

389 3862 423 3913 et
439 3862 562 3930 postea
578 3851 695 3913 subdit
712 3849 959 3930 “baptizantes
974 3867 1066 3928 eos„.

451 3956 539 4020 1791.
585 3957 749 4021 Mulieres
764 3958 800 4021 in
821 3958 975 4037 quodam
992 3957 1169 4037 hospitali,
1197 3957 1292 4037 quod
1312 3956 1473 4034 Collegio
1497 3964 1624 4019 nostro

430 4235 437 4265 ¹
466 4234 572 4279 Rectius
581 4235 691 4287 Jorues.
700 4234 768 4279 inira
776 4234 865 4289 Jogiti.
874 4241 900 4278 et
913 4234 1016 4287 Giogui.

428 4306 440 4337 ⁸
467 4308 548 4352 Paulo
557 4308 670 4351 Saniidio
682 4308 726 4360 (rie
738 4307 822 4349 Sunia
834 4306 889 4361 Fe),
899 4306 931 4349 de
941 4306 1052 4361 quojam
1063 4306 1167 4360 saepius
1178 4307 1204 4349 in
1214 4307 1263 4350 hoc
1273 4306 1406 4350 Chronico.

426 4378 438 4411 ³
465 4380 628 4433 Videsupra,
639 4386 658 4422 t.
669 4390 706 4429 ιιι,
716 4390 775 4434 pag.
785 4378 833 4433 398,
846 4390 869 4421 n.
880 4378 928 4429 87&
940 4384 966 4421 et
977 4389 1035 4431 pag.
1044 4376 1092 4422 toa.
1104 4390 1128 4420 n.
1137 4377 1187 4427 90t;
1196 4386 1223 4421 et
1232 4384 1252 4421 t.
1263 4388 1298 4423 rr.
1309 4390 1369 4433 pag.
1379 4379 1427 4431 bii,
1438 4390 1463 4423 n.
1471 4376 1531 4421 trau.

429 4451 442 4483 ⁴
468 4450 519 4505 Sic;
536 4452 715 4495 existimamus
735 4458 822 4495 tamen
837 4452 884 4495 hos
900 4462 965 4500 esse,
982 4451 1024 4504 qui
1035 4450 1103 4501 apud
1120 4449 1213 4501 Pacis,
1228 4448 1335 4493 Lettres
1350 4450 1383 4493 de
1398 4450 1477 4493 saint
1493 4450 1627 4505 Francois

388 4522 498 4573 Xavier.
510 4524 553 4567 iib.
564 4536 591 4575 11,
602 4536 661 4577 pag.
674 4524 720 4577 1²3,
732 4524 900 4577 designantur
912 4534 976 4566 voce
992 4532 1131 4575 cacanars,
1140 4528 1167 4565 et
1183 4522 1251 4576 apud
1261 4521 1414 4574 Mtncnncn,
1431 4522 1525 4566 Sancti
1534 4522 1625 4566 Fran·

387 4595 455 4637 cisci
463 4595 586 4645 Xaverii,
596 4594 741 4638 indiarum
756 4594 886 4649 Apostoli,
900 4594 1088 4647 Epistularum
1099 4594 1144 4637 lib.
1154 4604 1173 4642 t.
1180 4593 1256 4646 epist.
1272 4604 1343 4645 xxix,
1359 4606 1419 4647 pag.
1430 4594 1478 4646 131,
1490 4592 1623 4640 eanum.

387 4666 426 4709 De
437 4678 486 4720 quo
497 4666 619 4710 Possrnus
629 4667 654 4710 in
673 4666 792 4710 Indicuio
806 4667 950 4719 exegetica,
959 4678 984 4720 p.
995 4676 1056 4717 txrt,
1067 4666 1113 4709 nit:
1125 4665 1259 4709 “Cantetur
1269 4666 1311 4709 hic
1324 4673 1476 4720 usurpatum
1488 4677 1583 4709 nomen
1597 4668 1624 4712 in

387 4739 439 4781 illis
449 4738 568 4792 partibus
578 4738 697 4792 designat
707 4738 721 4789 J
724 4738 823 4781 udicem
833 4736 966 4793 Maiorem,
976 4737 1160 4793 magistratum
1170 4738 1339 4783 auctoritatis
1348 4738 1402 4781 iilic
1413 4748 1546 4792 magnae...
