3717 5400
825 494 890 554 Art.
912 495 983 555 1555
1467 496 1519 557 119

275 640 359 721 ejus
372 639 527 704 familiae
549 641 816 721 antiquissimus
834 642 881 719 (et
900 651 1020 704 tamen
1039 659 1147 722 penes
1169 642 1452 722 antiquissimum
1476 661 1519 706 ea

281 747 479 812 auctoritas
494 767 516 811 a
531 757 701 812 testatore
715 748 921 811 Bendinello
942 747 1040 812 Sauli
1063 748 1070 779 ¹
1086 751 1211 812 relicta
1233 759 1322 828 erat,
1345 767 1426 813 cum
1442 749 1518 814 Col-

282 855 414 934 legium
430 854 515 918 illud
530 856 614 918 olim
627 855 762 920 institui
774 854 904 935 jussit),
920 874 991 918 non
1007 856 1123 918 solum
1137 874 1175 919 se
1187 873 1405 936 propensum
1420 857 1516 920 exhi-

281 962 399 1040 bebat,
427 961 488 1024 sed
513 963 597 1026 huic
621 961 818 1026 fundationi
841 960 1035 1042 adjungere
1057 963 1200 1025 volebat
1222 974 1401 1026 trecentos
1431 963 1521 1026 alios

284 1087 413 1132 aureos
427 1070 536 1132 annui
550 1070 696 1148 reditus;
713 1080 747 1133 et
761 1070 913 1147 interim,
932 1069 1015 1134 dum
1030 1070 1118 1132 haec
1136 1087 1217 1133 cum
1236 1070 1315 1133 aliis
1332 1069 1375 1132 de
1395 1071 1519 1134 eadem

283 1175 419 1238 familia
445 1177 704 1255 tractabantur,
732 1177 919 1240 architecti
943 1186 1102 1240 nostram
1122 1177 1266 1240 domum
1287 1175 1402 1238 denuo
1424 1177 1518 1239 vide·

283 1292 376 1359 runt,
398 1293 433 1345 et
454 1301 525 1344 non
545 1283 729 1345 imminere
751 1284 947 1362 periculum
969 1285 1104 1362 ruinae,
1126 1282 1337 1362 quibusdam
1360 1281 1518 1346 trabibus

281 1389 487 1468 suppositis,
505 1389 738 1452 affirmarunt.

342 1495 412 1559 330.
457 1496 511 1559 De
526 1496 685 1577 Collegio
700 1513 787 1576 ergo
802 1497 1022 1577 Charignani
1037 1499 1088 1562 sic
1103 1497 1140 1560 P.
1155 1496 1293 1561 Natalis
1304 1515 1385 1561 cum
1397 1497 1517 1560 Domi-

281 1605 339 1665 nis
353 1603 500 1666 Nicolao
515 1614 549 1666 et
564 1602 744 1684 Stephano
760 1603 857 1667 Sauli
873 1605 1018 1683 agebat,
1035 1616 1068 1667 et
1084 1605 1120 1668 in
1142 1623 1184 1667 eo
1210 1605 1402 1668 convenire
1422 1604 1517 1668 vide·

280 1710 423 1788 bantur,
441 1721 480 1773 ut
503 1712 651 1790 scilicet,
670 1711 956 1792 conjungeretur,
975 1723 1012 1775 ut
1028 1712 1193 1788 diximuS,
1208 1713 1341 1776 reditus
1360 1712 1418 1773 ille
1440 1709 1514 1774 Ste-

282 1817 392 1896 phani
402 1817 425 1894 ³,
442 1829 477 1879 et
491 1819 797 1898 septingentorum
813 1835 1011 1882 annuorum
1027 1819 1236 1881 ducatorum
1250 1817 1385 1881 reditus
1397 1835 1442 1880 ex
1454 1817 1510 1881 do·

277 1925 415 1985 ’tatione
439 1924 660 2004 Charignani
675 1925 936 2006 acciperentur;
964 1937 1001 1988 ut
1016 1927 1065 1988 ita
1082 1925 1175 1987 mille
1196 1924 1294 1987 aurei
1310 1924 1417 1986 annui
1433 1941 1515 1987 con·

280 2030 485 2094 dicerentur.

342 2137 414 2200 331.
457 2139 502 2202 Et
517 2149 555 2202 ut
569 2141 682 2204 nostri
707 2141 744 2203 in
763 2140 837 2203 suis
853 2139 983 2202 scholis
999 2155 1122 2202 curam
1138 2139 1311 2203 habereut
1332 2139 1517 2202 duodecim

282 2246 559 2323 capellanorum,
575 2248 634 2326 qui
646 2247 747 2327 juxta
759 2247 957 2310 fundatoris
970 2246 1211 2330 intentionem,
1225 2245 1354 2309 ibidem
1370 2263 1448 2308 esse
1460 2246 1517 2308 de·

281 2352 413 2414 bebant
433 2351 456 2431 ³,
480 2355 624 2417 domum
642 2356 750 2417 etiam
773 2366 807 2417 et
828 2355 971 2416 scholas
989 2353 1121 2416 nostris
1140 2353 1258 2416 daturi
1280 2362 1398 2429 erant;
1416 2363 1450 2416 et
1467 2353 1517 2415 in·

281 2459 408 2521 choari
430 2477 535 2538 posse
557 2461 742 2524 videbatur
769 2461 978 2540 Collegium,
1002 2469 1154 2540 quatuor
1174 2461 1282 2524 millia
1308 2461 1517 2524 ducatorum

280 2565 491 2645 accipiendo
507 2585 553 2629 ex
566 2568 773 2632 fundatione
792 2567 988 2647 praedicta,
1010 2569 1136 2648 quibus
1155 2576 1357 2630 emerentur
1379 2568 1513 2631 reditus

278 2671 476 2751 Bononiae,
493 2684 528 2737 et
541 2676 662 2738 statim
677 2675 871 2754 assignatis
886 2675 953 2737 illis
969 2675 1137 2739 trecentis
1151 2673 1195 2738 D.
1213 2673 1394 2755 Stephani,
1411 2691 1516 2755 posse

281 2778 479 2859 Collegium
499 2792 688 2861 expectare
713 2781 933 2862 aliquandiu,
951 2782 1063 2845 donec
1083 2800 1128 2845 ex
1148 2782 1319 2845 reditibus
1341 2782 1377 2845 in
1396 2793 1516 2846 monte

283 2884 344 2948 Sil
362 2886 508 2967 Georgii
523 2889 717 2967 collocatis,
741 2889 787 2951 ad
806 2890 900 2951 mille
922 2904 1050 2952 aureos
1073 2889 1180 2951 annui
1200 2888 1335 2952 reditus
1355 2890 1516 2953 fundatio

279 2995 454 3073 paulatim
464 3006 747 3074 promoveretur;
760 3006 795 3058 et
807 2997 852 3059 ad
863 2996 910 3074 id,
924 2995 1039 3059 Breve
1056 2996 1301 3075 Apostolicum
1312 2996 1516 3059 exhortato·

281 3100 808 3165 riumadiamiliamSaulorum
819 3102 1515 3182 mitticupiebantpraedictiamici3nam

281 3224 328 3269 ex
340 3218 491 3286 quatuor
506 3209 683 3289 capitibus
696 3208 913 3272 familiarum
927 3208 997 3271 tria
1012 3207 1115 3287 hujus
1133 3209 1458 3287 erantseutentiae,
1480 3220 1516 3272 et

276 3324 449 3393 quartum
461 3315 564 3377 facile
576 3314 704 3379 adduci
715 3332 821 3396 posse
832 3315 1037 3395 sperabant,
1048 3326 1081 3377 et
1093 3314 1161 3377 hoc
1173 3316 1208 3377 in
1220 3325 1316 3378 statu
1325 3314 1363 3376 P.
1377 3314 1515 3380 Natalis

281 3437 341 3482 res
356 3419 504 3500 Collegii
519 3420 718 3485 Genuensis
733 3422 885 3502 reliquit,
902 3438 985 3485 cum
1000 3420 1035 3483 in
1049 3420 1259 3501 Hispaniam
1274 3420 1514 3500 proficiscere-

279 3536 338 3589 tur
353 3527 418 3591 sub
434 3528 574 3591 initium
590 3528 675 3592 anni
689 3530 880 3608 sequentis.

341 3632 412 3697 332.
452 3636 497 3698 Et
518 3646 671 3716 quatuor
690 3638 747 3699 vel
768 3636 922 3716 quinque
945 3635 1068 3699 diebus
1089 3635 1305 3699 intellectum
1328 3647 1381 3698 est
1401 3654 1462 3699 eos
1477 3637 1515 3699 in

279 3738 493 3820 Hispaniam
508 3744 726 3823 pervenisse,
744 3743 955 3805 brevissima
971 3752 1005 3805 et
1019 3758 1191 3823 prospera
1206 3743 1439 3821 navigatione
1456 3760 1514 3805 ex·

280 3850 521 3927 pectationem
535 3853 679 3929 longam
695 3848 707 3881 ⁴
722 3850 997 3930 compensando.

343 3956 388 4018 Et
402 3956 576 4019 hactenus
591 3958 635 4020 de
649 3958 830 4021 Genuensi
844 3957 1016 4037 Collegio.

286 4088 498 4099 —--—-—.-

325 4162 331 4189 ¹
360 4158 526 4205 Bendinellus
534 4160 616 4214 Sauli,
627 4160 783 4206 Cardinelie.
794 4161 857 4216 Eius
866 4162 978 4216 elogium
990 4162 1055 4206 texit
1067 4162 1227 4217 Crnccourus,
1244 4161 1321 4206 Vim
1331 4164 1358 4205 et
1369 4164 1513 4215 resgestae

280 4230 454 4287 Pontificum,
462 4239 480 4276 t.
490 4243 517 4286 rr,
529 4245 589 4287 pag.
597 4234 657 4277 10⁶1.

319 4300 331 4335 θ
358 4302 463 4348 Scilicet
474 4305 582 4359 reditui,
594 4316 657 4360 quen
667 4306 763 4349 addere
772 4314 805 4348 ex
815 4315 861 4349 suo
871 4307 978 4349 volebat
990 4302 1138 4360 Stephanus
1149 4302 1219 4349 Stull
1229 4306 1308 4359 supra
1318 4302 1411 4348 dictus.

319 4373 331 4405 ³
359 4374 414 4419 Hoc
424 4382 473 4430 est,
483 4383 511 4420 ut
522 4378 604 4421 nostrl
613 4388 645 4421 ee
656 4378 743 4422 munia
752 4378 786 4421 lbi
795 4384 957 4429 exercerent.
965 4390 1030 4432 quae
1037 4378 1114 4433 juxta
1121 4376 1267 4421 lundateris
1277 4376 1454 4429 intentionem,
1466 4389 1513 4431 per

273 4446 413 4491 duodecim
420 4449 570 4503 capellanos
579 4450 640 4493 inibi
648 4448 792 4493 residentes
800 4450 917 4494 exerceri
925 4450 1063 4495 debebunt.
1071 4449 1139 4493 Vide
1147 4460 1236 4504 snpra,
1244 4453 1262 4492 t.
1273 4458 1310 4502 ur,
1319 4458 1378 4503 pag.
1387 4448 1422 4503 75,
1432 4460 1456 4493 n.
1466 4450 1512 4494 139.

318 4521 330 4552 ⁴
357 4517 424 4563 Vide
433 4531 523 4575 supra,
534 4534 594 4577 pag.
607 4521 652 4576 116,
664 4533 688 4566 n.
698 4522 747 4565 321.
