3717 5400
362 485 416 545 264
819 489 948 549 Cimon.
968 488 1046 548 Soc.
1067 491 1136 561 jes.

364 642 565 711 augustana
581 649 601 694 a
616 633 715 712 Rege
730 634 895 714 Angliae,
914 635 1086 715 Philippo,
1103 645 1292 715 evocatus,
1310 647 1346 700 et
1367 637 1464 717 prius
1485 637 1596 717 impe·-

364 749 519 802 ratorem
541 737 708 804 Carolum
732 741 913 805 invisurus
932 755 966 806 et
988 743 1193 824 aliquandiu
1215 760 1296 806 cum
1315 744 1392 823 ipso
1411 745 1448 807 in
1471 743 1601 822 Belgio

364 863 564 922 mansurus;
581 848 756 926 quisnam
773 865 918 929 operam
930 851 1062 913 nostris
1072 851 1197 914 obtulit
1209 851 1254 914 ad
1266 850 1502 914 Louaniensis
1515 851 1592 914 Col·

362 954 448 1028 legii
468 953 709 1017 fundationem
734 955 941 1019 curandam.
967 955 1147 1036 Diligebat
1168 959 1395 1021 vehementer
1417 967 1452 1020 et
1471 959 1593 1038 magni

364 1060 515 1122 faciebat
532 1060 674 1124 Patrem
690 1061 857 1138 Olavem,
881 1064 941 1142 qui
956 1064 988 1126 ei
1004 1062 1170 1143 Dilingae
1190 1064 1394 1144 aliquandiu
1413 1064 1592 1128 cohabita·

365 1179 467 1230 verat
485 1165 504 1229 ¹.
523 1167 678 1232 Allocuti
692 1169 797 1232 etiam
813 1169 953 1233 fuerant
971 1170 1212 1234 Romanorum
1228 1170 1382 1249 Regem,
1400 1172 1459 1251 qui
1473 1189 1519 1234 ex
1533 1188 1592 1234 no„

365 1285 521 1338 strorum
547 1275 703 1338 adventu
728 1278 1007 1340 consolationem
1026 1294 1097 1340 non
1122 1278 1303 1342 minimam
1323 1279 1478 1358 accepit,
1499 1289 1533 1342 et
1555 1295 1601 1342 se·

365 1381 481 1445 denuo
497 1391 735 1460 protectorem
751 1382 827 1446 lore
841 1381 1030 1447 societatis
1045 1395 1098 1448 est
1113 1385 1303 1464 pollicitus,

426 1489 495 1552 734.
540 1489 628 1553 Cum
654 1489 836 1553 Cardinali
860 1489 1071 1567 Augustano
1092 1490 1248 1554 breviter
1270 1493 1460 1555 admodum
1485 1509 1602 1572 agere

365 1607 567 1678 potuerunt,
591 1613 670 1660 cum
690 1606 725 1658 et
744 1597 811 1676 ipsi
832 1598 954 1660 statim
972 1596 1223 1660 discedendum
1244 1609 1355 1675 esset;
1378 1599 1593 1678 significavit

367 1716 486 1768 tamen
508 1703 642 1766 nostris
661 1703 820 1782 indigere
840 1721 877 1766 se
901 1704 1032 1782 aliqu0,
1054 1705 1115 1784 qui
1141 1704 1374 1768 Universitati
1394 1705 1600 1786 Dilingensi·

367 1819 557 1892 praeesset,
580 1821 614 1872 et
635 1810 756 1872 decem
783 1821 843 1872 aut
869 1810 1055 1874 duodecim
1079 1821 1265 1890 praeterea
1290 1831 1335 1874 ex
1360 1815 1506 1890 nostris,
1532 1812 1600 1892 quir

367 1919 552 1998 Augustae
579 1927 774 1981 manerent.
801 1915 1023 1997 Significavit
1047 1919 1153 1981 etiam
1178 1919 1315 1998 Legato
1338 1919 1488 1983 Morono
1508 1919 1592 1984 Dux

367 2026 555 2101 Baianae,
574 2024 666 2105 quod
683 2025 829 2105 optabat
845 2026 995 2088 alterum
1009 2043 1054 2088 ex
1069 2026 1206 2089 duobus
1225 2026 1237 2055 '
1256 2026 1512 2106 ingolstadium
1527 2028 1590 2090 ire.

367 2133 445 2214 lpse
461 2143 579 2196 autem
594 2131 751 2212 Legatus
762 2130 863 2210 juxta
879 2133 1145 2196 instructionem
1159 2133 1197 2195 P.
1213 2133 1353 2212 Ignatii,
1370 2151 1476 2213 quam
1498 2132 1593 2197 Patri

367 2241 486 2304 Natali
501 2240 658 2318 dederat,
676 2240 790 2302 eidem
804 2239 902 2302 Patri
916 2238 1035 2302 Natali
1048 2238 1198 2318 injunxit
1213 2250 1252 2302 ut
1268 2241 1302 2303 in
1317 2240 1511 2304 Germania
1521 2258 1591 2304 rna·

367 2359 467 2412 neret
482 2358 515 2410 et
531 2347 783 2426 ingolstadium
797 2346 849 2409 ire
864 2356 994 2426 posset,
1020 2356 1058 2410 ut
1080 2345 1163 2410 Dux
1186 2347 1363 2411 Bavariae
1388 2359 1591 2426 rogaverat,

367 2454 613 2534 et-Dilingam,
634 2465 672 2517 ut
693 2455 936 2533 postulaverat
954 2453 1154 2517 Cardinalis
1179 2464 1412 2533 augustanus,
1440 2454 1486 2517 ad
1509 2456 1599 2518 visi·-

367 2561 514 2625 tandam
529 2563 625 2624 illam
650 2561 898 2638 Academiam;
926 2571 961 2623 et
986 2572 1069 2624 tunc
1094 2562 1236 2624 demum
1260 2573 1297 2623 ut
1322 2560 1499 2624 Viennam
1513 2561 1592 2625 iret.

367 2669 486 2751 Usque
502 2669 546 2733 ad
561 2668 689 2732 festum
702 2667 859 2735 Paschae
875 2678 994 2732 tamen
1009 2667 1146 2747 Legato
1160 2669 1277 2733 visum
1291 2678 1345 2732 est
1360 2680 1397 2732 ut
1410 2668 1593 2749 Augustae

367 2786 536 2855 maneret,
554 2792 636 2839 narn
650 2776 723 2855 jam
738 2776 942 2839 imminebat
957 2774 1089 2839 Sancta
1101 2775 1344 2853 Hebdomada,
1361 2786 1399 2838 ut
1413 2775 1593 2839 satisface-

368 2894 421 2946 ret
437 2882 678 2947 Romanorum
694 2883 794 2963 Regi,
811 2884 842 2947 si
856 2901 926 2963 qua
942 2882 977 2946 in
993 2900 1031 2945 re
1046 2881 1121 2961 ejus
1132 2900 1277 2963 operam
1294 2884 1499 2963 requireret,
1513 2882 1593 2946 etin

368 2990 648 3054 confessionibus
669 3008 770 3053 suam
792 3007 937 3070 operam
957 2990 1117 3070 hispanis
1135 2999 1169 3052 et
1189 2990 1283 3052 italis
1304 3001 1428 3052 sancto
1453 3006 1495 3053 eo
1509 3000 1601 3053 tem·-

368 3114 454 3178 pore
476 3106 637 3160 navaret.

428 3204 499 3266 735.
543 3202 758 3282 Suggestum
773 3203 888 3266 suerat
902 3203 1041 3283 Legata
1056 3213 1095 3266 ut
1108 3204 1245 3267 videret
1267 3220 1351 3266 num
1366 3221 1411 3266 ex
1425 3202 1602 3267 reditibus,

368 3312 664 3375 monasteriorum
675 3310 899 3387 Germaniae,
910 3328 1001 3390 quae
1013 3311 1188 3389 religiosis
1202 3328 1289 3390 pene
1301 3311 1470 3373 destituta
1481 3320 1595 3386 erant,

369 3422 425 3480 vel
451 3419 518 3479 alin
542 3419 695 3493 ratione,
717 3428 835 3497 posset
856 3416 1054 3496 Collegium
1078 3416 1328 3481 Germanicum
1355 3436 1376 3479 a
1402 3416 1595 3480 Germania

370 3526 540 3588 auxilium
558 3524 700 3605 aliquod
717 3524 894 3604 accipere;
915 3524 977 3587 sed
1003 3525 1059 3586 ille
1079 3541 1204 3603 parum
1220 3541 1258 3585 se
1284 3541 1430 3603 sperare
1443 3522 1600 3599 dicebat,

368 3648 434 3695 nec
456 3632 663 3695 tentandum
685 3632 751 3695 sibi
770 3633 988 3695 existimavit
1009 3642 1044 3693 ut
1065 3628 1200 3711 peleret
1220 3632 1375 3711 aliquam
1396 3632 1600 3710 pecuniam„

370 3739 416 3801 ad
432 3738 577 3801 alendos
593 3739 826 3801 scholasticos
840 3756 1043 3818 germanos
1060 3738 1208 3801 Romam
1223 3739 1325 3801 mitti.

429 3846 500 3909 730.
544 3844 743 3909 cardinalis
764 3845 998 3923 Augustanus
1013 3862 1084 3908 non
1110 3844 1290 3923 cogitabat
1313 3862 1354 3907 eo
1381 3856 1538 3923 tempore
1553 3844 1595 3906 de

411 4087 419 4120 ¹
448 4085 575 4130 Martinus
586 4085 668 4129 Olave
685 4087 740 4129 “lue
751 4089 767 4129 a
778 4087 804 4130 la
816 4085 894 4129 Corte
910 4086 941 4128 de
959 4085 1051 4130 carros
1063 4085 1166 4139 Quinto,
1183 4086 1239 4141 yle
1255 4086 1327 4128 dezia
1344 4084 1422 4128 Mlssa
1436 4095 1468 4127 en
1484 4082 1597 4126 Palacio.

370 4158 457 4201 Trauo
469 4158 583 4202 familiar
593 4158 704 4202 amistad
717 4170 764 4201 con
775 4160 799 4201 el
810 4157 895 4200 Padre
913 4156 986 4214 Fray
996 4156 1079 4201 Pedro
1089 4158 1120 4201 de
1137 4156 1208 4205 Soto.
1218 4157 1277 4199 bien
1291 4158 1412 4200 conocldo
1423 4166 1455 4198 en
1464 4157 1489 4198 el
1505 4154 1604 4197 mundo.

371 4241 418 4283 por
428 4241 458 4273 su
477 4230 618 4283 sabldutla,
635 4242 653 4287 y
670 4240 718 4283 por
734 4240 777 4273 ser
788 4228 925 4272 Confessor
937 4229 978 4271 del
988 4228 1158 4283 Emperador,
1166 4239 1232 4282 para
1246 4228 1368 4281 destruit,
1379 4241 1397 4283 y
1407 4236 1549 4270 conuencer
1561 4228 1599 4269 los

371 4314 475 4347 errores
485 4303 516 4347 de
527 4304 565 4346 los
577 4302 696 4357 hereges:
708 4316 725 4357 y
735 4303 864 4356 passando
875 4305 891 4345 a
902 4301 1014 4345 Flaudes
1023 4302 1048 4344 el
1059 4300 1148 4353 Cesar,
1158 4302 1182 4345 el
1194 4312 1222 4343 se
1233 4302 1315 4355 quedo
1328 4312 1361 4343 en
1371 4299 1508 4343 Alemania
1518 4308 1566 4341 con
1575 4298 1603 4340 el

373 4375 457 4418 Pudre
470 4372 540 4418 Soto.
550 4372 590 4417 En
600 4380 656 4417 este
669 4374 762 4428 tiempo
778 4376 802 4416 el
818 4374 1027 4417 Eminentissitno
1044 4372 1172 4416 Cardenal
1183 4372 1251 4416 Otho
1261 4372 1391 4416 Truchsee
1405 4372 1487 4424 erlglo
1501 4371 1527 4413 la
1540 4368 1601 4412 Uul·

374 4449 498 4493 versidad
508 4450 538 4491 de
549 4448 665 4501 Dlllnga,
676 4460 693 4503 y
711 4458 777 4501 para
786 4458 831 4490 suo
841 4447 1022 4490 fundamentos
1031 4446 1157 4499 primatos
1171 4448 1250 4489 busco
1259 4456 1371 4489 varanes
1384 4445 1498 4497 insignes
1506 4453 1555 4497 pur
1564 4450 1601 4486 to·

374 4523 421 4565 das
431 4527 529 4575 partes,
542 4532 559 4576 y
570 4526 644 4563 entre
667 4522 731 4563 ellos
742 4520 845 4572 escogld
856 4520 894 4562 los
905 4518 1031 4571 primeroe
1042 4520 1057 4560 a
1071 4526 1176 4561 nuestro
1190 4515 1279 4570 Olane,
1295 4517 1456 4570 santamente
1471 4525 1518 4557 con
1528 4512 1599 4570 Fray

375 4593 459 4637 Pedro
470 4593 501 4635 dc
509 4592 593 4639 Soto...
602 4592 778 4644 Ntuuuuusno,
787 4590 905 4635 Varones
916 4588 1027 4632 ilustres
1036 4590 1068 4631 de
1076 4589 1104 4631 la
1118 4588 1263 4643 cvmpaata
1273 4589 1306 4631 de
1313 4587 1404 4642 Jesus,
1411 4595 1430 4632 t.
1439 4598 1475 4640 tv,
1483 4596 1542 4640 pag.
1550 4584 1603 4633 68⁴.

375 4663 470 4707 -Vlde
480 4664 559 4707 ctiam
569 4674 649 4717 supra
659 4664 756 4717 passim
767 4662 793 4707 ln
803 4662 851 4705 hoc
865 4660 999 4705 Chronico.
1009 4660 1170 4713 pracsertim,
1182 4667 1192 4703 t
1212 4672 1229 4705 1.
1240 4672 1299 4713 pag.
1309 4661 1346 4702 at.

415 4736 426 4767 ¹
454 4734 566 4790 rayner,
577 4734 685 4785 scillcet,
698 4742 722 4777 ct
735 4734 835 4777 Natali.
