3717 5400
360 469 396 529 18
815 467 944 526 Cuaou.
964 464 1040 526 Soc.
1062 467 1133 538 jas.

358 613 564 678 Pontificem
577 611 708 696 Julium
723 610 934 692 alloquendo
948 620 983 674 et
998 613 1173 692 quomodo
1193 629 1231 674 se
1247 630 1303 676 res
1318 613 1465 676 haberet
1480 615 1587 694 expli·

359 721 486 796 cand0,
503 719 669 784 revocari
687 719 887 782 obtinuerat
904 717 924 797 ¹3
949 717 1176 782 nihilomiuus
1190 717 1233 781 de
1255 720 1417 799 personis
1433 718 1592 805 Societa7

361 829 406 890 tis
425 840 463 890 et
484 827 527 890 de
552 825 654 888 bonis
679 823 754 904 ejus
782 825 948 904 operibus
973 824 1103 903 optime
1129 825 1302 888 sentiebat
1330 823 1354 903 ';
1377 827 1587 890 credebatur

360 935 587 998 nihilominus
616 933 709 1014 quod
737 951 783 996 ex
811 933 981 1011 religione
1006 943 1129 994 nostra
1155 941 1189 995 et
1213 932 1423 996 clericorum
1447 937 1586 1012 regula·

361 1041 462 1120 rium,
481 1042 600 1121 inquo
616 1041 701 1120 ipse,
719 1040 834 1102 sinon
851 1046 975 1102 auctor
989 1037 1117 1114 suerat,
1134 1039 1330 1102 habebatur
1345 1049 1479 1116 tamen,
1503 1041 1586 1121 quia

362 1167 408 1212 ex
422 1149 546 1228 primis
560 1157 595 1210 et
609 1147 724 1226 magis
740 1147 831 1210 notis
854 1145 928 1225 eius
944 1146 1233 1224 congregationis
1253 1147 1368 1210 luerat
1383 1145 1406 1224 ⁸,
1424 1157 1458 1209 et
1473 1150 1542 1210 hoc
1565 1166 1587 1212 a

362 1257 465 1318 nobis
480 1253 601 1336 egredi
616 1263 649 1317 et
664 1253 846 1334 postulari,
869 1253 1107 1332 potiusquam
1122 1254 1167 1315 ab
1181 1253 1259 1333 ipso
1271 1251 1398 1332 juberi,
1415 1264 1452 1317 ut
1467 1254 1588 1318 crede-

362 1363 477 1439 batur,
494 1360 693 1441 expetebat;
711 1371 744 1422 et
760 1376 840 1422 cum
855 1357 889 1422 id
905 1358 1066 1423 Societas
1080 1376 1262 1439 nunquam
1276 1369 1370 1424 esset
1383 1362 1535 1440 lactura,
1547 1363 1587 1424 ti-

361 1469 449 1532 meri
461 1478 600 1549 poterat
612 1484 656 1530 ne
667 1466 799 1546 aliquid
810 1483 856 1528 ex
869 1465 936 1541 his,
954 1483 1045 1545 quae
1060 1466 1105 1527 ad
1120 1465 1322 1530 institutum
1336 1479 1497 1530 nostrum
1511 1485 1587 1549 per·

359 1577 482 1652 tinent,
500 1575 686 1637 immutare
704 1573 822 1636 vellet.

418 1681 469 1744 24.
512 1680 606 1745 Satis
622 1690 740 1744 tamen
754 1680 875 1742 divina
891 1679 1114 1759 providentia
1129 1680 1164 1742 in
1181 1680 1249 1742 hoc
1265 1679 1487 1756 Pontificatu,
1504 1699 1587 1746 cum

359 1790 534 1853 humanus
555 1788 658 1852 favor
672 1785 853 1849 videretur
867 1786 902 1848 in
923 1784 1093 1849 Pontifice
1115 1786 1300 1850 defuturus
1319 1805 1405 1867 erga
1424 1798 1585 1852 nostram

358 1895 588 1972 Societatem,
612 1893 738 1971 eluxit;
762 1910 845 1956 nam
859 1893 953 1972 quod
974 1894 1100 1982 attinet
1116 1892 1161 1956 ad
1183 1894 1401 1973 spiritualem
1422 1911 1586 1975 progres-

359 2020 438 2068 sum
452 2000 651 2080 Societatis,
668 2007 897 2078 augmentum
912 2016 983 2061 non
1005 1999 1172 2079 exiguum
1193 2000 1333 2078 habuit,
1355 2011 1430 2064 tum
1450 2003 1486 2064 in
1509 2002 1587 2066 aliis

360 2109 546 2174 charitatis
570 2105 825 2184 functionibus,
852 2116 926 2168 tum
950 2106 987 2168 in
1012 2107 1091 2168 aliis
1116 2107 1299 2170 litterariis
1324 2108 1525 2181 exercitiis;
1552 2118 1587 2170 et

358 2216 523 2298 quamvis
537 2212 717 2277 Pontificis
732 2211 887 2275 subsidia
911 2213 1119 2290 temporalia
1136 2229 1208 2275 non
1222 2213 1402 2291 habuerit,
1419 2230 1587 2278 numerus

359 2332 479 2386 tamen
493 2330 697 2384 nostrorum
710 2328 837 2382 auctus
850 2327 918 2392 est;
937 2326 1065 2381 etcum
1081 2335 1213 2398 magna
1230 2319 1378 2399 penuria
1398 2328 1474 2383 tota
1496 2338 1587 2401 pene

358 2428 461 2492 Italia
474 2428 664 2505 laboraret,
681 2435 800 2490 tamen
815 2425 900 2488 nihil
915 2425 959 2488 de
972 2427 1182 2490 necessariis
1197 2426 1329 2490 nostris
1343 2425 1463 2489 deluit.

416 2535 468 2600 25.
510 2533 556 2597 Et
566 2542 605 2597 ut
615 2532 658 2596 de
670 2533 775 2596 domo
786 2532 863 2610 ipsa
876 2533 989 2610 primo
1002 2533 1081 2595 loco
1093 2532 1221 2609 dicam,
1230 2542 1328 2595 tanta
1341 2533 1586 2600 celebrabatur

356 2641 607 2722 primariorum
629 2639 810 2703 hominum
830 2637 1040 2719 frequentia,
1067 2653 1140 2701 tum
1162 2637 1208 2703 ad
1234 2640 1424 2703 conciones
1447 2639 1586 2705 audien-

356 2750 433 2825 das,
449 2758 525 2813 tum
539 2747 584 2811 ad
600 2764 675 2811 rem
690 2746 860 2825 divinam,
877 2755 951 2808 tum
973 2746 1020 2809 ad
1040 2745 1299 2809 confessionem
1320 2758 1355 2811 et
1370 2748 1586 2811 communio-

355 2874 451 2933 nem,
478 2864 517 2918 ut
541 2854 711 2919 nobilium
733 2852 853 2917 rhedis
878 2870 967 2933 pene
992 2852 1109 2917 aditus
1134 2854 1254 2933 templi
1277 2854 1583 2917 intercluderetur.

355 2962 564 3026 Cardinales
575 2962 683 3024 etiam
693 2959 801 3040 aliqui
813 2959 946 3022 assidui
961 2960 996 3022 in
1008 2961 1159 3023 ecclesia
1171 2970 1283 3037 erant,
1297 2970 1332 3023 et
1347 2961 1405 3024 alii
1421 2961 1582 3039 praelati,

353 3070 414 3150 qui
425 3080 459 3133 et
471 3069 508 3131 in
518 3067 650 3131 sacello
661 3068 802 3147 privato
815 3066 941 3129 domus
952 3082 1028 3129 rem
1039 3066 1198 3130 divinam
1209 3066 1388 3131 faciebant
1399 3070 1455 3130 vel
1468 3067 1586 3130 audie·

354 3176 449 3240 bant.
472 3175 559 3239 Erat
583 3172 703 3253 templi
730 3173 842 3236 nostri
868 3173 1098 3237 concionator
1122 3172 1162 3238 P.
1182 3174 1395 3238 Benedictus
1415 3175 1582 3253 PalmiuS,

357 3283 521 3363 quamvis
536 3281 659 3345 eodem
675 3291 834 3361 tempore
854 3280 982 3343 studiis
1001 3297 1147 3360 operam
1162 3282 1280 3360 daret,
1297 3282 1357 3361 qui
1379 3291 1508 3361 rogatu
1523 3282 1585 3345 ali·
1606 3364 1609 3369 ι

358 3405 509 3469 quorum
524 3386 764 3452 Cardinalium
776 3386 859 3449 alibi
875 3375 1064 3466 aliquando
1075 3388 1317 3467 praedicabat,
1332 3397 1366 3451 et
1377 3387 1422 3450 ad
1435 3404 1586 3451 commo·

358 3495 494 3559 vendos
509 3488 711 3559 auditorum
726 3494 863 3557 animos
878 3494 1049 3571 peculiari
1064 3496 1196 3558 talento
1216 3512 1237 3556 a
1252 3494 1407 3559 Domino
1428 3506 1505 3559 erat
1527 3494 1592 3569 doe

358 3613 473 3667 natus.
494 3600 645 3681 Quidam
660 3600 810 3680 juvenes
829 3600 878 3677 (ut
897 3600 969 3698 ipsi
983 3610 1108 3680 postea
1128 3602 1214 3665 fassi
1234 3602 1326 3680 sunt)
1348 3603 1395 3665 ad
1416 3604 1586 3682 templum

356 3720 517 3773 nostrum
531 3708 754 3772 ventitabant
775 3723 848 3769 non
870 3706 1049 3787 profectus
1071 3708 1276 3788 spiritualis
1294 3707 1356 3772 sed
1377 3708 1586 3773 detrahendi

355 3818 473 3896 potius
489 3814 715 3878 occasionem
729 3821 918 3889 venantes;
941 3813 1072 3876 sedita
1094 3814 1195 3877 verbi
1214 3815 1326 3878 divini
1349 3817 1472 3879 aculeo
1494 3833 1585 3879 com-

371 4002 568 4013 --.-—-

400 4130 407 4161 ¹
437 4128 503 4171 Vide
515 4137 601 4180 supra.
612 4134 629 4169 t.
638 4137 674 4176 lv,
686 4136 745 4179 pag.
758 4124 790 4177 l7,
802 4136 826 4167 u.
840 4124 871 4167 17.

397 4200 409 4233 ²
436 4198 491 4243 Hoc
501 4208 578 4242 sensu
596 4194 763 4250 intelligenda
778 4196 884 4239 veniunt
902 4196 983 4237 verba
1003 4194 1047 4238 illa
1057 4195 1172 4246 “Quanto
1188 4198 1241 4239 alla
1251 4197 1411 4253 compagum
1429 4209 1518 4244 nostra
1529 4204 1543 4244 e
1554 4201 1588 4245 da

358 4272 463 4316 credere
475 4272 535 4313 sara
546 4269 706 4319 favorevole,
718 4267 812 4321 perche
824 4277 924 4320 sempre
935 4268 949 4307 e
960 4273 1030 4309 stato
1045 4268 1125 4310 molto
1142 4269 1224 4311 amico
1239 4269 1264 4313 di
1282 4272 1369 4324 quella
1384 4271 1410 4315 ln
1428 4280 1525 4325 quanto
1539 4272 1562 4316 si
1573 4276 1587 4315 e

355 4350 445 4400 potuto
456 4342 612 4398 uindicare„
622 4352 688 4395 quae
699 4338 863 4394 reperiuntur
878 4338 903 4381 ln
919 4338 1024 4389 litteris,
1039 4350 1104 4392 quas
1119 4350 1152 4383 ex
1172 4340 1273 4393 Ignatii
1286 4344 1473 4387 commissione
1483 4346 1588 4400 scripsit

356 4419 480 4463 Polancus
491 4414 518 4458 25
528 4414 588 4467 Maii
599 4414 675 4467 hujus
686 4411 745 4455 anui
758 4410 817 4453 1555.
829 4409 895 4452 Vide
909 4408 1005 4452 Curias
1015 4410 1048 4453 de
1059 4410 1114 4453 San
1126 4411 1261 4465 Ignacio,t
1284 4427 1309 4468 v,
1320 4426 1395 4469 pugo.
1407 4414 1446 4459 186
1456 4423 1482 4459 et
1492 4416 1541 4460 385.

395 4487 406 4517 ³
434 4485 484 4537 Slc,
492 4483 631 4535 sententia.
642 4488 670 4525 ut
681 4488 763 4535 patet,
774 4491 823 4523 non
834 4480 959 4533 perlectam
971 4480 1016 4523 sed
1026 4480 1161 4534 perficitur
1177 4483 1253 4528 fucile
1269 4483 1310 4537 lis,
1319 4496 1385 4538 quae
1395 4484 1539 4531 Sacchluut
1553 4488 1586 4531 ad

354 4558 464 4613 paginae
475 4566 548 4599 oram
563 4554 605 4597 hlc
615 4553 764 4597 summatim
780 4550 892 4605 scripsit,
909 4551 1039 4595 videlicet
1052 4552 1228 4598 “credebatur
1245 4557 1312 4599 velle
1328 4568 1404 4599 unum
1422 4558 1539 4602 ordinem
1554 4570 1587 4601 ex

353 4628 488 4672 Theatinis
497 4636 521 4669 et
534 4624 674 4669 Societatls
684 4622 743 4676 (sit)
754 4622 809 4665 lieri
820 4628 846 4665 et
857 4622 904 4665 hoc
913 4633 929 4665 a
940 4622 1014 4665 nobis
1025 4625 1160 4677 postulari,
1170 4627 1236 4679 quod
1250 4639 1308 4670 cum
1319 4628 1433 4672 futurum
1444 4634 1587 4683 uocasset,

356 4701 500 4755 periculum
511 4704 568 4741 erat
580 4707 611 4739 ne
622 4696 647 4739 ln
657 4694 804 4737 institutum
815 4700 931 4737 nostrum
941 4694 1037 4749 ailquid
1048 4696 1205 4749 moliretur...
