3717 5400
796 480 860 536 Aa.
883 479 953 538 1555
1056 465 1064 479 '
1432 479 1484 538 231
1504 497 1509 540 ;

255 625 308 702 ni,
330 643 452 688 eorum
476 635 563 689 satis
583 626 790 688 ostendebat
805 627 992 690 admiratio
1008 639 1041 689 et
1058 627 1161 690 simul
1184 628 1380 689 consolatio
1404 643 1485 688 cum

257 749 296 794 se
316 733 530 810 examinari,
546 745 688 813 praeter
710 751 843 796 morem
859 752 879 795 a
894 734 1088 797 lutheranis
1103 736 1293 812 invectum,
1310 733 1482 806 viderent,

257 857 338 902 nam
354 841 524 903 latissime
539 858 602 919 per
617 850 729 903 totam
744 840 974 904 Germaniam
987 843 1119 903 abusus
1133 841 1189 903 ille
1205 842 1241 903 in
1256 856 1387 918 genere
1403 856 1485 901 con-

256 946 375 1009 fitendi
387 945 574 1027 [patuerat]
591 947 610 1024 ¹,
624 949 713 1010 adeo
725 958 762 1011 ut
773 950 836 1011 vix
849 951 961 1011 nostri
976 949 1108 1011 scirent
1121 949 1262 1011 ubinam
1278 948 1359 1009 alibi
1376 963 1483 1026 quam

257 1053 350 1133 apud
370 1055 465 1133 ipsos
480 1056 617 1117 sincera
634 1065 669 1117 et
684 1058 822 1133 integra
838 1055 936 1118 fieret
949 1056 1135 1131 confessio;
1149 1056 1231 1134 quia
1248 1055 1380 1134 passim
1395 1053 1483 1116 arbi-

257 1162 441 1222 trabantur
458 1179 495 1223 se
518 1162 627 1240 probe
647 1161 829 1224 confessos
845 1172 878 1224 et
898 1155 1128 1225 absolutionis
1151 1160 1321 1223 beneficio
1342 1161 1482 1239 dignos

254 1268 285 1330 si
300 1266 471 1330 dixissent
487 1269 519 1330 in
536 1285 666 1347 genere
679 1287 717 1331 se
733 1269 851 1332 multis
866 1270 901 1331 in
920 1269 1034 1332 modis
1055 1269 1176 1331 diviua
1196 1279 1386 1348 praecepta
1406 1283 1484 1329 esse

252 1383 499 1455 transgressos
510 1377 567 1438 vel
579 1377 662 1456 quid
676 1375 885 1455 hujusmodi,
902 1389 936 1438 et
952 1378 1014 1439 vix
1028 1375 1240 1440 Sacerdotes
1254 1375 1483 1437 invenieban-

253 1491 321 1558 tur,
339 1483 399 1562 qui
409 1500 479 1545 non
491 1484 745 1546 absolutionem
758 1485 809 1547 eis
820 1483 1074 1562 impenderent,
1091 1485 1146 1546 rel
1158 1483 1215 1562 qui
1228 1482 1483 1563 poenitentium

243 1583 442 1653 'ruditatem
458 1591 591 1670 aliquid
605 1591 858 1668 interrogando
874 1593 1037 1671 supplere
1052 1592 1259 1654 niterentur.
1275 1591 1320 1653 Et
1340 1590 1484 1669 quidam

254 1715 298 1760 ex
313 1699 584 1777 poenitentibus,
602 1697 707 1778 [banc
722 1698 910 1760 confitendi
925 1697 1114 1778 rationem]
1126 1715 1237 1778 usque
1252 1699 1340 1761 adeo
1356 1695 1484 1759 mordi-

254 1821 318 1866 cus
329 1805 538 1880 retinebant,
555 1816 592 1867 ut
607 1806 713 1867 aliam
728 1823 825 1868 more
837 1806 1015 1868 catholico
1026 1807 1071 1867 ab
1083 1806 1169 1884 ipsis
1181 1815 1391 1884 extorquere
1403 1821 1483 1866 con·

253 1911 395 1974 sessarii
407 1930 480 1974 non
491 1925 647 1991 possent;
661 1929 725 1974 nec
741 1913 846 1976 minis
858 1923 917 1975 aut
929 1913 1091 1992 precario
1102 1931 1123 1974 a
1136 1913 1290 1992 quodam
1301 1910 1484 1990 impetrari

253 2019 366 2097 potuit
378 2029 416 2080 ut
429 2021 485 2080 vel
499 2035 607 2081 unam
622 2020 775 2099 speciem
790 2021 926 2099 peccati
942 2001 1167 2098 exprimeret.
1191 2019 1350 2082 Maxima
1366 2028 1483 2081 tamen

254 2142 376 2188 eorum
396 2141 480 2203 pars
504 2139 707 2188 nostrorum
726 2127 883 2188 consiliis
906 2127 1166 2206 acquiescebat,
1182 2135 1218 2189 et
1240 2125 1323 2188 durn
1344 2142 1383 2186 se
1398 2125 1483 2186 inte—

252 2247 317 2310 gre
332 2233 528 2295 examinari
550 2233 786 2312 patiebantur,
803 2234 1022 2311 singularem
1036 2233 1318 2296 consolationem
1338 2231 1484 2310 spiritus

251 2339 466 2414 referebant,
485 2356 564 2401 cum
580 2356 616 2402 se
632 2359 654 2402 a
670 2340 786 2402 multis
801 2340 907 2416 vitiis,
925 2358 1017 2420 quae
1031 2343 1171 2402 occulta
1186 2340 1242 2401 vel
1258 2339 1421 2417 ignorata
1438 2338 1484 2400 ab

253 2447 304 2508 eis
315 2447 466 2524 fuerant,
476 2456 620 2526 propter
632 2448 729 2510 illam
742 2448 777 2509 in
788 2465 919 2527 genere
931 2446 1120 2510 confitendi
1132 2446 1434 2519 consuetudinem,
1444 2463 1484 2509 se

252 2553 397 2617 liberari
415 2555 662 2634 intelligerent;
691 2565 725 2618 et
750 2565 823 2618 tam
847 2554 1129 2630 concionatores,
1155 2570 1262 2633 quam
1276 2551 1484 2616 confessarii

254 2660 298 2723 ab
313 2659 513 2741 hujusmodi
525 2679 645 2725 errore
660 2662 819 2725 homines
835 2678 1008 2725 revocare
1022 2661 1234 2725 nitebantur.

311 2768 383 2831 665.
426 2767 1484 2849 Fuitinterpoenitentesmulierquaedam,adquampraeda

253 2876 459 2939 monasterii
479 2876 785 2939 franciscanorum
811 2875 969 2953 eiusdem
994 2876 1092 2939 urbis
1118 2871 1368 2955 [pervener·at],
1390 2873 1485 2952 quod

253 2984 382 3047 milites
401 2985 624 3062 viennenses
652 2994 753 3047 turca
778 2984 997 3060 imminente,
1026 2984 1260 3063 diripuerant;
1286 2997 1485 3060 quaecum

253 3090 378 3155 edocta
393 3101 486 3154 esset
505 3090 704 3171 hujusmodi
729 3100 938 3154 ornamenta
957 3102 992 3153 et
1016 3089 1186 3154 ecclesiae
1208 3104 1351 3151 sacram
1369 3088 1483 3166 supel-

251 3200 401 3262 lectilem
427 3199 497 3261 illis
520 3199 695 3277 religiosis
721 3215 798 3261 esse
819 3198 1089 3274 restituendam,
1113 3196 1232 3259 statim
1258 3196 1350 3258 laeto
1365 3194 1487 3259 animo

252 3304 289 3369 id
303 3305 397 3369 fecit.

313 3412 384 3475 666.
429 3414 509 3476 Alia
524 3414 631 3475 etiam
646 3414 794 3475 honesta
814 3412 1005 3492 aliquando
1024 3424 1204 3490 matrona,
1227 3428 1334 3491 quam
1353 3409 1485 3473 marito

253 3519 431 3599 defuncto,
453 3520 619 3599 perdives
639 3520 782 3599 quidam
801 3520 856 3582 vir
877 3518 970 3598 apud
992 3537 1030 3581 se
1050 3519 1235 3581 inhoneste
1256 3518 1407 3593 tenebat,
1425 3516 1483 3579 ad·

252 3630 385 3691 monita
402 3628 493 3707 quod
510 3628 597 3689 haec
613 3628 734 3689 illicita
750 3636 878 3705 essent,
896 3627 1028 3702 statim,
1045 3626 1169 3688 relicto
1188 3635 1352 3705 peccatu,
1370 3625 1481 3703 legiti·
1503 3668 1508 3677 -

252 3751 330 3797 mas
344 3735 486 3814 nuptias
502 3751 582 3797 cum
599 3734 668 3795 alio
689 3735 766 3797 viro
783 3734 970 3796 contraxit.
988 3732 1088 3812 Quae
1112 3732 1264 3811 exempli
1279 3732 1397 3811 gratia
1413 3731 1483 3792 sint

252 3840 359 3919 dicta,
377 3850 415 3904 ut
429 3841 565 3903 fructus
585 3842 677 3903 illius
702 3840 935 3903 confessionis
959 3841 994 3901 in
1014 3855 1145 3918 genere
1159 3838 1276 3900 sactae
1291 3855 1483 3917 cognosca-

252 3958 327 4025 tur,
344 3966 433 4029 quae
449 3951 568 4011 omnia
589 3950 723 4011 isthaec
741 3948 956 4010 involvebat.

311 4056 382 4117 667.
424 4056 506 4119 Alia
528 4057 670 4135 pietatis
696 4056 810 4118 officia
832 4055 1040 4118 crescebant
1066 4054 1172 4116 etiam
1197 4053 1234 4115 in
1254 4052 1330 4116 dies
1350 4052 1386 4114 iu
1405 4068 1485 4131 ger·

251 4180 438 4227 manorum
453 4164 632 4241 auxilium,
651 4180 732 4226 cum
746 4163 840 4225 enim
855 4164 906 4225 eis
925 4163 1041 4241 magis
1057 4162 1294 4224 innotesceret
1314 4158 1486 4239 temporis

249 4286 418 4334 successu
434 4271 632 4334 institutum
647 4268 846 4345 Societatis,
863 4272 983 4349 plures
998 4270 1106 4332 etiam
1128 4285 1275 4347 operam
1298 4268 1409 4347 ipsius
1423 4284 1483 4329 ex·

249 4379 427 4457 petebant;
444 4388 478 4440 et
494 4380 584 4441 inter
602 4380 703 4457 alioS,
727 4376 772 4439 ad
795 4386 1024 4455 aegrotantes
1044 4377 1332 4450 accersebantur,
1356 4374 1485 4453 quibus

249 4502 315 4565 pro
330 4486 425 4549 virili
439 4494 539 4565 parte
551 4486 760 4549 satisfacere
772 4485 972 4560 studebant,
986 4496 1021 4547 et
1035 4483 1197 4562 plurimis
1208 4492 1356 4546 sanctae
1372 4482 1483 4545 eccle·

293 4653 301 4687 ί
330 4654 396 4697 Vide
407 4666 494 4711 supra,
511 4662 530 4699 t.
540 4666 575 4702 ιν.
588 4666 647 4709 pag.
658 4654 706 4707 att,
720 4667 744 4698 n.
759 4654 807 4708 ⁵29,
823 4662 848 4697 et
864 4652 987 4697 Litterae
1002 4651 1232 4705 Quadrtmestres,
1247 4659 1264 4695 t.
1281 4664 1309 4704 n,
1323 4664 1383 4706 pag.
1396 4650 1444 4701 658,
1455 4656 1485 4695 et

251 4729 271 4771 i.
282 4736 319 4780 nl,
331 4739 389 4782 pag
399 4727 440 4771 390
