3717 5400
792 503 857 562 Au.
879 502 949 562 1555
1438 505 1491 563 137

253 663 339 710 cum
353 663 448 710 anno
464 648 692 728 praecedenti
706 664 864 726 uxorem,
882 657 916 712 et
931 649 999 711 hoc
1015 649 1091 728 ipso
1107 667 1201 716 auno
1217 650 1360 718 unicum
1376 647 1491 714 filium

256 755 449 831 amisisset,
466 752 680 818 Societatem
694 754 834 833 ingredi
849 755 1051 834 coustituit,
1068 755 1234 836 quamvis
1249 755 1442 820 adventum
1454 757 1493 820 in

260 861 392 928 Urbem
416 862 682 942 insequentem
702 862 848 926 distulit:
871 862 971 941 prius
993 863 1086 932 enirn
1110 861 1267 930 ltuuaae
1289 861 1490 928 aedificium

254 967 406 1049 Collegii
421 968 591 1033 inchoare
605 969 717 1032 voluit
732 978 766 1032 et
781 969 957 1048 quaedam
969 985 1035 1034 sua
1051 970 1195 1050 negotia
1209 970 1387 1050 expedire.

316 1075 389 1139 387.
431 1076 660 1140 Laborabant
674 1077 789 1140 nostri
803 1077 1019 1143 Mutinenses
1034 1077 1070 1140 in
1086 1077 1164 1140 loco
1181 1077 1408 1154 inveniendo,
1429 1078 1490 1142 ubl

254 1181 457 1262 Collegium
470 1183 723 1248 institueretur.
747 1182 954 1262 impetravit
974 1193 1092 1250 autem
1115 1171 1253 1246 litteras
1278 1182 1320 1246 P.
1344 1183 1491 1246 Pelleta»

257 1291 334 1353 rius
348 1307 370 1354 a
384 1289 485 1354 Duce
497 1289 686 1354 Ferrarius
705 1290 751 1353 ad
767 1289 943 1357 Comitem
961 1289 1150 1356 Herculem
1170 1289 1396 1369 Rangonem,
1418 1291 1492 1370 qui-

259 1396 325 1460 bus
339 1397 563 1476 significabat
578 1397 683 1460 valde
703 1406 847 1476 gratum
865 1397 933 1458 sibi
952 1396 1123 1472 futurum,
1146 1397 1175 1460 si
1196 1395 1409 1460 commodus
1428 1395 1490 1462 Se·

259 1503 379 1568 cietati
394 1516 538 1568 nostrae
552 1505 652 1566 locus
666 1503 896 1579 inveniretur;
913 1513 948 1566 et
963 1504 1046 1582 quia
1070 1503 1151 1567 Dux
1171 1503 1345 1569 Mutinam
1368 1519 1492 1568 ventu·

257 1626 319 1672 rus
333 1621 421 1685 erat,
437 1611 550 1674 voluit
563 1610 672 1673 etiam
686 1627 728 1672 eo
744 1609 782 1673 Ρ.
798 1609 1006 1674 Pelletarius
1021 1611 1083 1689 ire,
1101 1620 1138 1673 ut
1159 1612 1276 1691 aliqua
1300 1610 1492 1691 inspiceret

257 1717 348 1792 loca,
364 1726 400 1780 et
414 1717 460 1780 ad
474 1717 626 1796 aliquem
639 1733 762 1780 eorum
774 1717 1002 1783 obtinendum
1014 1715 1126 1780 Ducis
1137 1716 1260 1780 favore
1272 1726 1441 1796 uteretur;
1455 1727 1491 1781 et

252 1840 339 1888 cum
353 1825 504 1887 ecclesia
519 1821 578 1887 S.ti
597 1823 782 1888 Michaelis
796 1825 829 1886 ei
844 1823 948 1888 valde
963 1825 1166 1904 placuisset,
1184 1835 1218 1888 et
1241 1825 1337 1890 idad
1353 1823 1491 1891 Ducem

254 1932 447 2008 retulisset,
473 1930 708 1994 Mutinensem
727 1931 1011 1995 Gubernatorem
1033 1931 1090 1994 ille
1113 1932 1303 1996 accersivit
1327 1939 1363 1994 et
1384 1948 1492 2010 nego·

256 2038 344 2102 tium
358 2038 425 2102 hoc
440 2038 473 2100 ei
487 2038 665 2102 commisit
679 2055 760 2101 curn
781 2037 919 2102 Comite
937 2038 1087 2102 Hercule
1103 2039 1333 2102 tractandum
1359 2037 1385 2117 ⁸,
1403 2050 1437 2100 et
1461 2039 1492 2102 si

253 2161 400 2208 resnou
414 2145 632 2214 succederet.
648 2157 687 2208 ut
701 2147 809 2209 alium
823 2157 1053 2226 quaererent;
1068 2155 1145 2208 erat
1161 2145 1291 2212 etenim
1313 2145 1491 2226 quaedam

253 2251 326 2315 ulia
342 2252 493 2315 ecclesia
508 2251 724 2334 S.‘¹Joannis
737 2252 929 2333 Baptistae,
944 2252 990 2314 ad
1001 2252 1128 2316 milites
1141 2253 1345 2324 melitenses
1356 2251 1492 2315 ordinis

252 2356 317 2421 83¹
333 2357 482 2440 Joannis
496 2360 687 2438 pertinens
705 2377 795 2438 quae
810 2359 917 2422 etiam
936 2358 1064 2422 idonea
1084 2359 1273 2422 videbatur
1287 2376 1294 2438 ;
1311 2367 1346 2422 et
1367 2375 1493 2438 quamv

255 2466 313 2529 vis
336 2466 511 2546 primores
532 2467 749 2529 mutinenses
768 2483 894 2544 parum
916 2466 1080 2529 faverent
1100 2460 1287 2544 Societati,
1311 2465 1417 2529 amici
1441 2475 1493 2528 ta·

253 2589 354 2649 men,
371 2573 453 2635 licet
466 2589 653 2652 paupereS,
676 2571 721 2634 ad
743 2571 913 2634 ducentos
927 2589 1056 2635 aureos
1072 2572 1118 2634 ad
1132 2572 1415 2636 concinnandam
1430 2572 1492 2635 do·

258 2696 356 2743 mum
380 2679 602 2758 obtulerant;
629 2689 664 2742 et
689 2695 769 2741 curn
794 2677 831 2741 P.
857 2677 1017 2758 Natalis,
1043 2696 1088 2742 ex
1114 2677 1309 2743 Germania
1334 2678 1488 2757 rediens,

258 2786 431 2850 Mutinam
451 2787 497 2849 ad
517 2787 584 2849 hoc
599 2786 714 2866 ipsum
729 2802 811 2849 cum
830 2786 935 2849 Patre
949 2786 1137 2849 Pelletario
1153 2787 1378 2865 accessisset,
1394 2786 1489 2851 hanc

255 2894 373 2974 ipsam
388 2892 447 2957 Sa
463 2893 613 2977 Joannis
627 2894 794 2957 videlicet
809 2891 1021 2973 [ecclesiam]
1038 2893 1147 2973 priori
1165 2894 1347 2972 praetulit.

318 2998 390 3063 388.
433 3000 529 3064 idem
554 3000 730 3081 Episcopo
748 2998 760 3030 ¹
778 3000 976 3080 videbatur,
1001 2999 1061 3081 qui
1087 3009 1121 3063 et
1143 3000 1346 3069 animarum
1368 3016 1493 3065 eurum

255 3107 329 3171 alio
344 3107 537 3171 transferre
553 3115 699 3188 paratus
712 3117 802 3185 erat;
818 3107 913 3187 quod
927 3108 963 3169 in
981 3108 1062 3173 aliis
1077 3107 1238 3170 ecclesiis
1259 3124 1330 3169 non
1344 3106 1492 3186 perinde

256 3213 362 3278 facile
376 3215 561 3292 extitisset.
577 3214 651 3277 Nec
666 3232 782 3277 novae
798 3215 935 3278 litterae
951 3214 1062 3277 Ducis
1084 3213 1271 3277 defuerant
1296 3214 1342 3277 ad
1361 3213 1497 3279 Guber-

256 3331 418 3385 natorem
432 3332 466 3383 et
481 3320 706 3401 Episcopum,
723 3320 786 3383 scd
800 3338 857 3383 res
869 3338 1074 3385 successum
1088 3337 1160 3383 non
1173 3320 1309 3397 habuit,
1325 3321 1492 3401 quamvis

258 3427 327 3491 hoc
342 3444 446 3505 anno,
464 3436 503 3493 ut
517 3410 633 3491 infra⁸
648 3427 796 3505 dicetur,
809 3429 908 3491 locus
922 3427 1045 3491 firmus
1055 3428 1196 3492 habitus
1211 3426 1269 3506 sit;
1283 3438 1318 3491 et
1332 3424 1397 3489 D.⁸
1411 3426 1486 3491 Ma·

257 3534 313 3597 ria
327 3534 384 3597 del
397 3534 507 3615 Jesse,
529 3533 679 3612 Collegit
700 3533 941 3598 Ferrariensls
956 3534 1139 3599 fundatrix
1155 3531 1184 3613 ¹,
1203 3543 1347 3599 centum
1362 3551 1495 3597 aureos

255 3641 306 3704 ed
318 3641 387 3703 hoc
402 3658 492 3721 opus
507 3640 655 3719 Collegii
670 3640 880 3704 Mutinensis
896 3642 1054 3704 contulit.

316 3746 387 3810 389.
430 3746 627 3810 Postulavit
641 3757 758 3810 autem
779 3747 817 3810 P.
841 3746 1049 3817 Pelletarius
1069 3749 1114 3811 ab
1134 3749 1211 3829 ipso
1228 3747 1329 3812 Duce
1350 3758 1488 3833 partem

255 3855 448 3935 quemdam
473 3855 605 3920 veteris
629 3854 768 3932 fossae,
791 3865 829 3919 ut
855 3872 1040 3921 eumcum
1065 3856 1276 3936 quibusdam
1305 3855 1492 3923 monachis

255 3971 485 4041 permutaret,
502 3972 536 4024 et
552 3962 596 4025 ab
611 3962 662 4024 eis
677 3962 819 4025 hortum
834 3962 1022 4046 quemdam
1045 3962 1213 4025 idoneum
1231 3961 1277 4027 ad
1293 3960 1492 4041 Collegium

252 4068 465 4147 erigendum
479 4069 664 4135 obtineret.
682 4068 742 4133 Ille
757 4078 877 4135 autem
891 4070 1023 4134 iturum
1037 4086 1076 4133 se
1092 4066 1268 4137 Mutinam
1283 4068 1384 4135 brevi
1399 4068 1488 4137 dixit

250 4186 289 4239 et
304 4188 511 4244 curaturum
525 4184 563 4239 ut
578 4175 801 4239 satisfaceret
821 4185 1026 4239 nostrorum
1047 4175 1234 4239 desiderio.
1261 4176 1351 4242 Cum
1372 4186 1491 4244 autem

298 4453 307 4486 ί
336 4454 414 4501 Anno
429 4450 596 4507 praecedenti
610 4452 776 4497 Gubernator
791 4450 877 4497 iuerat
892 4450 947 4505 lpse
959 4450 1091 4505 aragona.
1107 4451 1174 4497 Vide
1191 4464 1280 4507 supra,
1289 4460 1309 4499 t.
1319 4431 1355 4505 tr.
1365 4466 1426 4511 ριι.
1447 4454 1496 4507 im,

257 4534 287 4568 m
299 4525 450 4653 {musaldio
459 4597 608 4651 Famarsrl,
617 4596 645 4642 0.
658 4596 684 4642 Β.
695 4597 727 4643 D.

298 4668 607 4715 *Nummum-ddi.
661 4716 666 4725 ,
1189 4702 1191 4707 ,

298 4743 310 4776 ⁴
338 4743 404 4786 Vide
414 4753 501 4796 supra,
513 4743 669 4797 praesertim
680 4749 699 4787 t.
709 4752 746 4794 ut,
756 4752 816 4795 pur.
830 4741 875 4793 ido,
886 4752 910 4783 n.
921 4740 971 4791 282,
982 4745 1009 4782 et
1020 4744 1038 4783 t.
1050 4750 1085 4791 lv,
1097 4750 1157 4793 pag.
1168 4739 1202 4792 66,
1214 4750 1238 4783 n.
1249 4740 1296 4784 119.
