3717 5400
801 472 865 532 All.
887 471 959 532 inno
1407 525 1413 534 ,
1437 470 1495 532 oto

253 627 376 682 turum
390 634 473 682 cum
495 618 614 698 plures
635 619 668 682 ei
693 619 877 698 referrent,
905 635 1056 699 cumque
1080 615 1268 682 societatis
1294 615 1490 680 ministeria

247 741 322 806 per
336 723 470 802 Regem
481 725 549 805 ipsi
563 741 732 789 exercere
755 743 827 790 non
852 726 987 803 liceret,
1013 741 1165 806 cumque
1185 724 1315 804 alioqui
1336 725 1488 804 pessime

259 849 298 896 se
321 833 378 896 ille
393 831 471 896 Rex
484 841 638 912 gereret,
654 844 801 897 coactus
815 834 880 897 fuit
895 835 1023 897 iterum
1042 833 1086 896 ab
1106 830 1182 912 ejus
1200 832 1287 894 urbe
1307 831 1488 908 recedere,

260 938 359 1002 etad
379 936 512 1003 Pindae
536 949 678 1020 portum
703 957 826 1004 rursus
853 957 893 1004 se
918 940 1082 1017 contulit,
1111 939 1186 1014 ubi,
1213 938 1297 1002 dum
1322 946 1489 1019 expectat

260 1045 434 1125 Legatum
458 1045 566 1126 Regis
590 1045 843 1126 Portugalliae,
873 1046 1115 1110 confessiones
1141 1045 1278 1109 audivit
1298 1047 1489 1108 multorum

259 1152 510 1216 Lusitanorum
526 1152 710 1234 cujusdam
734 1155 849 1231 navis,
865 1171 968 1235 qnae,
986 1172 1066 1219 cum
1081 1173 1126 1218 ex
1145 1153 1245 1217 India
1269 1153 1426 1232 veniret,
1443 1154 1488 1217 ad

250 1276 338 1323 eum
360 1270 501 1341 portum
526 1261 645 1325 delata
664 1261 790 1341 fuerat,
812 1271 846 1326 et
861 1262 986 1326 eodem
1005 1273 1163 1341 tempore
1182 1260 1252 1324 dno
1269 1259 1419 1339 juvenes
1434 1277 1489 1323 or·

258 1365 378 1448 phani,
395 1365 471 1445 ejus
485 1370 647 1446 comites,
664 1368 895 1432 christianam
910 1369 1112 1432 doctrinam
1126 1367 1312 1431 docebant.

320 1473 409 1538 1688.
452 1473 521 1539 Sed
537 1475 620 1540 dum
641 1476 697 1539 his
717 1485 842 1556 vacat,
865 1493 949 1540 ecce
970 1475 1126 1540 edictum
1144 1473 1253 1553 Regis
1273 1471 1388 1551 Congi
1408 1469 1487 1536 Pin·

256 1581 340 1644 dam
355 1583 465 1661 venit,
483 1601 552 1664 quo
571 1584 813 1663 praecipiebat
833 1593 871 1648 ut
886 1600 1008 1648 omnes
1027 1583 1098 1647 albi
1112 1582 1288 1659 homines,
1306 1579 1365 1660 qui
1386 1595 1429 1642 eo
1450 1579 1487 1642 in

256 1697 362 1769 portu
377 1690 624 1770 versabantur,
647 1692 766 1754 statim
790 1691 996 1754 recederent
1010 1691 1047 1754 in
1065 1687 1338 1768 Portugalliam3
1361 1699 1396 1749 et
1418 1685 1487 1750 hoc

257 1795 412 1860 edictum
438 1798 591 1878 quinque
616 1801 674 1861 vel
698 1815 762 1862 sex
787 1800 896 1862 millia
924 1797 1108 1861 hominum
1135 1795 1418 1888 comitabantur,
1448 1805 1486 1856 ut

256 1901 418 1967 homines
445 1903 490 1966 ad
517 1902 594 1982 eJus
616 1907 888 1984 exequutionem
909 1905 1182 1985 compellerent,
1210 1903 1241 1966 si
1265 1913 1390 1982 sponte
1414 1916 1486 1964 non

254 2009 562 2090 obtemperassent
579 2011 598 2074 ¹.
616 2009 743 2076 Statim
758 2028 844 2091 ergo
859 2011 897 2075 P.
920 2011 1105 2076 Cornelius
1119 2028 1201 2074 cum
1221 2009 1357 2073 duobus
1379 2007 1487 2072 sociis

256 2117 338 2182 inde
367 2119 567 2197 navigans,
594 2119 641 2182 ad
665 2120 817 2182 insulam
841 2118 900 2183 S.ti
929 2119 1087 2183 Thomas
1111 2117 1293 2199 pervenit,
1319 2117 1380 2180 ubi
1404 2131 1486 2180 cum

257 2223 385 2304 viginti
408 2235 559 2306 quatuor
579 2225 654 2289 dies
673 2227 867 2306 exegisset,
889 2229 1000 2290 multa
1020 2243 1083 2306 per
1098 2241 1178 2289 eum
1199 2225 1320 2288 divina
1339 2222 1486 2287 Bonitas

259 2343 408 2411 operata
435 2341 505 2410 est,
531 2344 566 2396 et
590 2334 703 2397 bonus
729 2334 818 2397 odor
841 2350 962 2397 rerum
990 2319 1179 2396 Societatis
1203 2332 1240 2396 in
1269 2330 1488 2411 Portugallia

247 2437 496 2503 ·S.1¹Tnomae
519 2441 617 2504 cives
637 2442 845 2520 commovit,
867 2450 904 2504 ut
924 2459 946 2503 a
965 2437 1064 2520 Rege
1085 2439 1326 2520 Portugalliae
1349 2438 1487 2518 aliquos

256 2563 301 2609 ex
321 2557 444 2610 nostra
460 2547 636 2611 Societate
651 2550 887 2627 postularent,
910 2548 1003 2611 utin
1024 2565 1067 2610 ea
1086 2547 1201 2610 insula
1223 2546 1411 2625 collegium
1433 2546 1486 2609 eis

256 2653 493 2734 instituerent,
511 2671 576 2719 nec
590 2655 720 2735 exigua
736 2655 882 2721 mutatio
898 2656 1099 2719 animorum
1113 2655 1202 2719 haec
1224 2652 1301 2732 fuit,
1319 2670 1401 2718 cum
1421 2653 1485 2717 ibi·

255 2758 335 2823 dem
351 2777 432 2824 cum
447 2761 660 2826 offendiculo
675 2764 781 2843 gravi
796 2762 833 2826 P.
852 2762 1003 2827 Riberus
1021 2767 1127 2844 paulo
1147 2772 1247 2841 ante,
1266 2773 1302 2825 ut
1321 2761 1485 2843 superius

249 2866 421 2941 diximus,
438 2880 603 2933 versatus
617 2880 710 2933 esset
726 2869 747 2933 ¹.
766 2870 854 2934 Cum
870 2882 989 2934 autem
1004 2870 1042 2935 P.
1057 2870 1243 2935 Cornelius
1257 2868 1346 2948 Regi
1361 2868 1484 2932 Portu·

253 2973 384 3052 galliae
400 2992 490 3055 quae
506 2976 573 3056 ipsi
589 2978 792 3040 necessaria
811 2977 1026 3041 videbantur
1049 2978 1095 3041 ad
1113 2978 1206 3041 illius
1226 2976 1362 3040 insulae
1383 2976 1484 3056 spiri·

254 3082 350 3144 tuale
365 3082 535 3146 auxilium
552 3084 741 3160 retulisset,
758 3058 877 3147 dmnia
892 3085 1080 3164 diligenter
1094 3082 1172 3147 Rex
1187 3083 1353 3163 providit.

317 3186 405 3251 1689.
449 3188 529 3251 Duo
555 3198 673 3253 autem
699 3191 747 3253 illi
773 3191 859 3253 socii
879 3192 914 3253 in
939 3190 1152 3255 Societatem
1178 3212 1200 3253 3
1223 3189 1329 3253 Patre
1348 3190 1485 3254 Mirone

253 3294 398 3359 admissi
422 3295 582 3375 suerunt,
610 3307 645 3359 et
669 3297 719 3360 ita
745 3308 818 3361 tota
844 3297 933 3361 haec
959 3298 1080 3361 missio
1101 3296 1211 3377 Regis
1235 3298 1365 3376 Congi,
1392 3315 1486 3377 quae

254 3402 460 3482 parabatur,
477 3405 607 3467 omissa
623 3404 708 3484 fuit;
725 3405 892 3485 quamdiu
908 3406 1002 3468 enim
1024 3404 1102 3469 Rex
1122 3405 1179 3469 ille
1202 3407 1319 3485 Congi
1335 3406 1484 3478 viveret,

242 3520 314 3572 -aut
329 3520 424 3573 certe
440 3519 617 3590 regnaret,
635 3512 730 3575 nulla
746 3530 827 3592 spes
842 3524 918 3576 erat
934 3512 1070 3575 fructus
1086 3511 1236 3593 alicujus
1253 3512 1484 3593 percipiendi;

252 3626 287 3679 et
314 3634 359 3680 ne
385 3618 482 3697 loqui
506 3619 647 3698 quidem
674 3636 754 3681 eum
780 3619 960 3683 Lusitanis
984 3631 1046 3682 aut
1074 3620 1250 3699 indigenis
1279 3620 1484 3683 christianis

253 3719 291 3784 P.
308 3721 510 3787 Cornelium
526 3725 690 3789 derebus
711 3726 756 3789 ad
778 3743 857 3788 eum
876 3726 1133 3806 pertinentibus
1152 3728 1395 3807 permittebat,
1418 3743 1484 3790 nec

253 3828 313 3907 illi,
331 3828 465 3909 Regem
482 3831 660 3909 timentes,
678 3833 724 3895 ad
738 3834 853 3913 ipsum
876 3833 1048 3897 accedere
1071 3834 1267 3912 audebant,
1290 3835 1485 3915 periculum

249 3936 358 4001 etiam
374 3938 481 4015 vitae,
499 3940 530 4001 si
546 3938 660 4019 Congi
676 3942 881 4017 mansisset,
905 3942 982 4005 sine
1005 3944 1078 4005 ulla
1098 3958 1161 4022 spe
1180 3942 1317 4005 fructus
1337 3941 1375 4005 P.
1400 3940 1485 4005 Cor·

251 4044 344 4107 nelio
367 4044 591 4125 imminebat;
612 4058 646 4110 et
667 4048 716 4110 ita
738 4046 826 4127 Regi
848 4047 1090 4129 Portugalliae
1113 4061 1303 4129 pergratus
1321 4048 1385 4112 fuit
1408 4047 1486 4127 ejus

250 4151 442 4231 adventus;
464 4164 498 4217 et
515 4154 678 4217 derebus
694 4154 785 4218 illius
804 4156 906 4234 regni
928 4158 1031 4237 plene
1053 4157 1248 4219 instructus
1270 4172 1351 4219 cum
1373 4156 1418 4217 ab
1442 4174 1489 4219 eo

250 4256 387 4337 suisset,
404 4259 447 4322 de
462 4278 504 4323 eo
524 4260 733 4342 deponendo
754 4263 913 4343 cogitare
934 4264 1137 4342 videbatur,
1158 4282 1230 4326 non
1253 4264 1368 4325 solum
1390 4262 1485 4343 quod

252 4452 464 4463 ---

291 4570 299 4603 ¹
328 4570 368 4613 Ex
380 4571 411 4613 iis
421 4572 566 4615 insolenter
576 4582 686 4627 apparet
697 4584 746 4618 non
756 4573 895 4619 convenire
905 4576 963 4629 regi
973 4574 1070 4628 Jacobo
1085 4576 1184 4623 laudes.
1202 4586 1266 4629 quas
1276 4575 1324 4629 ipsl
1336 4576 1428 4619 tribuit
1439 4576 1487 4620 lm·

245 4642 343 4687 merito
354 4642 439 4697 Lopez
451 4642 591 4699 Pigafettn,
603 4652 631 4687 ut
641 4648 789 4692 notavimus
800 4658 887 4702 supra,
899 4654 918 4692 t.
928 4658 966 4703 tv,
976 4658 1036 4703 pag.
1047 4648 1146 4703 moos,
1156 4661 1181 4695 n.
1194 4649 1253 4701 12⁹2,
1264 4657 1352 4693 annot.
1361 4650 1384 4693 1.

292 4715 302 4745 ¹
330 4713 803 4773 1111333133,ι.ιιι,ρ33.ι118,η.982.
