3717 5400
371 474 410 532 96
830 471 958 532 ennon.
978 469 1055 532 Soc.
1078 473 1148 546 Jas.

369 619 555 700 Legatum.
573 619 736 684 Secundo
751 620 808 684 die
822 619 1127 700 Quadragesimae
1144 619 1151 650 ¹
1168 619 1249 684 inde
1269 621 1450 702 profectus
1471 633 1542 702 est;
1567 635 1602 688 et

367 728 535 809 quamvis
563 725 717 791 Ducissa
744 744 816 791 non
844 727 970 790 adduci
998 737 1116 806 posset
1143 737 1180 790 ut
1206 745 1320 809 aequo
1351 730 1469 792 animo
1493 729 1602 794 ferret

369 833 445 914 ejus
465 835 675 912 absentiam,
696 843 731 898 et
750 850 815 914 per
839 832 1030 914 dispositos
1055 850 1166 913 equos
1185 833 1335 898 Romam
1362 853 1405 900 ea
1427 836 1471 900 de
1494 853 1602 901 causa

368 943 536 1021 mitteret,
560 951 680 1006 tamen
699 941 905 1005 facultatem
926 941 961 1004 ei
984 940 1128 1004 tandem
1150 941 1256 1005 dedit.
1285 941 1345 1006 Sic
1367 944 1603 1008 concionandi

369 1065 498 1112 munus
512 1049 608 1129 apud
622 1046 660 1111 S.
676 1045 920 1126 Laurentium,
937 1048 1032 1126 quod
1048 1048 1114 1110 hac
1135 1047 1416 1128 Quadragesima
1438 1067 1601 1132 suscepe·

368 1164 437 1234 rat,
455 1154 687 1218 omittendum
701 1154 778 1218 fuit.
1280 1143 1282 1147 ’

429 1261 501 1330 253.
543 1261 748 1343 Spiritualia
763 1261 935 1325 exercitia
950 1261 1069 1325 multis
1084 1263 1266 1343 proposita
1282 1263 1434 1326 fuerunt.

429 1371 500 1433 254.
544 1369 680 1433 Nobilis
706 1370 880 1450 quaedam
909 1379 1074 1432 matrona
1103 1385 1145 1433 ac
1173 1369 1275 1433 dives
1302 1388 1347 1434 ert
1376 1371 1491 1434 alieno
1522 1370 1601 1436 viro

368 1476 479 1539 filium
493 1487 711 1556 susceperat,
735 1493 885 1556 eumque
906 1476 1009 1556 quasi
1028 1475 1147 1538 mariti
1168 1477 1350 1556 proprium
1369 1477 1598 1542 educaverat.

371 1581 519 1646 Maritus
535 1584 652 1664 itaque
667 1583 820 1661 nescius,
837 1582 944 1660 hunc,
966 1597 1071 1663 quem
1086 1581 1253 1646 credebat
1268 1581 1393 1662 filium,
1410 1584 1600 1649 haeredem

367 1689 487 1752 facere
502 1690 746 1769 constituerat,
762 1700 797 1754 et
812 1691 981 1768 alterum,
998 1688 1158 1768 quivere
1173 1688 1284 1769 ipsius
1299 1698 1391 1766 erat,
1417 1691 1599 1756 ordinibus

366 1797 620 1861 ecclesiasticis
634 1796 765 1861 initiari
781 1797 957 1876 cupiebat;
973 1796 1038 1859 sed
1052 1796 1188 1873 mulier,
1205 1796 1395 1876 quemdam
1407 1814 1453 1860 ex
1466 1799 1598 1862 nostris

367 1905 613 1968 sacerdotibus
632 1903 767 1981 adienS,
790 1903 912 1967 didicit
938 1903 1034 1983 quod
1054 1902 1174 1966 divino
1196 1912 1231 1966 et
1255 1902 1411 1967 humano
1429 1903 1500 1984 juri
1520 1923 1599 1969 con-

365 2011 529 2090 gruebat,
545 2022 581 2074 et
596 2009 754 2091 ejusdem
768 2011 895 2074 edocta
910 2010 1075 2086 consilio,
1091 2009 1221 2073 marito
1240 2011 1418 2089 persuasit
1439 2021 1478 2076 ut
1492 2011 1600 2076 filium

366 2119 563 2198 legitimum
579 2120 754 2182 bonorum
768 2135 914 2183 suorum
929 2117 1120 2180 haeredem
1137 2117 1363 2197 relinqueret,
1377 2118 1528 2180 alterum
1543 2136 1600 2182 au·

368 2236 451 2304 tem,
468 2227 529 2307 qui
544 2244 629 2291 vere
645 2227 787 2306 spurius
801 2234 889 2304 erat,
907 2233 946 2286 ut
960 2224 1125 2302 religioni
1145 2223 1360 2287 addicerent.
1382 2224 1427 2288 Et
1446 2226 1496 2287 ita
1522 2243 1601 2288 con·

367 2335 539 2398 scientiae
556 2335 680 2398 uxoris
694 2335 897 2396 consultum
910 2342 966 2394 est
981 2342 1015 2394 et
1032 2331 1101 2393 illis
1115 2330 1350 2394 incommodis
1364 2331 1558 2395 obviatum.

425 2443 497 2506 255
541 2441 693 2521 Quidam
717 2457 868 2505 uxorem
893 2440 930 2502 in
959 2438 1132 2502 adulterio
1158 2438 1416 2517 deprehensam
1436 2439 1601 2503 occidere

366 2550 620 2627 constituerat,
650 2550 729 2627 sed,
759 2549 796 2611 in
824 2547 986 2611 eumdem
1015 2545 1173 2608 incidens
1202 2545 1439 2624 sacerdotem,
1470 2545 1601 2610 mitiori

365 2655 486 2719 animo
500 2655 629 2735 sactuS,
647 2657 782 2720 illatam
795 2654 862 2718 sibi
877 2651 1044 2733 injuriam
1061 2651 1230 2716 oblivioni
1244 2651 1402 2717 tradidit.

426 2762 497 2825 256.
541 2762 686 2826 Praeter
701 2770 872 2826 consueta
887 2760 924 2823 in
943 2759 1148 2823 carceribus
1167 2759 1310 2839 pietatis
1330 2760 1444 2823 officia
1464 2773 1499 2824 et
1519 2780 1599 2825 con·

366 2868 539 2933 sessiones
554 2870 600 2931 ibi
617 2870 839 2933 detentorum
854 2868 1008 2944 auditaS,
1033 2882 1124 2928 unus
1149 2883 1194 2928 ex
1219 2868 1353 2930 nostris
1378 2869 1503 2931 crebro
1519 2885 1598 2933 con·

364 2987 537 3056 gregatos
551 2976 684 3057 alloqui
697 2976 822 3039 solitus
836 2984 914 3038 erat
928 2985 964 3037 et
979 2973 1023 3036 de
1038 2972 1104 3051 his,
1125 2989 1217 3052 quae
1239 2972 1285 3035 ad
1305 2990 1427 3036 eorum
1449 2976 1600 3055 pertine·

365 3087 451 3149 bant
465 3087 628 3159 salutern,
645 3082 961 3146 commonefacere.
978 3078 1112 3143 Crebro
1135 3090 1253 3142 autem
1277 3090 1418 3159 praeter
1434 3092 1596 3147 nostrum

365 3193 535 3272 templum
547 3192 583 3253 in
599 3190 808 3254 monialium
823 3188 1007 3251 coenobiis
1022 3186 1265 3266 praedicatum
1280 3196 1346 3249 est.

425 3300 496 3363 257.
540 3298 646 3361 Pater
661 3307 780 3360 autem
790 3295 946 3378 Jacobus
957 3295 1001 3358 de
1015 3292 1188 3371 Guzman,
1201 3292 1416 3357 Florentiam
1429 3296 1559 3359 missus
1574 3295 1599 3374 ²,

365 3416 552 3487 postquam
567 3412 783 3484 exposuerat
797 3402 1029 3465 christianam
1042 3400 1253 3477 doctrinam,
1270 3401 1353 3464 dum
1374 3419 1395 3463 a
1416 3402 1601 3483 discipulis

364 3514 539 3576 rationem
553 3511 631 3591 eJ'us
644 3510 865 3591 reposcebat,
880 3507 949 3571 viri
965 3524 1008 3571 ac
1028 3506 1204 3584 mulieres,
1226 3508 1350 3570 eadem
1370 3509 1545 3573 audiendo
1561 3524 1597 3573 et

365 3618 605 3695 retractand0,
619 3616 860 3680 addiscebant.
877 3612 977 3678 Idem
1003 3613 1108 3677 Pater
1134 3613 1272 3677 duobus
1287 3614 1463 3681 nobilibus
1485 3616 1600 3697 hispa·

365 3726 421 3788 nis
435 3742 517 3788 cum
530 3724 702 3787 exercitia
714 3722 928 3801 tradidisset,
944 3731 1091 3801 uterque
1100 3720 1146 3783 ad
1157 3719 1372 3784 Societatem
1383 3740 1600 3802 propensum

363 3832 522 3895 animum
537 3831 701 3894 habebat.
718 3828 829 3893 Erant
844 3838 964 3891 autem
977 3827 1014 3889 in
1035 3827 1162 3889 litteris
1182 3828 1296 3890 sacris
1315 3830 1450 3893 versati
1471 3839 1506 3892 et
1520 3847 1598 3910 pro·

366 3940 420 4003 bis
435 3939 591 4001 moribus
607 3936 734 4000 ornati.

424 4044 496 4108 258.
540 4044 629 4109 Cum
644 4044 711 4107 hoc
727 4059 820 4105 anno
836 4041 929 4104 sicut
945 4050 980 4103 et
996 4040 1224 4120 praecedenti
1239 4042 1364 4121 gravis
1378 4043 1527 4123 penuria
1541 4060 1599 4123 po·

365 4153 486 4233 pulum
500 4161 688 4231 premeret,
704 4150 851 4212 multum
867 4148 1001 4227 negotii
1016 4148 1147 4210 nostris
1163 4164 1336 4227 pauperes
1349 4148 1598 4230 exhibuerunt,

364 4268 400 4322 et
417 4260 625 4321 charitatem
637 4255 827 4320 exercendi
838 4255 1064 4318 occasionem
1075 4256 1324 4334 praebuerunt,
1340 4257 1599 4321 conveniebant

407 4499 417 4531 ¹
445 4498 564 4553 Intelllge
575 4510 624 4542 non
635 4497 774 4541 secundnm
784 4497 876 4540 leriam
888 4503 945 4550 poet
961 4495 1122 4541 Dominicam
1138 4496 1363 4551 quadragesimae,
1383 4498 1442 4551 red,
1461 4510 1508 4552 pro
1527 4500 1600 4553 vulgi

365 4582 436 4614 more
452 4554 668 4624 quadragesimae
685 4568 740 4611 dles
758 4565 917 4618 recensendi,
937 4567 1049 4611 alteram
1066 4576 1123 4620 post
1140 4567 1233 4611 feriam
1248 4578 1369 4622 quartam
1385 4568 1505 4613 Cinctum
1524 4571 1599 4621 diem,

364 4654 433 4695 quae
444 4641 491 4685 snit
502 4639 638 4683 Februarii
649 4644 780 4693 postrema
790 4648 835 4681 seu
844 4637 895 4681 28.Ιι

406 4714 419 4745 ⁸
445 4712 511 4756 Vide
522 4722 610 4765 supra,
621 4721 681 4765 pez.
692 4708 726 4763 ⁴2,
738 4721 763 4753 n.
773 4710 810 4753 78.
