3717 5400
370 481 427 541 220
831 481 959 541 Carior.
980 480 1057 539 Soc.
1079 481 1149 554 με.

372 645 479 707 quam
508 625 623 690 Roma
648 628 873 692 discesserat.
903 628 949 691 Et
973 644 1112 690 summa
1136 627 1271 690 laetitia
1296 636 1370 690 tam
1394 627 1601 705 Pro-regem

371 751 480 814 quam
494 743 638 798 nostros
655 752 719 797 suo
735 734 891 798 adventu
907 733 1026 798 affecit
1044 731 1064 793 ¹.

431 841 501 905 635.
545 841 640 905 Inter
664 843 793 905 mullos
821 842 961 920 socios,
990 858 1079 922 quos
1103 840 1218 905 Roma
1243 842 1464 920 adduxerat,
1493 841 1601 922 aliqui

371 958 474 1012 erant
495 949 771 1028 adolescentuli,
794 965 883 1030 quos
905 949 985 1027 ille,
1008 957 1047 1013 ut
1068 957 1282 1013 exoneraret
1306 950 1449 1012 domurn
1473 947 1602 1012 Roma-

372 1073 473 1134 nam,
500 1072 622 1118 secum
644 1055 851 1119 adduxerat.
876 1056 988 1119 Erant
1009 1064 1043 1118 et
1065 1056 1156 1119 inter
1181 1056 1261 1119 illos
1282 1057 1391 1137 aliqui
1415 1057 1499 1120 boni
1522 1072 1602 1135 ope·

372 1163 470 1225 rarii.
496 1162 541 1226 Et
565 1163 648 1243 quia
669 1161 707 1226 P.
731 1162 891 1240 ignatius
912 1160 1065 1226 Romam
1087 1163 1180 1226 mitti
1198 1160 1354 1242 Jusserat
1378 1163 1418 1226 P.
1445 1162 1601 1228 Anniba·

373 1272 442 1332 lem
462 1269 603 1349 'primo
625 1287 723 1349 vere,
740 1269 869 1333 obnixe
890 1271 1035 1349 rogavit
1052 1269 1092 1333 P.
1114 1269 1351 1334 Provinciaiis
1364 1280 1402 1334 ut
1423 1288 1534 1350 usque
1556 1269 1602 1333 ad

374 1385 582 1438 autumnum
608 1375 691 1439 anni
713 1377 894 1457 sequentis
915 1376 964 1440 ibi
989 1376 1269 1457 relinqueretur,
1293 1391 1369 1440 tum
1394 1386 1431 1440 ut
1455 1395 1521 1440 sua
1544 1394 1603 1440 au·

375 1483 540 1546 ctoritate
573 1499 706 1546 novum
740 1483 936 1546 rhetorices
968 1493 1237 1564 praeceptorem
1266 1483 1499 1548 Franciscum
1529 1482 1603 1547 Ste-

372 1588 529 1668 phanum
549 1587 561 1620 ³
579 1589 733 1670 juvaret,
756 1599 830 1652 tum
857 1599 896 1653 ut
917 1589 1104 1654 historiam
1131 1591 1323 1671 quamdam
1344 1590 1494 1671 Collegii
1515 1589 1605 1654 Mes·

375 1696 548 1775 sanensiS,
571 1713 677 1776 quam
700 1707 877 1776 coeperat,
901 1697 1103 1760 absolveret
1126 1696 1149 1774 ⁴,
1166 1708 1201 1760 et
1223 1708 1260 1760 ut
1281 1698 1463 1777 dialogum
1485 1714 1603 1778 quem·

372 1802 456 1865 dam
478 1803 524 1866 ad
548 1803 746 1866 studiorum
770 1805 1039 1867 renovationem
1065 1804 1280 1882 conficeret,
1304 1804 1603 1885 quemadmodum

301 1931 307 1944 ·
374 1926 468 1970 anno
493 1910 721 1989 praecedenti
746 1927 827 1974 cum
857 1927 990 1990 magua
1012 1911 1269 1990 approbatione
1290 1911 1472 1990 Pro-regis
1493 1923 1527 1974 et
1549 1927 1605 1973 ur·

374 2015 428 2078 bis
443 2015 550 2078 totius
566 2016 780 2080 coniecerat.

436 2335 506 2398 636.
551 2335 656 2400 Anno
679 2339 853 2418 superiori
875 2339 1048 2418 scriptum
1072 2349 1125 2401 est
1147 2339 1190 2402 de
1212 2338 1362 2418 Collegii
1386 2337 1605 2419 Syracusani

377 2442 486 2505 initiis
503 2442 525 2502 ⁵.
552 2442 802 2508 Convenerant
824 2454 942 2508 autem
964 2446 1078 2508 nostri
1099 2463 1180 2508 cum
1205 2463 1247 2508 ea
1271 2446 1431 2524 civitate,
1456 2455 1494 2508 ut
1509 2445 1603 2508 iutra

376 2561 529 2628 quatuor
554 2567 694 2614 menses
719 2550 823 2630 hujus
845 2553 932 2615 anni
955 2553 1088 2615 nullum
1114 2553 1158 2615 de
1182 2554 1315 2616 nostris
1340 2552 1479 2615 mittere
1500 2567 1602 2632 coge-

376 2673 506 2734 remur,
530 2657 682 2722 sediliis
704 2659 887 2739 absolutiS,
911 2668 949 2722 ut
971 2669 1122 2740 quatuor
1147 2677 1192 2722 ex
1215 2659 1346 2724 nostris
1368 2677 1410 2723 eo
1426 2659 1603 2723 mitteren-

375 2775 444 2842 tur,
460 2775 495 2827 et
511 2774 697 2845 postquam
713 2766 910 2829 aedificium
932 2766 1070 2830 finitum
1089 2777 1199 2846 esset,
1221 2767 1383 2841 totidem,
1409 2778 1447 2830 ut
1472 2767 1521 2829 ita
1543 2784 1606 2830 nu·

377 2888 474 2935 mero
490 2882 609 2935 essent
631 2882 723 2951 octo;
740 2874 903 2953 quamvis
918 2873 1054 2937 reditus
1074 2892 1095 2936 a
1116 2874 1262 2937 civitate
1282 2873 1456 2953 assignati
1475 2874 1602 2936 ducen-

375 2990 492 3042 torum
518 2998 709 3045 aureorum
731 3000 929 3047 annuorum
949 2980 1024 3061 jam
1052 3000 1074 3043 a
1097 2979 1295 3061 Septembri
1317 2981 1400 3043 anni
1423 2978 1606 3061 praeteriti

376 3086 550 3164 assignati
564 3087 723 3168 fuissent,
741 3089 804 3151 sed
827 3087 989 3151 aedilicio
1008 3088 1242 3151 instaurando
1263 3087 1353 3150 haec
1374 3087 1526 3167 pecunia
1545 3087 1607 3150 im·

375 3193 603 3273 pendebatur.
620 3194 709 3259 Cum
724 3205 842 3259 autem
859 3195 895 3260 P.
912 3196 1069 3278 Joannes
1083 3194 1264 3275 Philippus
1280 3193 1464 3273 CassinuS,
1488 3194 1525 3257 in
1546 3212 1610 3257 na·

376 3300 499 3363 talitiis
512 3300 612 3364 iestis
634 3303 717 3365 anni
738 3304 922 3382 praeteriti
943 3301 1144 3383 Syracusas
1167 3302 1335 3379 venisset,
1359 3311 1398 3364 ut
1419 3301 1609 3365 consessio·

374 3424 457 3469 nem
473 3406 516 3469 D.
529 3406 631 3471 Sueri
642 3409 685 3471 de
698 3408 801 3488 Vega
814 3409 963 3487 audiret,
976 3418 1011 3472 et
1022 3410 1108 3473 novi
1119 3407 1268 3487 Collegii
1279 3425 1369 3488 opus
1380 3408 1529 3487 videret,
1541 3408 1610 3471 hoc

376 3524 531 3593 pactum,
548 3516 642 3595 quod
657 3516 822 3591 diximus,
840 3534 921 3580 curu
937 3518 1083 3580 civitate
1099 3517 1211 3580 inivit.

417 3791 426 3824 ¹
455 3792 493 3836 ei.
504 3804 583 3847 supra
594 3792 673 3846 dicta,
684 3805 743 3848 pag.
755 3794 795 3837 193
806 3799 832 3838 et
842 3794 889 3848 tot,
898 3806 923 3838 n.
933 3794 982 3845 559.
990 3794 1034 3839 ubi
1044 3794 1159 3839 nonnihil
1169 3796 1273 3839 diverse
1282 3795 1348 3839 haec
1358 3800 1511 3839 narrantur.

417 3865 428 3895 ¹
457 3865 486 3909 P.
498 3866 653 3909 Annibalem
663 3866 694 3909 dc
705 3864 843 3910 Coudreto.

415 3934 427 3965 ὃ
454 3937 520 3981 Vide
532 3936 608 3991 hujus
616 3937 720 3982 litteras
727 3937 861 3981 Messanae
870 3936 896 3979 18
903 3936 964 3991 Mali
972 3938 1048 3993 huius
1057 3938 1117 3982 anui
1126 3938 1203 3982 datas
1214 3938 1239 3982 in
1247 3935 1370 3981 Litterae
1379 3936 1611 3990 Quadrimesires,

376 4016 396 4054 t.
412 4020 450 4063 ιιι,
464 4020 524 4063 pag.
541 4008 682 4053 tet-“lite
697 4008 789 4052 summi
804 4008 879 4052 homo
896 4010 1001 4064 ingenii,
1020 4010 1126 4054 maximi
1137 4010 1216 4054 animi
1233 4018 1478 4063 consummataeque
1493 4008 1612 4063 virtutis,

376 4080 585 4134 periclitantibus
599 4082 682 4134 (peste
704 4080 820 4133 Brixiae)
837 4080 928 4124 adesse
945 4081 1079 4135 flagitavit
1101 4088 1128 4125 et
1144 4082 1307 4136 impetravit,
1322 4092 1354 4125 uc
1372 4082 1470 4135 inipso
1487 4079 1611 4125 caritatis

375 4152 466 4207 oillcio,
477 4152 630 4207 contagione
641 4152 751 4197 afflictus
760 4158 800 4195 est
814 4158 894 4206 atque
910 4160 1078 4207 consumptus
1087 4156 1163 4204 (anno
1174 4154 1260 4211 1577),
1276 4154 1449 4206 Aomaual.
1459 4164 1491 4206 c..
1504 4163 1563 4207 cap.
1573 4162 1612 4205 11,

377 4235 466 4268 mara.

417 4298 429 4330 ⁴
455 4296 518 4341 “Hic
528 4297 652 4348 (Annibal
662 4296 694 4339 de
705 4294 844 4351 Coudreto)
858 4306 916 4339 cum
932 4294 1105 4340 Messanensis
1122 4295 1231 4352 Collegit
1242 4305 1269 4341 et
1284 4296 1438 4342 Provinciae
1448 4297 1551 4342 Siculae
1568 4308 1613 4341 res

376 4375 466 4421 gestas
476 4371 509 4412 ab
519 4370 653 4423 utriusque
663 4368 736 4413 initio
747 4369 779 4411 ad
791 4368 917 4412 decimum
927 4378 1008 4422 usque
1018 4380 1114 4413 annum
1124 4370 1214 4423 latine.
1229 4381 1311 4425 neque
1326 4370 1465 4414 admodum
1478 4370 1614 4423 inelegan-

377 4447 418 4483 ter
428 4440 612 4495 contexuisset,
623 4440 696 4494 culus
703 4441 896 4495 autographum
905 4440 1031 4483 ineditum
1039 4438 1166 4492 Codlccm,
1174 4441 1201 4485 ln
1208 4440 1363 4486 Mamertina
1373 4440 1513 4486 Societatls
1520 4441 1615 4485 biblio·

378 4513 456 4555 theca
466 4522 561 4566 magna
572 4522 635 4555 cura
649 4517 793 4563 servatum,
808 4517 898 4565 utpote
909 4511 1034 4555 Auctoris
1050 4513 1168 4565 aequalis
1177 4518 1204 4556 et
1214 4513 1312 4557 oculati
1326 4512 1457 4569 auritique
1472 4513 1558 4567 testis,
1567 4511 1615 4557 itt-

378 4585 476 4627 storiae
485 4584 576 4626 ducem
590 4592 768 4637 sequemur...„
784 4583 928 4632 Aoniam.
940 4583 958 4627 l.
969 4593 1001 4636 c..
1011 4593 1069 4635 cap.
1080 4594 1097 4633 ι,
1105 4594 1131 4625 n.
1141 4583 1279 4637 v.-liujus
1294 4584 1391 4629 codicis
1406 4596 1453 4629 uos
1467 4584 1615 4638 exemplum

377 4657 476 4699 nulium
486 4654 606 4699 vidimus.

419 4728 430 4759 ³
457 4728 533 4781 Vide,
543 4734 562 4771 t.
573 4738 609 4771 tv.
621 4738 683 4783 pag.
696 4728 795 4781 229·232,
805 4740 836 4771 nn
854 4729 953 4771 otiolo.
