3717 5400
796 484 859 543 Au.
886 485 958 544 1555
1457 485 1494 542 43

253 627 468 696 Societatem
486 637 646 694 nostram
660 630 831 694 accedere
847 630 1117 709 constituerant,
1138 629 1335 710 judicatum
1357 641 1410 694 est
1432 647 1492 693 ex·

255 737 377 817 pedire
391 737 437 800 ad
451 754 638 802 commune
652 739 799 816 bonum,
821 747 859 800 ut
880 739 1008 802 nonin
1029 735 1243 800 Societatem
1264 736 1490 800 admitteren-

253 853 324 909 tur.
343 843 442 908 Alter
456 861 580 908 eorum
594 853 672 908 erat
686 844 750 908 Dr.
766 844 906 926 Gaspar
920 844 964 908 de
979 843 1116 924 DoctiS‚
1133 860 1237 924 quem
1249 844 1404 907 diximus
1416 843 1488 907 Gu-

254 952 485 1016 bernatorem
497 969 576 1016 esse
591 951 718 1016 domus
731 952 968 1030 Lauretanae‚
985 952 1045 1031 qui
1060 967 1141 1014 cum
1153 953 1221 1014 hoc
1233 968 1326 1014 anno
1338 950 1490 1014 Romam

255 1059 423 1136 venisset,
450 1058 590 1138 ingredi
614 1057 828 1124 Societatem
854 1068 1015 1122 nostram
1044 1067 1078 1121 et
1106 1057 1362 1139 professionem
1391 1056 1488 1120 emit·

254 1173 331 1228 tere
346 1166 503 1244 volebat,
518 1165 620 1246 Juxta
639 1165 845 1230 facultatem
866 1183 971 1246 quam
988 1183 1009 1227 a
1028 1164 1138 1230 Paulo
1158 1166 1262 1230 tertio
1285 1175 1487 1245 acceperat,

254 1271 514 1352 professionem
528 1274 663 1337 scilicet
678 1274 798 1337 statim
813 1273 1006 1336 emittendi.
1020 1271 1089 1338 Sed
1104 1289 1185 1336 cum
1198 1273 1313 1336 visum
1324 1280 1417 1336 esset
1428 1289 1488 1335 ex·

255 1379 390 1459 pedire,
403 1389 442 1444 ut
452 1381 570 1460 potius
584 1381 759 1460 simplicia
770 1388 855 1443 vota
867 1381 1042 1444 emitteret
1053 1390 1087 1444 et
1095 1379 1288 1444 Lauretum
1300 1388 1405 1460 atque
1416 1378 1489 1442 Au·

252 1502 397 1564 conam,
412 1487 534 1552 habitu
549 1505 614 1550 suo
629 1496 779 1566 retento,
795 1487 928 1558 rediret
948 1486 994 1550 ad
1012 1487 1158 1565 negotia
1173 1486 1347 1567 quaedam
1368 1487 1489 1565 magui

254 1595 425 1658 momenti
440 1595 486 1658 ad
500 1595 701 1659 universale
715 1596 849 1659 bonum
864 1594 1096 1674 expedienda,
1113 1594 1269 1657 obedivit
1284 1594 1352 1672 ille,
1366 1609 1487 1673 quam·

251 1699 310 1764 vis
325 1717 494 1780 magnum
508 1700 722 1766 desiderium
737 1701 1000 1782 praeseferret
1015 1717 1054 1764 se
1067 1701 1139 1764 cito
1155 1700 1365 1782 expediendi
1380 1698 1402 1761 ⁸.

313 1806 365 1872 80.
409 1807 570 1872 Venerat
594 1825 676 1873 cum
702 1827 744 1872 eo
773 1807 837 1872 Dr.
863 1807 1013 1872 Fulvius
1039 1806 1253 1886 Androtius‚
1280 1810 1486 1871 lauretanus

251 1916 465 1995 eanonicus,
493 1917 553 1996 qui
575 1915 728 1980 officium
748 1916 886 1979 Vicarii
906 1914 1086 1979 Camerini
1111 1915 1256 1996 egregie
1278 1915 1428 1994 obierat,
1452 1925 1487 1978 et

249 2021 326 2103 jam
340 2021 540 2088 Cardinalis
555 2021 746 2104 Carpensis
766 2023 801 2086 in
821 2040 925 2086 suum
945 2023 1188 2103 episcopatum
1210 2022 1487 2103 Agrigentinum

256 2128 441 2194 Vicarium
460 2129 599 2194 mittere
622 2130 795 2211 cupiebat.
818 2128 908 2194 Cum
928 2139 1047 2193 autem
1068 2130 1118 2192 illi
1138 2130 1336 2211 spiritualia
1353 2123 1487 2193 exerci-

252 2237 304 2300 tia
318 2237 468 2300 luissent
481 2237 681 2318 proposita,
705 2235 772 2300 Dei
791 2237 937 2301 servitio
960 2236 996 2300 in
1018 2235 1195 2302 Societate
1213 2255 1252 2300 se
1273 2253 1485 2300 consecrare

253 2343 379 2408 maluit
398 2343 421 2404 ¹.

309 2450 361 2516 81.
405 2449 523 2516 Senex
536 2451 594 2514 ille
610 2452 757 2532 amicus,
773 2468 878 2532 quem
891 2470 964 2516 uon
977 2451 1088 2516 fuisse
1103 2451 1298 2516 admissum
1312 2452 1348 2514 iu
1363 2449 1480 2515 Socie-

251 2567 364 2622 tatem
383 2558 537 2624 diximus
559 2557 582 2637 ³,
604 2567 682 2622 erat
701 2558 864 2623 domiuus
882 2559 1046 2639 Doymus
1060 2557 1083 2638 ⁴,
1104 2558 1308 2637 Amerinus
1326 2559 1370 2621 ab
1385 2558 1484 2621 initio

250 2663 441 2730 Societatis
455 2664 494 2730 P.
510 2665 640 2747 Ignatii
654 2665 846 2745 studiosus;
861 2666 924 2731 sed
936 2682 1018 2730 cum
1033 2665 1166 2747 aliquot
1176 2665 1299 2730 diebus
1310 2665 1347 2729 in
1359 2665 1484 2747 proba·

248 2772 346 2836 tione
360 2772 497 2851 fuisset,
510 2771 706 2852 judicatum
721 2782 775 2836 est
789 2773 957 2854 expedire
969 2774 1097 2853 magis,
1110 2783 1148 2837 ut
1159 2773 1247 2836 liber
1257 2774 1303 2837 ab
1321 2772 1484 2836 obedieu-

247 2880 300 2943 tia
315 2878 470 2945 Domino
486 2880 688 2945 inserviret.

308 2986 362 3051 82.
405 2985 478 3051 Sub
511 2986 617 3051 finem
649 2987 754 3068 huJus
783 2987 866 3051 anni
899 2988 937 3050 in
970 2985 1184 3052 Societatem
1218 2986 1394 3051 admissus
1431 2992 1485 3049 est

249 3092 317 3159 Dr.
333 3093 574 3175 Hieronymus
590 3092 802 3172 Choloredo,
816 3093 984 3175 Episcopi
996 3092 1201 3157 Cenetensis
1213 3091 1225 3123 ³
1236 3110 1282 3156 ex
1292 3109 1415 3156 sorore
1426 3110 1484 3156 ue·

245 3218 326 3283 poe,
343 3202 404 3281 qui
425 3209 509 3265 tunc
532 3202 660 3265 domus
683 3198 888 3265 Pontificiae
903 3200 1105 3281 praefectus
1119 3209 1197 3265 erat
1218 3198 1249 3279 ⁰,
1272 3200 1319 3264 ad
1340 3200 1480 3263 virilem

288 3440 296 3473 ¹
326 3440 373 3485 llis
384 3452 432 3485 non
441 3441 603 3486 obstantibus
613 3442 744 3487 durlorem
755 3442 852 3487 uostris
862 3442 971 3487 Lauretl
981 3442 1135 3497 degentibus
1149 3447 1241 3497 postea
1256 3442 1353 3487 iactum
1363 3442 1483 3487 affirmat

245 3511 551 3567 otmarusltasmva
561 3516 579 3557 1.
589 3524 621 3567 c..
632 3524 688 3568 cap.
696 3513 758 3569 ως
773 3514 808 3568 26,
823 3515 866 3559 ubl
877 3515 958 3559 etiam
973 3514 1121 3558 subludlcat
1136 3524 1264 3568 quaenam
1280 3513 1325 3557 llla
1338 3521 1425 3558 esseut
1437 3526 1481 3558 ue·

244 3584 329 3639 gotie,
340 3596 406 3639 quae
416 3587 511 3630 bonum
519 3586 670 3630 Praelatum
680 3587 804 3630 Anconae
815 3586 956 3630 subsistere
968 3586 1203 3642 cogebant-Elea
1215 3588 1306 3629 votum
1317 3591 1343 3629 et
1356 3588 1482 3641 quasdam

244 3656 281 3700 ad
292 3654 424 3711 lguatium
434 3657 537 3701 litteras
546 3658 651 3701 edemus
660 3658 687 3701 lu
697 3656 773 3702 Nova
785 3656 861 3701 Seria
878 3657 1036 3702 litterarum
1047 3658 1142 3702 Sancti
1156 3658 1369 3711 Ignorat-“ttae
1385 3658 1479 3705 Siendo

246 3728 375 3773 Poutlliee
386 3726 454 3781 Jullo
464 3728 510 3783 ΙΙΙ,
526 3730 550 3773 el
559 3730 652 3774 mlamo
669 3730 805 3773 Protector
820 3728 983 3783 (Rodulphua
998 3730 1045 3774 Pio
1060 3730 1091 3773 de
1107 3730 1197 3785 Carpi)
1211 3731 1269 3775 hizo
1285 3730 1482 3777 Goberuadora

244 3798 353 3853 Gaspar
363 3800 394 3843 de
406 3800 506 3851 Doctls.
514 3800 697 3846 Protouotarlo
707 3801 868 3856 apostolico,
879 3810 927 3855 que
937 3803 1053 3856 goberno
1063 3812 1126 3846 once
1137 3806 1226 3847 auos...
1235 3802 1261 3847 Y
1273 3806 1298 3847 el
1308 3806 1356 3848 ano
1368 3806 1479 3858 aiguieu·

245 3880 273 3915 te
283 3870 358 3924 (lodi)
367 3873 391 3915 el
402 3872 538 3917 Protector
548 3872 606 3917 ltleo
618 3873 770 3927 Arclpreste
780 3873 811 3917 de
819 3870 916 3917 Loreto
927 3872 1057 3929 aGaspar
1067 3874 1098 3917 de
1108 3874 1226 3929 Boetia„
1243 3874 1353 3925 Buacos.
1370 3875 1480 3919 Discur-

241 3952 291 3985 sus
300 3940 467 3995 historiales,
476 3943 520 3995 lib.
531 3954 568 3999 m,
579 3954 636 3999 cap.
646 3944 681 3997 28,
692 3943 707 4000 ς
718 3955 754 3987 tv.

286 4014 298 4046 ⁸
327 4012 365 4057 De
373 4014 449 4069 bulas
459 4013 546 4059 Fulvll
556 4016 678 4060 Androtll
689 4024 716 4061 et
726 4017 835 4061 duorum
845 4016 964 4070 fratrum,
974 4016 1106 4063 Horteusll
1117 4025 1143 4062 et
1160 4018 1253 4071 Curtll,
1263 4020 1307 4073 qul
1324 4030 1382 4062 eum
1397 4021 1480 4064 aecutl

242 4090 315 4138 suut.
325 4086 352 4129 ln
362 4084 521 4132 Societatem
530 4086 657 4143 ingressu,
670 4088 730 4133 vide
741 4087 861 4133 Ottvaau
875 4088 1001 4134 Massam
1011 4088 1051 4133 De
1066 4090 1158 4133 Rebus
1177 4091 1320 4134 societatis
1326 4089 1393 4146 Jesu
1410 4091 1481 4135 Com·

243 4158 488 4213 mensuriumssap.
498 4169 534 4212 rx,
541 4158 558 4215 ς
565 4160 587 4205 fl.

285 4228 298 4262 ⁸
326 4228 418 4284 Supra,
429 4242 453 4275 u.
463 4230 500 4275 79.

287 4301 300 4334 ⁴
328 4300 410 4353 liuius
419 4312 562 4357 cognomen
571 4310 629 4348 erat
640 4304 747 4359 Naeuio,
758 4306 824 4359 quod
837 4306 916 4350 etiam
927 4306 1053 4361 scriptum
1063 4309 1206 4363 reperlruus
1217 4309 1319 4364 Nagglo
1329 4315 1355 4353 et
1365 4308 1479 4364 Naggio.

244 4370 317 4415 Vide
329 4372 423 4417 Carras
432 4374 466 4417 de
475 4372 532 4419 San
544 4374 661 4428 Ignauia,
670 4377 777 4431 passim.

288 4443 302 4477 ⁸
328 4442 438 4489 Michael
448 4446 517 4492 della
527 4446 609 4492 Turre
620 4446 777 4499 (Cardlualis
789 4450 861 4509 1583).

287 4512 302 4548 ⁸
326 4514 391 4560 Erat
402 4517 444 4561 llic
456 4517 607 4565 Ceuetensls
621 4520 765 4575 Episcopus
776 4520 875 4567 Perusll
886 4524 1042 4579 Prolegatus
1052 4537 1069 4569 a
1078 4525 1146 4579 Jullo
1159 4524 1198 4571 111
1208 4536 1276 4570 anno
1293 4527 1345 4570 lb'ss
1355 4528 1479 4571 coustltu·

244 4586 633 4636 tus·oondet²a0101veonun
650 4592 734 4637 Breve
749 4594 989 4641 onorificeutisslmo
998 4599 1024 4641 lo
1041 4599 1142 4642 eblatuo
1158 4600 1201 4642 nel
1217 4598 1270 4645 1555
1283 4610 1330 4653 per
1344 4610 1391 4643 suo
1407 4598 1478 4654 Mag·

241 4656 389 4715 giordotum
400 4662 442 4715 pol
452 4662 632 4709 Govematore
643 4666 702 4709 dell'
712 4664 860 4719 Utubrltt...w
870 4666 892 4710 N
894 4679 985 4722 ovans,
993 4668 1130 4713 Elemrrter'
1138 4670 1210 4713 della
1221 4670 1311 4714 Storr'a
1321 4670 1366 4713 dei
1377 4670 1480 4714 Summe·

242 4730 382 4785 Pontefict,
391 4742 450 4779 auu.
460 4734 520 4790 1583,
532 4740 551 4779 t.
563 4746 617 4787 vm.
628 4748 687 4791 pag.
704 4738 740 4783 89.
