3717 5400
821 520 885 580 Au.
912 520 983 579 1555
1461 519 1520 579 373

345 665 432 729 1003.
476 665 515 729 In
531 667 666 730 duobus
678 667 794 747 pagis,
808 667 869 746 qui
880 665 1081 746 hujusmodi
1094 665 1282 746 neophytis
1293 665 1388 745 pleni
1399 675 1515 743 erant,

278 774 425 854 quidam
440 792 484 837 ex
500 773 630 837 nostris
646 775 779 855 aliquot
794 774 918 837 diebus
934 773 1122 836 dominicis
1142 773 1376 836 concionatus
1390 782 1456 852 est,
1479 783 1515 835 et

281 881 403 943 decem
418 890 611 961 praecepta
626 881 789 960 decalogi
809 881 861 945 eis
881 880 1090 961 explicavit,
1115 880 1241 959 quibus
1255 879 1420 943 visisunt
1434 895 1513 959 pro·

281 987 419 1065 secisse,
437 987 648 1069 praesertim
662 1005 772 1051 senex
787 987 931 1068 quidam
947 996 1052 1050 acuto
1067 987 1224 1066 ingenio,
1242 1003 1323 1050 cum
1334 1003 1405 1066 quo
1419 1000 1514 1068 post·

282 1111 388 1174 quam
399 1110 506 1174 saepe
518 1094 736 1175 disputatum
747 1095 823 1172 suit,
837 1095 926 1157 dixit
938 1093 1083 1157 tandem
1092 1111 1130 1156 se
1138 1092 1329 1157 decernere
1340 1111 1386 1156 ex
1394 1097 1515 1158 animo

282 1203 468 1281 complecti
486 1201 590 1265 fidem
606 1202 756 1280 Christi3
778 1203 942 1282 quamvis
957 1202 1051 1265 enim
1071 1202 1286 1281 baptismum
1301 1218 1424 1264 omnes
1438 1219 1514 1264 sus-

281 1309 426 1388 cipiunt,
443 1327 526 1372 rara
542 1309 738 1387 interillos
756 1319 794 1372 ut
809 1309 974 1386 diximus
992 1326 1079 1371 vera
1093 1307 1181 1370 fides
1198 1317 1267 1382 est;
1290 1320 1325 1370 et
1345 1325 1416 1370 non
1430 1325 1510 1388 poe·

280 1416 415 1479 nitendi
433 1416 570 1479 fructus
584 1416 757 1497 paulatim
771 1416 935 1496 capiendi
949 1434 994 1478 ex
1009 1416 1130 1478 labore
1150 1415 1295 1478 assiduo
1315 1415 1351 1477 in
1371 1415 1440 1477 illis
1461 1415 1512 1479 in-

279 1524 457 1587 struendis
471 1524 693 1588 videbantur.

341 1629 429 1693 1004.
472 1631 510 1694 In
530 1631 699 1712 oppidum
723 1631 870 1710 Deuiae,
893 1633 987 1712 quod
1013 1631 1174 1720 ¹Gaudiae
1201 1630 1357 1694 vicinum
1382 1637 1446 1705 est,
1471 1640 1508 1692 et

280 1737 372 1800 unde
399 1749 539 1818 partem
564 1739 738 1802 redituum
764 1756 910 1802 suorum
938 1738 1045 1802 habet
1070 1738 1267 1816 Collegium
1292 1735 1508 1814 Gandiense,

279 1845 349 1906 duo
364 1863 409 1908 ex
424 1845 556 1909 nostris
570 1854 727 1925 tempore
747 1845 1051 1924 Quadragesimae
1070 1846 1169 1909 missi
1189 1854 1282 1908 sunt.
1303 1842 1406 1907 Alter
1426 1860 1508 1923 pue·

277 1969 337 2014 ros
352 1953 584 2017 christianam
599 1953 797 2017 doctrinam
812 1954 942 2032 docuit,
961 1955 1050 2016 alter
1064 1953 1297 2016 concionatus
1308 1965 1373 2014 est.
1389 1950 1436 2014 Ut
1448 1967 1508 2014 au·

278 2073 349 2121 tem
371 2060 406 2123 in
425 2079 467 2123 ea
493 2062 748 2125 exercitatione
774 2062 989 2124 christianae
1014 2060 1197 2124 doctrinae
1222 2067 1507 2137 perseverarent,

274 2164 403 2244 juratis
429 2178 465 2231 et
493 2169 622 2248 populo
650 2179 903 2249 persuaserunt
932 2182 971 2233 ut
999 2169 1179 2231 hominem
1206 2166 1251 2228 ad
1280 2167 1349 2229 hoc
1377 2182 1508 2230 munus

277 2273 477 2338 obeundum
492 2276 657 2339 idoneum
672 2277 860 2355 eligerent;
877 2275 971 2356 quod
991 2275 1060 2355 ipsi
1080 2273 1311 2337 libentissime
1333 2273 1505 2348 fecerunt,

276 2398 357 2445 cum
372 2381 589 2446 uberrimum
604 2383 759 2446 fructum
773 2393 847 2446 tam
862 2384 975 2462 pueri,
991 2399 1099 2463 quam
1114 2389 1200 2444 natu
1214 2377 1438 2458 grandiores
1461 2398 1505 2442 ex

275 2488 343 2552 hac
358 2491 578 2553 institutione
592 2491 807 2554 christianae
823 2491 1006 2554 doetrinae
1021 2490 1264 2569 collegissent,
1282 2497 1317 2550 et
1333 2487 1382 2549 ita
1397 2487 1434 2549 in
1454 2487 1506 2549 su·

275 2605 393 2659 turum
409 2596 644 2675 colligendum
665 2607 860 2677 sperarent.

339 2704 427 2767 1005.
471 2705 647 2787 Oppidum
662 2707 732 2770 hoc
746 2705 924 2768 redditum
938 2717 993 2769 est
1006 2704 1207 2786 hujusmodi
1221 2704 1389 2784 operibus
1403 2701 1507 2765 bene·

276 2815 397 2876 volum
412 2812 581 2877 Societati
597 2824 751 2892 nostrae,
768 2831 849 2877 curn
864 2824 971 2876 antea
987 2813 1080 2893 apud
1095 2814 1192 2892 ipsos
1203 2829 1272 2875 uon
1286 2812 1374 2873 bene
1387 2808 1506 2872 audie-

275 2921 346 3001 bat,
373 2922 481 3001 aliqui
509 2922 603 2986 enim
631 2922 889 2985 obtrectatores
917 2922 1039 2984 nescio
1068 2937 1159 3001 quae
1184 2921 1270 3000 ipsis
1294 2921 1502 2998 retulerunt,

275 3046 367 3108 quae
382 3028 472 3091 falsa
486 3029 595 3092 fuisse
614 3047 659 3092 ex
678 3030 756 3109 ipsa
778 3031 852 3092 vita
872 3040 907 3093 et
930 3028 1202 3092 couversatione
1223 3035 1437 3104 nostrorum,
1462 3045 1506 3090 ac

276 3153 322 3198 ex
338 3135 425 3215 ipsis
440 3136 627 3199 charitatis
643 3136 808 3216 operibus
823 3146 1083 3215 cognoverunt.

337 3240 425 3305 1006.
469 3242 644 3323 Quamdiu
670 3244 764 3323 apud
789 3244 886 3324 ipsos
911 3244 1048 3307 versati
1068 3253 1161 3323 sunt,
1188 3244 1344 3307 ostiatim
1369 3244 1504 3307 victum

272 3351 387 3414 nostri
401 3352 631 3430 quaerebant,
653 3369 719 3415 nec
739 3354 841 3415 aliter
861 3353 970 3416 etiam
990 3352 1109 3415 oblata
1127 3361 1163 3413 et
1177 3350 1223 3413 ad
1243 3350 1505 3415 xenodochium

273 3474 294 3519 a
306 3458 435 3537 populo
448 3459 555 3521 allata
568 3454 810 3523 admittebant.
825 3460 913 3523 Tam
924 3461 1049 3523 suavis
1061 3459 1151 3522 ratio
1164 3459 1299 3522 victum
1311 3460 1505 3538 quaerendi

273 3580 318 3626 ex
333 3564 533 3629 mendicato
549 3567 601 3628 eis
615 3566 812 3631 videbatur.

336 3670 423 3733 1007.
467 3671 547 3736 Duo
563 3691 608 3736 ex
624 3674 755 3737 uostris
770 3676 816 3738 ad
827 3674 921 3738 idem
934 3674 1104 3755 oppidum
1119 3674 1300 3738 redierunt
1314 3673 1427 3755 pridie
1438 3673 1504 3738 As·

273 3779 484 3858 sumptionis
507 3780 547 3843 B.
573 3780 725 3861 Mariae,
753 3784 813 3862 qui
841 3784 915 3845 suis
944 3782 1174 3846 concionibus
1202 3781 1445 3862 frequentibus
1468 3792 1505 3845 et

274 3884 453 3949 auditione
479 3888 719 3953 confitentium
743 3901 902 3969 peccata,
929 3900 964 3954 et
988 3890 1222 3954 instructione
1249 3890 1286 3952 in
1310 3888 1504 3953 christiana

273 3992 447 4071 doctrina,
464 4003 502 4057 ut
523 4014 568 4058 ex
589 3998 709 4059 multis
729 3998 847 4077 colligi
869 3998 980 4073 licuit,
996 4007 1140 4077 gratum
1155 3996 1232 4060 Deo
1248 3996 1455 4076 obsequium
1470 4006 1505 4059 et

273 4100 421 4179 perutile
437 4101 518 4164 huic
533 4104 662 4183 populo
678 4106 949 4183 praestiterunt,
965 4106 1060 4168 etad
1076 4104 1275 4167 doctrinam
1289 4103 1415 4165 salutis
1430 4120 1503 4166 sus-

271 4206 471 4287 cipiendam
491 4228 535 4272 ex
555 4211 688 4274 nostris
706 4212 795 4275 bene
817 4211 1008 4276 admodum
1029 4212 1250 4276 deniensium
1264 4210 1375 4273 animi
1388 4210 1504 4290 dispo·

271 4314 457 4378 sitierant.

333 4422 420 4485 1008.
464 4423 594 4489 Vocati
613 4427 754 4490 suerunt
774 4429 887 4491 nostri
902 4446 923 4490 a
938 4428 1062 4511 Judice
1077 4428 1272 4492 Gandiensi
1297 4427 1305 4459 ¹
1326 4435 1363 4490 ut
1384 4428 1501 4490 virum

279 4600 480 4610 —m

313 4700 319 4731 ¹
350 4698 397 4745 lllo
412 4702 521 4756 scilicet,
537 4704 579 4757 qul
594 4702 709 4758 Justitia
725 4705 803 4759 vulgo
821 4708 1011 4760 appellabatur.
1028 4706 1092 4752 Erat
1106 4710 1128 4753 is
1143 4710 1191 4754 hoc
1206 4720 1274 4753 anno
1291 4709 1342 4753 15511
1356 4708 1503 4763 Onophrius

271 4768 333 4814 Ros.
343 4770 410 4816 Vide
420 4774 496 4829 inire,
507 4785 531 4818 n.
544 4774 604 4819 1015.
