3717 5400
775 507 839 596 Αἰ.
862 537 933 596 1555
1413 533 1469 595 ooo

235 685 409 752 Infantem
424 685 611 749 isabellam
628 682 647 763 ¹,
665 701 755 765 quae
770 701 855 764 prae
869 681 1003 764 gaudio
1016 680 1105 745 flens
1118 679 1269 759 dicebat,
1283 679 1469 745 interillos

168 832 174 846 ·
238 795 386 859 libenter
405 794 564 857 visuram
579 792 726 856 fratrem
750 807 853 854 suum
878 789 924 854 D.
944 787 1183 855 Theutonium
1198 786 1221 868 ¹,
1238 796 1273 853 et
1292 787 1467 852 Infantem

240 899 392 967 Mariam
411 897 423 932 ⁸
444 898 634 963 accersivit
651 909 690 962 ut
708 915 769 962 eos
790 897 943 977 videret,
967 913 1059 979 quae
1078 896 1338 960 multitudinem
1359 894 1454 959 admi

241 1017 332 1084 rata,
348 1007 489 1088 petebat
504 1022 550 1069 an
561 1005 671 1086 aliqui
686 1005 802 1068 adhuc
816 1011 1043 1085 superessent
1057 1021 1102 1067 ex
1116 1003 1259 1067 nostris.
1275 1001 1348 1066 Alii
1359 1003 1467 1066 etiam

242 1114 423 1195 Principes
438 1123 543 1193 atque
559 1112 664 1176 aulici
678 1121 713 1176 et
727 1127 911 1175 numerum
928 1121 962 1174 et
977 1111 1188 1175 varietatem
1202 1111 1385 1174 nationum
1407 1110 1470 1175 mi·

242 1221 424 1286 rabuntur.
441 1219 486 1284 Et
507 1237 587 1283 cum
607 1219 714 1284 etiam
733 1215 1052 1299 Archiepiscopum
1070 1216 1412 1300 Ulyssiponensem⁴
1435 1225 1471 1281 et

242 1344 391 1392 uxorem
403 1327 414 1360 ⁸
426 1326 617 1416 Pro-regis,
633 1324 706 1388 D.¹¹¹
721 1325 816 1389 Petri
832 1325 874 1388 de
890 1325 1156 1404 MascaregnaS,
1174 1326 1401 1402 salutassent,
1414 1324 1472 1390 do·

243 1450 340 1500 mum
354 1435 547 1512 redierunt,
564 1441 694 1513 etpost
709 1432 853 1496 biduum
868 1431 913 1496 ad
928 1451 1041 1496 naves
1052 1449 1091 1496 se
1102 1435 1339 1511 contulerunt,
1352 1430 1472 1496 multis

243 1559 290 1606 ex
300 1541 432 1606 nostris
444 1540 704 1618 comitantibus
717 1557 867 1620 quorum
880 1540 988 1621 aliqui
1000 1541 1107 1604 etiam
1119 1539 1154 1603 in
1166 1540 1319 1603 navibus
1329 1556 1410 1603 cum
1421 1537 1474 1602 eis

245 1657 509 1730 pernoctarunt.

309 1755 397 1819 1676.
441 1755 571 1834 Quinta
586 1755 642 1818 dle
658 1755 791 1836 Aprilis
809 1766 1048 1836 pervenerunt
1068 1755 1224 1820 Litterae
1245 1753 1476 1836 Apostolicae

246 1863 514 1944 Ulyssiponam,
530 1862 679 1942 scilicet,
697 1863 884 1942 quatriduo
899 1870 980 1943 post
1000 1878 1181 1925 recessum
1201 1863 1327 1926 classis
1345 1860 1376 1939 ⁸,
1393 1878 1477 1925 nam

248 1979 392 2051 propter
407 1969 572 2033 imbrium
588 1969 866 2048 magnitudinem
881 1978 916 2032 et
931 1969 1097 2033 itinerum
1111 1967 1352 2033 difficultatem
1369 1968 1477 2032 tabel-

249 2077 358 2140 larius
387 2077 574 2157 pervenire
603 2076 700 2156 prius
728 2091 799 2138 non
827 2085 1010 2155 potuerat;
1041 2087 1075 2139 et
1103 2075 1181 2140 Rex
1209 2076 1479 2140 excusationem
1524 2139 1531 2152 .

250 2183 326 2264 ejus
345 2182 498 2246 admisit.
525 2181 698 2262 Quamvis
718 2192 837 2245 autem
862 2199 972 2262 aegre
997 2181 1187 2246 admodum
1211 2183 1320 2247 ferret
1344 2181 1382 2245 P.
1409 2179 1479 2246 Nu·

250 2307 352 2370 guez,
367 2289 457 2370 quod
472 2307 493 2352 a
506 2299 610 2369 portu
622 2305 749 2352 securo
761 2288 991 2368 obedientiae,
1005 2307 1113 2370 quam
1124 2290 1323 2369 relinquere
1333 2305 1480 2353 necesse

250 2405 328 2462 erat
343 2394 522 2478 [recedere
532 2393 737 2476 Juberetur],
755 2394 857 2460 Sedis
867 2407 987 2460 tamen
1000 2396 1227 2477 Apostolicae
1242 2397 1410 2460 mandato
1421 2413 1481 2477 pa·

251 2505 322 2569 ruit
338 2503 360 2584 ';
378 2515 411 2567 et
434 2504 541 2567 simul
561 2519 641 2567 cum
661 2501 700 2568 P.
720 2502 878 2580 Andrea,
902 2502 1024 2584 quinta
1049 2501 1061 2535 ⁸
1084 2504 1140 2568 die
1165 2501 1251 2584 Maji
1272 2521 1294 2566 a
1314 2500 1482 2567 Portalle·

250 2611 372 2692 grensi
400 2611 579 2690 Episcopo
606 2611 807 2674 consecrati
832 2619 914 2674 sunt
938 2611 975 2674 in
1000 2610 1152 2675 ecclesia
1177 2609 1260 2675 ὃνιε
1285 2608 1481 2690 Trinitatis

251 2720 390 2784 duobus
416 2720 496 2783 aliis
521 2717 709 2800 Episcopis
731 2716 743 2749 ⁰
765 2717 1041 2799 Portallegrensi
1065 2720 1323 2799 assistentibus,
1347 2728 1484 2783 etcum

253 2842 385 2905 magna
409 2826 591 2889 hominum
611 2825 820 2906 frequentia,
842 2826 1064 2891 solemnitate
1080 2844 1123 2889 ac
1144 2822 1405 2904 aedificatione;
1421 2826 1485 2890 sed

254 2932 360 2997 biduo
376 2941 470 3011 ante,
489 2941 574 2995 vota
590 2932 766 3012 simplicia
781 2934 984 3010 emiserant,
1000 2933 1105 2997 simul
1123 2950 1204 2996 cum
1223 2933 1302 2997 aliis
1321 2932 1486 2997 Patribus

253 3040 425 3121 professis
443 3038 477 3118 ¹⁰,
494 3040 556 3103 sed
573 3042 737 3104 excusari
752 3058 823 3103 non
835 3051 1024 3122 potuerunt
1036 3042 1081 3104 ab
1093 3041 1320 3104 admittendis
1335 3041 1486 3121 dignita·

254 3149 359 3228 tibus,
382 3156 525 3228 propter
548 3146 681 3212 Summi
706 3148 886 3213 Pontificis
911 3148 1161 3213 obedientiam.
1189 3145 1426 3212 Nihilominus
1450 3148 1487 3212 in

295 3354 305 3387 ⁸
332 3352 400 3397 Vide
416 3352 538 3397 Litterae
548 3352 777 3407 Quadrimestres,
789 3360 808 3397 t.
819 3364 846 3407 rr,
855 3365 918 3409 pac.
927 3352 976 3408 675,
987 3361 1075 3399 annot.
1084 3354 1110 3400 3.

294 3422 306 3457 ¹
332 3424 506 3469 Theutonlum
518 3426 549 3469 de
560 3426 706 3481 Braoeauqa,
717 3426 749 3470 de
764 3437 815 3482 qno
823 3426 878 3481 Jam
894 3427 997 3481 saepius
1013 3427 1039 3471 ln
1053 3427 1102 3471 boc
1119 3426 1246 3471 Chronico
1260 3431 1287 3470 et
1301 3424 1452 3479 saepissime
1462 3425 1489 3469 la
1593 3411 1604 3436 ⁸

255 3498 351 3541 cartas
361 3498 393 3541 de
405 3498 459 3541 San
476 3496 589 3550 ignaria.

294 3568 306 3603 ὅ
333 3568 504 3615 Elisabetlrae
515 3569 604 3621 tiliam,
615 3578 705 3625 poatea
715 3570 881 3615 Parmenaem
890 3569 1047 3626 Principem.

295 3641 308 3673 ⁴
334 3640 401 3685 Vide
412 3652 500 3693 supra,
512 3653 571 3696 pag.
584 3642 632 3697 599,
643 3654 667 3685 ιι.
680 3642 740 3686 1617.

295 3710 308 3745 ⁸
334 3710 493 3757 Eleonoram
504 3714 535 3757 de
545 3712 738 3758 blaecarenbas.
751 3713 816 3759 Vide
826 3714 948 3759 Litterae
955 3712 1186 3770 Quadrimestres,
1197 3720 1216 3759 t.
1227 3725 1264 3761 ιιι.
1275 3724 1336 3769 pag.
1346 3712 1397 3757 aar.

295 3781 309 3816 ⁸
335 3784 465 3839 “Quinque
475 3786 508 3829 ad
519 3784 617 3829 ludiam
628 3785 761 3830 solverunt
771 3798 861 3831 naves.
872 3786 1010 3831 Praetoria
1017 3786 1088 3831 dicta
1096 3798 1112 3831 a
1120 3786 1233 3831 Domina
1239 3787 1271 3830 de
1278 3786 1392 3831 Barca...
1401 3784 1493 3829 Calen-

256 3856 297 3899 dis
311 3856 411 3909 Aprilis
426 3858 556 3911 reliquere
570 3857 692 3913 Tagum,
707 3856 820 3912 Frauco,
831 3859 848 3901 1.
861 3870 892 3913 6.,
903 3870 926 3903 n.
938 3858 1055 3903 ⁶.-tiolc
1068 3859 1147 3903 claasl
1162 3865 1285 3913 praeerat
1300 3858 1451 3903 Leonardus
1460 3855 1493 3899 de

258 3925 349 3971 Sonaa.
360 3925 618 3981 Testae-Anamari.
630 3928 750 3973 Historia
760 3930 881 3983 giralda
892 3928 1021 3987 Ethiopia
1032 3942 1049 3975 a
1059 3930 1131 3982 Atta,
1142 3932 1187 3975 lib.
1197 3942 1225 3983 rr,
1236 3941 1294 3984 cap.
1305 3930 1343 3974 20.

297 3996 308 4028 '¹
336 3996 470 4043 Mandavit
479 3998 562 4051 Julius
573 3998 610 4045 111
621 4000 692 4046 Patri
702 4001 795 4053 Joannl
805 4001 892 4047 Nuilez
903 4003 1009 4058 eiusque
1022 4003 1216 4057 coadjutoribus
1227 4008 1256 4046 ut
1271 4012 1363 4047 munna
1377 4001 1411 4046 ad
1426 3999 1494 4055 quod

256 4068 334 4113 electi
349 4076 433 4121 erant,
449 4072 547 4124 absque
563 4072 615 4115 ulla
630 4073 797 4118 excusatione
810 4082 983 4128 assumerent,
993 4075 1125 4129 noluitque
1142 4072 1353 4119 Commissarlum
1369 4072 1495 4117 constitut

258 4140 301 4195 qni
315 4140 398 4183 eidem
414 4140 487 4185 Patri
506 4141 594 4186 Noites
610 4144 716 4199 ejusque
731 4146 809 4189 sociis
823 4145 947 4201 Superior
960 4152 1039 4191 esset.
1049 4145 1116 4190 Vide
1130 4144 1495 4201 supra,pag.oo5.u.1oot,et

256 4210 354 4255 cartas
364 4213 397 4255 aa
406 4212 461 4255 San
473 4212 591 4267 lgnacio.
601 4221 620 4259 t.
632 4227 657 4269 r,
668 4226 728 4270 par.
738 4216 766 4261 90
775 4224 801 4260 et
811 4217 845 4271 91,
856 4224 883 4262 et
893 4218 982 4262 99101.

297 4282 309 4313 ⁸
335 4282 376 4328 Slc
383 4286 520 4339 perspicue
533 4287 558 4330 ln
570 4286 625 4342 ida,
635 4290 715 4333 tertio
726 4301 812 4335 nonas
820 4290 890 4335 Maii
897 4292 968 4347 apud
978 4291 1121 4347 Oriandlni,
1131 4293 1148 4336 l.
1159 4303 1192 4347 6.,
1201 4292 1244 4336 lib.
1256 4304 1300 4344 xv,
1311 4302 1335 4334 n.
1348 4288 1394 4343 1033
1404 4300 1495 4333 verum

256 4352 370 4405 raiaco.
381 4356 398 4399 l.
410 4366 442 4409 6.,
452 4369 475 4401 ιι.
488 4358 508 4410 5,
521 4362 618 4412 quarta
627 4358 708 4413 Maii:
718 4360 819 4407 Taurea
829 4364 854 4407 in
866 4362 1004 4415 Chronica,
1015 4370 1083 4418 part.
1098 4374 1125 4418 ιι,
1136 4364 1180 4409 lib.
1190 4374 1289 4418 racap,
1299 4361 1321 4415 6,
1329 4374 1355 4405 u.
1367 4362 1400 4413 16,
1420 4361 1498 4405 idem·

256 4438 306 4482 que
316 4434 343 4471 et
353 4430 483 4473 Aturrus
499 4430 525 4474 iu
542 4430 668 4475 Historia
682 4434 760 4485 zarai
774 4435 810 4479 aa
824 4434 961 4489 Ethiopia,
973 4434 1018 4481 iit).
1028 4446 1055 4488 ιι,
1067 4446 1125 4491 cap.
1133 4436 1169 4491 tt,
1184 4446 1228 4479 em
1244 4436 1341 4490 quatro
1355 4433 1389 4477 rie
1405 4431 1498 4488 Hayvi

257 4496 348 4551 Sorae,
361 4498 485 4543 Historia
496 4504 670 4557 genealogica
680 4505 715 4549 aa
728 4504 795 4551 Casa
806 4506 875 4551 Raat
886 4506 1065 4562 Portugueaa,
1074 4508 1119 4562 lib,
1129 4518 1166 4563 iv,
1174 4519 1232 4563 cap.
1242 4507 1275 4562 11,
1287 4517 1382 4551 anunm
1391 4506 1497 4559 scribit,

256 4570 303 4615 aed
314 4570 380 4615 diem
390 4576 416 4615 et
428 4582 541 4617 mensem
552 4578 751 4629 praetermittit.
1076 4564 1083 4579 '

298 4638 311 4673 ⁸
337 4642 417 4686 “Dom
428 4642 534 4699 Gaspar
544 4646 616 4698 Cam,
627 4646 705 4705 Blspo
715 4650 749 4695 da
759 4650 816 4696 illia
826 4652 857 4696 de
869 4650 932 4697 Sam
942 4651 1071 4705 Theraeo
1084 4652 1151 4697 Dom
1162 4652 1254 4709 Pedro,
1262 4650 1341 4709 Bispo
1349 4650 1501 4708 Hipponen-

260 4726 312 4769 se.„
322 4712 577 4769 Tatina-titaneos,
588 4720 605 4763 l.
616 4730 639 4765 6.

305 4783 326 4821 10
353 4786 421 4829 Vide
432 4798 520 4843 supra,
528 4801 588 4846 pag.
599 4791 648 4845 ota,
659 4794 752 4842 niati.

409 4874 447 4933 T.
464 4896 491 4934 v.
1324 4899 1358 4956 39
