3717 5400
374 498 430 556 1190
834 500 962 562 Canon.
983 504 1059 561 soe.
1081 510 1150 575 jas.

376 643 623 726 contulerunt,
654 665 744 728 quas
770 649 885 713 nostri
913 649 948 712 in
985 648 1152 712 Adventu
1187 650 1352 729 Domini,
1388 652 1610 731 approbante

376 752 414 813 P.
432 750 698 836 Provincialiet
713 754 915 835 Hispalensi
929 756 1077 819 Vicario
1096 755 1115 835 ¹,
1132 758 1168 819 in
1189 756 1342 837 quodam
1363 758 1504 837 publico
1529 762 1609 823 ioco

376 859 588 940 habuerunt,
604 880 708 943 quem
726 864 870 925 Gradus
885 862 907 941 ²,
924 875 1066 939 vocant,
1094 881 1163 944 quo
1178 864 1313 927 nobiles
1334 874 1368 927 et
1390 874 1609 929 mercatores

377 966 568 1031 admodum
583 970 784 1050 frequentes
800 971 992 1033 convenire
1007 972 1101 1034 soliti
1117 980 1230 1033 erant.

439 1072 527 1137 1336.
571 1076 691 1157 Aliqui
704 1078 826 1140 nescio
843 1077 927 1157 quid
942 1077 1165 1157 divinabant,
1187 1087 1334 1159 accepta
1350 1080 1538 1142 occasione
1561 1098 1606 1143 ex

376 1179 540 1245 doctrina
554 1192 681 1263 parum
694 1184 847 1263 sincera,
864 1200 955 1264 quae
969 1184 1109 1266 Hispali
1123 1186 1239 1248 suerat
1255 1202 1276 1248 a
1290 1185 1502 1266 quibusdam
1524 1187 1605 1249 hae·

376 1288 496 1351 reticis
510 1291 727 1369 praedicata:
743 1301 778 1355 et
793 1292 937 1373 quidam
951 1293 1043 1355 inter
1058 1293 1162 1371 ali03,
1178 1294 1238 1374 qui
1256 1292 1365 1373 judex
1385 1294 1501 1357 fuerat
1522 1311 1605 1375 quo·

376 1397 554 1476 rumdam,
578 1398 639 1478 qui
663 1399 700 1461 in
720 1398 913 1479 praedictis
931 1400 1100 1478 gradibus
1120 1401 1213 1463 male
1238 1400 1546 1480 praedicaverant,
1570 1412 1608 1463 et

376 1519 438 1565 eos
453 1504 687 1568 damnaverat
701 1504 723 1585 ³,
739 1507 833 1569 unde
848 1523 930 1569 cum
949 1506 1160 1571 invitaretur
1179 1506 1224 1569 ad
1244 1505 1443 1587 hujusmodi
1463 1509 1604 1571 concio·

375 1627 438 1672 nes
454 1611 661 1691 audiendas,
676 1613 869 1692 respondit:
889 1614 1087 1692 “Quorsum
1107 1613 1307 1693 hujusmodi
1321 1614 1607 1694 praedicationes

376 1718 439 1779 tali
453 1718 491 1780 in
505 1719 617 1797 locoi,
641 1736 704 1782 eos
721 1719 940 1799 adducendo,
958 1722 1018 1800 qui
1038 1722 1196 1784 damnati
1217 1720 1368 1799 inerant,
1391 1738 1473 1783 cum
1487 1731 1606 1785 tamen

377 1824 507 1887 ibidem
522 1826 800 1906 praedicassent.
819 1825 888 1890 Sed
902 1828 1045 1891 tandem
1070 1827 1207 1891 audivit
1226 1836 1260 1890 et
1275 1844 1348 1891 non
1363 1830 1477 1891 solum
1496 1840 1605 1891 muta·

376 1932 428 1994 vit
443 1934 665 2012 sententiam,
683 1934 744 1997 sed
759 1942 902 1999 nostros
916 1951 1106 1998 aiccersens
1122 1947 1157 1998 et
1172 1936 1464 1998 exercitationem
1486 1953 1528 1998 ac
1548 1934 1607 1997 do·

418 2248 427 2279 ¹
456 2247 544 2303 Patre,
555 2248 664 2302 scillcet,
675 2248 800 2291 Micbaeie
811 2248 842 2290 de
853 2248 949 2292 Torres
960 2254 985 2291 et
996 2248 1056 2293 Dre.
1067 2247 1211 2293 Cervantes
1222 2249 1253 2291 de
1264 2247 1380 2293 Salazar.
1459 2274 1466 2297 .

418 2320 429 2351 ²
458 2320 565 2363 Gradus
574 2322 721 2375 appellatur
731 2320 832 2375 Hispali
843 2321 955 2375 spaiium
966 2321 1093 2375 quoddam
1107 2320 1236 2374 lapidibus
1251 2328 1370 2370 stratum.
1377 2322 1453 2376 juxta
1468 2333 1555 2365 muros
1565 2334 1607 2366 ca·

378 2391 506 2435 thedralis
517 2393 650 2459 eqiessiae,
662 2392 694 2435 ad
705 2393 772 2446 quod
781 2403 829 2447 per
839 2392 942 2445 gradus
957 2393 1055 2446 aliquot
1066 2392 1224 2435 ascenditur.
1239 2393 1284 2444 ibi,
1296 2398 1324 2436 ut
1340 2394 1466 2437 Poiancus
1479 2394 1526 2445 ait.
1537 2395 1607 2438 nobi·

376 2464 414 2505 les
429 2469 456 2507 et
471 2468 630 2507 mercatores
645 2464 781 2508 admodum
795 2464 946 2518 frequentes
961 2465 1099 2507 convenire
1114 2464 1185 2508 soliti
1196 2470 1272 2507 erant
1285 2465 1475 2517 deambulandi,
1487 2465 1612 2510 confabu-
1707 2482 1713 2494 ·

377 2535 448 2578 landi
459 2543 485 2578 et
496 2536 574 2579 animi
585 2536 721 2579 relaxandi
732 2537 828 2590 gratia,
840 2542 866 2579 et
878 2542 932 2579 tam
943 2536 974 2579 de
985 2547 1013 2578 re
1023 2536 1126 2589 publica
1134 2547 1210 2590 quum
1222 2536 1252 2578 de
1265 2526 1377 2589 privatis
1387 2536 1498 2589 negotiis
1511 2546 1608 2580 sermo·

377 2617 423 2649 nes
433 2606 739 2657 miscebaris-“Graues
750 2608 827 2661 lugar
836 2609 860 2650 el
874 2610 932 2651 mas
942 2608 1043 2662 publico
1053 2621 1071 2664 y
1081 2608 1111 2649 de
1123 2610 1178 2650 mas
1193 2616 1318 2650 concurso
1334 2618 1364 2649 en
1381 2606 1501 2659 Scyllia,
1518 2606 1609 2651 Sann-

376 2679 471 2730 vmz,
481 2680 497 2722 1.
506 2690 537 2733 c,
547 2690 572 2724 n.
584 2678 714 2724 l0.-Vide
724 2680 805 2724 etiam
815 2686 903 2724 annot.
913 2691 967 2735 seq.

416 2749 428 2781 ⁸
455 2751 614 2805 Praecipuus
625 2765 721 2805 eorum,
732 2753 774 2808 qui
786 2752 811 2795 ln
821 2752 862 2795 his
872 2753 1004 2805 gradibus
1019 2752 1148 2796 haeresim
1159 2758 1204 2795 aut
1220 2753 1313 2795 saltem
1329 2752 1456 2805 quaedam
1467 2751 1610 2795 haereticis

378 2821 519 2865 familiaria
535 2829 560 2865 et
575 2823 640 2867 trita
654 2823 882 2878 praedicaverant,
897 2823 983 2867 iuerat
999 2823 1141 2867 Roderlcus
1157 2823 1187 2865 de
1203 2822 1293 2865 Valer.
1303 2821 1357 2866 “En
1373 2829 1430 2866 esta
1446 2833 1509 2876 pues
1524 2823 1607 2876 ricay

376 2894 498 2938 hermosa
509 2895 601 2939 clodad
611 2909 628 2951 y
635 2899 741 2949 paraiso
752 2896 783 2938 de
792 2896 909 2946 deleites,
919 2901 1010 2939 centro
1020 2895 1051 2938 de
1063 2897 1089 2938 la
1101 2895 1280 2938 contralaclon
1290 2895 1320 2938 de
1337 2896 1377 2938 las
1390 2894 1476 2938 indias
1487 2894 1608 2938 Occiden-

377 2968 453 3019 tales,
468 2968 647 3021 viriaporlos
658 2970 762 3012 aliosde
773 2968 827 3011 isto
839 2980 874 3011 un
885 2969 960 3011 nobie
976 2969 1118 3020 caballero,
1133 2968 1238 3010 naturai
1254 2967 1284 3009 de
1300 2966 1414 3020 Lebrila,
1430 2966 1543 3010 iiamado
1560 2965 1609 3009 Ro-

376 3039 451 3092 drigo
466 3039 497 3081 de
512 3039 607 3090 Valer,
623 3042 648 3082 el
663 3041 722 3083 cusi
737 3040 799 3082 toda
813 3051 844 3083 so
855 3040 918 3082 vida
933 3040 1050 3093 ocupaba
1065 3051 1097 3081 en
1112 3039 1254 3082 mundanos
1268 3038 1415 3092 ejerciciom
1431 3037 1608 3081 deleitandose

376 3110 469 3153 mueho
479 3121 510 3153 en
519 3111 622 3167 jugary
633 3123 717 3165 cazar,
729 3123 745 3164 y
756 3119 829 3154 tener
840 3114 936 3154 buenos
947 3112 1062 3155 caballos
1073 3123 1090 3167 y
1101 3111 1160 3154 bien
1174 3111 1336 3166 enjaezados.
1347 3110 1385 3152 De
1396 3115 1497 3164 pronto.
1508 3121 1525 3165 y
1535 3120 1610 3153 como

376 3182 398 3225 si
409 3184 542 3227 estuviera
552 3183 655 3227 movido
664 3195 712 3237 por
722 3185 904 3227 sobrenatural
915 3184 1033 3237 impulso,
1044 3195 1071 3225 se
1081 3183 1105 3225 le
1116 3183 1157 3225 vio
1166 3183 1240 3236 dejar
1251 3193 1294 3226 sus
1304 3183 1424 3236 antiguos
1433 3183 1610 3236 pasatiempos

376 3267 393 3309 y
404 3265 576 3308 consegrarse
586 3256 647 3298 todo
658 3259 674 3298 a
684 3257 709 3298 ia
720 3256 821 3298 iectura
831 3267 848 3308 y
857 3255 1014 3298 mediincion
1025 3256 1055 3298 de
1068 3257 1094 3299 la
1104 3254 1206 3304 Biblia,
1218 3265 1266 3308 que
1277 3254 1400 3306 aprendid
1412 3253 1465 3296 casl
1475 3254 1506 3296 de
1515 3263 1608 3296 memo·

376 3327 425 3379 ria,
436 3337 483 3370 con
493 3327 580 3382 ayuda
590 3327 621 3369 de
632 3337 665 3369 un
679 3339 744 3381 poco
760 3328 791 3370 de
807 3328 937 3381 latioque
953 3339 984 3370 en
997 3338 1026 3370 su
1042 3326 1165 3370 mocedad
1178 3327 1257 3370 habia
1272 3326 1416 3370 estudiado.
1432 3325 1473 3369 En
1487 3336 1569 3380 suma,
1581 3335 1608 3368 se

377 3399 434 3442 nizo
445 3410 479 3440 un
489 3399 604 3441 lanatico
615 3412 632 3454 y
643 3398 782 3452 dejandose
793 3399 869 3452 guiar
879 3410 926 3453 por
938 3409 981 3441 sus
991 3399 1095 3452 propias
1106 3398 1293 3452 inspiraciones
1304 3401 1331 3451 (y
1341 3399 1382 3442 sin
1396 3398 1463 3441 duda
1473 3409 1521 3452 por
1531 3399 1610 3451 algdn

377 3469 443 3513 libro
458 3476 621 3523 protestante
636 3481 685 3524 que
699 3471 722 3513 ie
732 3474 798 3526 cayd
809 3482 840 3513 en
853 3471 893 3514 ias
907 3481 1007 3519 manos.
1023 3481 1123 3525 suaque
1139 3469 1238 3513 Valera
1253 3483 1271 3526 y
1285 3469 1411 3512 Reinaldo
1427 3469 1457 3512 de
1473 3467 1572 3512 Montes
1584 3470 1611 3511 io

377 3539 531 3594 disimulan).
541 3545 556 3584 a
566 3543 633 3586 cada
642 3553 706 3596 paso
717 3544 824 3587 trataba
838 3544 956 3597 disputas
972 3554 1019 3586 con
1029 3543 1141 3596 cierigos
1152 3553 1167 3596 y
1179 3543 1276 3594 irailes,
1292 3541 1449 3585 echandoies
1463 3553 1494 3584 eu
1509 3541 1609 3585 saraia

377 3614 530 3667 corrupcion
540 3614 582 3657 del
595 3615 685 3657 estado
696 3615 868 3658 eclesiastica.
881 3614 905 3658 Y
915 3622 971 3658 esto
986 3615 1011 3658 lo
1022 3615 1099 3657 hacia
1109 3626 1140 3657 en
1153 3615 1237 3657 medio
1248 3614 1279 3657 de
1294 3615 1333 3656 ias
1348 3614 1437 3668 plazus
1447 3614 1506 3668 yde
1517 3615 1557 3656 las
1567 3623 1611 3656 ca·

377 3685 432 3737 iles,
443 3697 461 3740 y
471 3685 549 3728 hasta
560 3686 639 3728 enias
650 3686 755 3729 mismas
766 3686 863 3737 aradas
872 3687 902 3729 de
913 3688 940 3730 ia
950 3687 1077 3739 catedral,
1089 3698 1137 3740 que
1149 3697 1212 3730 eran
1222 3685 1290 3739 ionia
1301 3685 1332 3727 de
1343 3685 1532 3741 mercaderesy
1541 3695 1610 3728 men·

378 3756 461 3800 sidero
476 3757 507 3800 de
522 3757 630 3801 ociosos,
647 3756 758 3802 Deciase
770 3758 902 3813 inspiratio
912 3769 960 3812 por
975 3759 998 3802 ei
1009 3759 1119 3812 espiritu
1130 3759 1161 3800 de
1176 3756 1246 3807 Dios.
1261 3769 1277 3811 y
1288 3757 1380 3800 nuncio
1391 3769 1408 3812 y
1418 3757 1563 3810 mensaiero
1576 3757 1608 3800 de

377 3827 463 3872 cristo
478 3839 543 3882 para
558 3831 663 3873 aciarar
677 3831 717 3873 las
733 3830 854 3873 tiniebias
869 3830 910 3873 del
921 3841 1020 3884 errory
1037 3830 1153 3882 corregir
1168 3830 1272 3882 aqueila
1287 3829 1442 3883 generacion
1457 3828 1606 3883 adultera)-

376 3899 516 3953 pecadora.

431 3970 515 4014 Tanto
528 3970 609 4025 portio
628 3973 652 4014 el
666 3971 872 4026 propagandista
889 3972 965 4026 laico,
980 3983 1028 4026 que
1044 3975 1069 4016 ia
1086 3971 1240 4026 inquisicion
1258 3977 1320 4016 tur-o
1340 3983 1388 4026 qne
1404 3971 1524 4014 llamarle
1539 3973 1555 4014 a
1577 3981 1610 4014 su

377 4042 510 4085 Tribunal.
526 4042 564 4085 “Y
580 4052 701 4085 entonces
715 4043 781 4089 (dice
795 4041 917 4097 Ciprlano
933 4044 963 4087 de
974 4043 1083 4092 Valeral
1098 4044 1201 4098 disputo
1216 4046 1423 4087 valcrosamente
1435 4043 1465 4086 de
1477 4045 1502 4086 la
1517 4042 1610 4085 verda·

377 4116 440 4157 dera
454 4114 550 4168 lgiesia
564 4115 595 4157 de
611 4115 706 4164 cristo.
722 4115 753 4157 de
768 4127 812 4159 sus
826 4127 928 4160 marcas
943 4129 960 4172 y
975 4119 1085 4168 sedales,
1097 4116 1127 4158 de
1143 4117 1167 4160 la
1175 4115 1349 4170 justificacion
1366 4117 1407 4158 del
1423 4116 1538 4168 nombre,
1548 4127 1566 4170 y
1578 4114 1610 4157 de

376 4194 448 4230 otros
459 4187 614 4240 semejantes
622 4175 759 4240 puntos...f.
770 4199 837 4241 cuya
849 4189 948 4232 noticia
965 4187 1044 4231 Valer
1053 4187 1134 4230 habia
1146 4187 1295 4230 alcaaaario
1305 4191 1349 4230 sin
1366 4189 1469 4240 iiiiigun
1485 4187 1609 4229 talnisia-

379 4259 419 4300 rio
429 4258 459 4300 m'
468 4259 557 4312 ayadu
566 4258 697 4312 hairtona,
707 4261 766 4301 sino
775 4265 905 4313 perpura
913 4271 932 4312 y
944 4259 1096 4304 adarirobie
1108 4259 1260 4302 revelacion
1271 4259 1388 4312 divina„

430 4329 484 4373 Los
493 4329 665 4383 inquisidores
674 4341 702 4372 se
711 4331 836 4374 hubieron
846 4342 893 4374 eon
904 4333 928 4374 el
939 4343 1000 4387 muy
1010 4332 1216 4385 benignamenie;
1228 4333 1251 4373 ie
1262 4341 1388 4386 creyeron
1396 4331 1460 4382 loco,
1471 4330 1521 4386 yle
1529 4327 1612 4382 pusic-

377 4411 424 4444 ron
435 4411 467 4444 en
476 4401 596 4452 libertad,
605 4401 794 4447 confiscandole
804 4411 879 4457 parte
889 4403 921 4446 de
936 4415 979 4447 sus
989 4403 1085 4448 bienes.
1097 4403 1162 4446 Pero
1173 4415 1245 4446 como
1256 4405 1281 4446 ei
1295 4403 1411 4456 siguiera
1427 4413 1458 4444 en
1473 4400 1611 4456 suspredi·

379 4474 507 4524 cociones,
517 4473 654 4516 volvieron
665 4477 681 4517 a
691 4475 809 4519 llamarle
819 4475 929 4528 algunos
940 4477 1003 4518 aiios
1013 4475 1131 4528 despues.
1142 4476 1192 4530 yle
1204 4474 1319 4517 iricieroa
1334 4479 1497 4517 retractarse
1511 4483 1559 4526 por
1569 4473 1610 4514 ios

380 4545 442 4586 anos
452 4543 482 4586 de
494 4543 554 4596 15¹5,
565 4545 711 4587 ceremonia
722 4556 771 4599 que
781 4556 809 4588 se
823 4544 939 4598 verifico,
955 4557 987 4588 no
1002 4557 1034 4588 en
1050 4553 1112 4589 auto
1128 4545 1238 4598 publico.
1252 4545 1307 4587 sino
1322 4555 1354 4586 en
1369 4545 1394 4586 ia
1410 4541 1503 4596 igiesla
1517 4551 1610 4598 mayor

379 4621 452 4657 entre
462 4617 501 4658 ios
511 4615 557 4657 dos
567 4625 649 4659 coros.
660 4614 693 4658 Se
704 4618 727 4659 le
737 4618 852 4660 condens
863 4617 1033 4660 asambenilo
1043 4629 1061 4673 y
1072 4618 1158 4660 carcel
1172 4623 1305 4670 perpetua,
1317 4625 1364 4658 con
1375 4614 1522 4668 obligacion
1530 4613 1561 4656 de
1571 4612 1611 4656 oir

378 4686 444 4729 misa
453 4698 471 4742 y
481 4697 582 4729 sermon
597 4687 670 4730 todos
684 4689 723 4730 ios
738 4688 872 4742 domingos
886 4699 918 4730 en
932 4689 959 4732 ia
973 4688 1067 4740 iziesia
1081 4689 1122 4731 del
1139 4687 1289 4742 Salvador.„
1305 4686 1446 4730 Mannaonz
1463 4695 1481 4727 r
1495 4685 1612 4734 Panare,

380 4757 503 4800 Historia
515 4757 548 4799 de
558 4757 597 4799 los
606 4757 780 4802 heterodoxos
790 4759 941 4813 espoiloies,
950 4766 970 4803 t.
980 4769 1008 4810 11,
1017 4759 1063 4802 lib.
1075 4770 1110 4812 tv,
1122 4769 1178 4813 cap.
1189 4757 1213 4801 9.
