3717 5400
334 492 391 551 554
803 488 931 549 Canon.
953 488 1029 547 Soc.
1055 488 1125 561 Jas.

336 637 536 717 Collegium
551 646 711 701 nostrum
726 636 883 715 dotabat,
900 644 935 699 et
954 644 1028 698 tres
1049 643 1187 699 tantum
1202 644 1465 713 praeceptores,
1489 650 1575 713 quo-

337 762 417 808 rum
429 745 498 808 duo
509 745 794 825 grammaticam,
805 740 928 807 tertius
940 742 1182 805 conscientiae
1192 754 1309 818 casuS,
1320 739 1500 819 docerent,
1513 742 1573 803 vel

336 850 486 915 Sacram
501 850 732 932 scripturam,
755 850 933 930 exigebat.
950 848 1106 913 Domum
1119 857 1226 929 atque
1250 848 1392 911 hortum
1412 847 1572 926 assigna·

336 958 411 1038 bat;
426 968 461 1021 et
476 959 566 1023 inter
583 958 754 1021 ambitum
774 957 917 1037 collegii
931 956 1079 1036 triginta
1092 956 1172 1019 aliis
1191 955 1446 1034 collegiaiibus,
1471 954 1570 1017 cleri·

336 1066 391 1128 cis
406 1068 462 1129 vel
476 1067 567 1145 aiiiS,
588 1082 675 1129 suae
694 1064 848 1143 ditioniS,
869 1063 1124 1127 habitationem
1145 1061 1366 1139 aedificabat,
1392 1063 1453 1142 qui
1467 1077 1572 1124 suum

336 1172 583 1236 dormitorium
598 1184 632 1235 et
647 1171 873 1235 refectorium
888 1186 1051 1235 seorsum
1061 1169 1233 1233 habereut
1251 1177 1286 1232 et
1301 1168 1455 1231 culinam
1478 1184 1573 1231 com·

335 1294 495 1358 munem,
527 1289 562 1343 et
584 1288 621 1342 ut
647 1294 770 1343 omnes
795 1276 941 1342 Rectori
965 1276 1108 1357 collegii
1131 1286 1314 1357 parerent,
1344 1287 1380 1339 et
1406 1275 1573 1355 expensis

335 1383 538 1466 hujusmodi
553 1387 790 1466 collegialium
805 1385 941 1465 famuli,
954 1385 1014 1465 qui
1027 1385 1188 1465 utrisque
1209 1383 1438 1460 inservirent,
1453 1382 1573 1445 alendi

334 1502 449 1557 erant.
466 1492 511 1557 Et
526 1494 574 1556 ita
595 1510 676 1557 cum
701 1493 814 1556 tribus
836 1491 1127 1573 praeceptoribus
1149 1508 1214 1553 sex
1228 1489 1434 1553 scholastici
1451 1490 1567 1551 nostri

334 1599 402 1662 hoc
417 1600 532 1664 reditu
548 1601 595 1663 ali
610 1616 716 1680 posse
732 1599 959 1662 videbantur.

382 1688 470 1771 1519}
513 1706 637 1771 Voluit
659 1715 777 1770 autem
802 1704 964 1769 Marchio
989 1714 1028 1767 ut
1042 1704 1080 1767 P.
1098 1695 1329 1768 Bustamante
1343 1701 1481 1765 videret
1500 1700 1574 1764 sor-

338 1815 471 1877 mulam
487 1812 637 1877 aedificii
656 1822 691 1875 et
715 1810 754 1875 ul
781 1830 823 1875 eo
846 1820 1034 1903 praesente
1057 1827 1145 1892 opus
1167 1810 1396 1873 inchoaretur
1423 1812 1444 1871 ¹.
1460 1809 1506 1872 Et
1521 1808 1572 1871 ita

338 1937 421 1985 cum
436 1922 526 1985 situs
541 1918 640 1984 Patri
653 1919 884 1983 Bustamante
896 1921 1055 1999 placeret
1069 1926 1104 1981 et
1118 1918 1210 1981 ratio
1221 1915 1383 1994 aedificii,
1395 1914 1568 1992 Marchio,

337 2028 500 2091 evocatis
514 2026 770 2105 sacerdotibus
792 2026 981 2105 religiosis,
1003 2035 1037 2089 et
1060 2025 1181 2104 pueris
1204 2024 1388 2088 doctrinae
1408 2022 1572 2085 christia·

331 2135 417 2213 nae,
435 2145 469 2199 et
484 2136 633 2198 solemni
647 2135 878 2214 processione
893 2132 1002 2213 facta,
1019 2150 1101 2197 cum
1111 2130 1186 2212 jam
1196 2131 1426 2195 fundamenta
1444 2140 1571 2209 aperta

337 2253 469 2322 esseut,
487 2242 640 2322 primum
654 2241 809 2321 lapidem
825 2240 872 2303 ibi
886 2241 1019 2321 posuit.

381 2347 468 2413 1520.
512 2346 590 2412 Hoc
605 2357 723 2412 tamen
739 2347 940 2427 collegium,
967 2347 1049 2409 licet
1073 2346 1286 2425 incoeptum,
1315 2353 1353 2407 ut
1368 2343 1534 2421 diximus,
1551 2360 1573 2405 a

338 2454 520 2519 Societate
542 2455 736 2519 admissum
761 2472 833 2517 non
858 2463 923 2533 est,
950 2464 987 2517 et
1010 2452 1154 2534 alioqui,
1179 2470 1250 2515 non
1276 2468 1404 2531 parurn
1418 2466 1514 2513 nova
1527 2466 1570 2513 ea

340 2562 433 2626 ratio
450 2563 591 2642 collegii
605 2560 775 2626 Societati
790 2560 916 2624 fuisset
929 2565 953 2620 ¹.

383 2669 470 2734 1521.
515 2670 605 2734 Cum
622 2669 889 2749 protonotarius
904 2666 1109 2732 Ludovicus
1124 2667 1167 2731 de
1183 2666 1394 2747 Calatayud,
1411 2675 1450 2729 ut
1473 2682 1572 2747 supe·

340 2777 415 2841 rius
431 2777 584 2841 diximus
598 2775 621 2850 ³,
635 2777 671 2840 in
685 2775 817 2856 insigni
833 2776 964 2856 oppido
977 2773 1147 2854 Ocaguae
1157 2775 1301 2838 domum
1312 2783 1348 2837 et
1358 2773 1572 2854 quingentos

340 2899 470 2947 aureos
500 2883 608 2946 annui
636 2882 771 2946 reditus
797 2883 843 2946 ad
868 2882 1058 2963 collegium
1083 2882 1292 2962 erigendum
1317 2880 1517 2959 obtulisset,
1535 2890 1571 2942 et

342 2993 490 3072 ipsemet
505 2989 658 3053 officium
673 2989 851 3071 quoddam
866 2987 1022 3070 offerret,
1041 2990 1136 3071 quod
1154 2988 1289 3053 Romae
1310 2988 1465 3051 habebat
1483 2984 1571 3066 (gie-

339 3098 546 3160 m'aeratum
560 3095 573 3126 ⁴
587 3099 746 3174 vocant),
773 3097 866 3176 quod
882 3097 1097 3176 octingentis
1117 3096 1192 3159 sere
1213 3095 1332 3159 aureis
1351 3095 1457 3158 vendi
1477 3102 1571 3174 pote·

339 3217 406 3282 rat,
424 3205 469 3268 ad
484 3204 746 3285 expeditionem
765 3203 907 3267 unionis
922 3213 1162 3267 tercentorum
1176 3203 1387 3266 ducatorum
1399 3202 1572 3264 annuite·

338 3313 433 3376 ditus
455 3313 549 3392 (nam
565 3309 691 3391 reliqui
715 3310 848 3374 reditus
864 3311 1066 3374 saeculares
1078 3311 1204 3389 erant);
1218 3309 1306 3372 haec
1319 3309 1476 3389 inquam,
1491 3323 1572 3371 cum

339 3431 525 3484 transacta
551 3429 685 3495 essent,
715 3415 1018 3499 Archiepiscopus
1039 3413 1249 3493 ToletanuS,
1273 3417 1339 3479 sub
1362 3414 1465 3496 hujus
1487 3415 1573 3478 anui

340 3525 458 3606 finem,
471 3543 557 3590 suae
569 3523 743 3588 dioecesis
752 3523 967 3605 hominibus
980 3527 1043 3588 sed
1054 3525 1244 3606 praecipue
1252 3522 1573 3604 Archipresbytero

252 3680 255 3686 ι
337 3630 948 3719 etbeneficiatisoppidideOcagna,
962 3629 1572 3698 invirtutesanctaeobedientiaeet

337 3743 404 3806 sub
418 3759 534 3824 poena
550 3743 929 3810 excommunicationis
944 3739 1090 3821 maioris
1101 3738 1294 3820 praecepit,
1307 3755 1351 3801 ne
1365 3736 1442 3799 siue
1457 3735 1570 3816 ipsius

336 3868 514 3915 consensu
529 3854 600 3915 ulia
616 3853 863 3931 congregatim
881 3848 1067 3929 hospitale,
1084 3845 1283 3925 collegium,
1302 3843 1569 3919 monasterium,

379 4093 390 4126 ¹
419 4093 447 4138 P.
458 4093 674 4138 Bartholomaeus
686 4094 854 4137 Bustamante
866 4092 1061 4136 architecturae
1070 4089 1172 4143 peritus
1181 4093 1241 4132 erat
1251 4098 1298 4131 uec
1308 4097 1400 4141 parum
1415 4096 1474 4128 eum
1487 4091 1573 4129 utem

339 4168 492 4220 exercendo,
509 4175 650 4222 autequam
665 4165 823 4210 Societatem
839 4165 1033 4219 ingrederetur,
1050 4161 1205 4205 'toletanum
1220 4159 1452 4214 Archiepiscopum
1468 4165 1495 4200 ct
1508 4156 1574 4201 ulios

336 4239 454 4294 juverat.

378 4309 392 4342 θ
417 4309 523 4354 Scilicet
534 4309 602 4353 ratio
613 4307 732 4362 Collegit,
740 4309 766 4352 iu
774 4321 823 4363 quo
833 4316 858 4350 et
866 4307 949 4352 nostri
957 4306 1151 4359 cucullegiales,
1163 4304 1257 4349 clerici
1264 4307 1290 4348 at
1298 4303 1574 4356 aliadegereutquae·

341 4383 401 4426 datu
417 4384 560 4426 communia
575 4383 711 4434 habentes,
727 4380 853 4434 quaedam
865 4386 998 4434 separatu,
1013 4388 1072 4421 cum
1086 4377 1207 4420 externis
1221 4376 1333 4427 ramula,
1345 4374 1389 4430 qui
1398 4380 1426 4418 et
1441 4373 1574 4418 nostriset

341 4455 523 4508 collegialibua
534 4453 702 4498 inservirent.

379 4523 392 4558 Ι
420 4525 483 4580 Pag-
494 4525 543 4581 ⁴62,
552 4537 575 4570 u.
588 4526 646 4569 1256.

379 4595 394 4632 ⁴
419 4585 1574 4655 Jaataeaeerrulceoantur“sollicitatoresexpeditionumincuriaromana.vldeoctavia·

340 4682 401 4716 uum
416 4671 559 4724 Veturium,
576 4671 609 4715 In
625 4671 765 4714 Romanae
780 4669 860 4712 aulae
870 4667 1009 4712 Actionem
1019 4668 1045 4709 ee
1054 4664 1227 4720 Jadtciorum
1240 4673 1328 4706 mom
1339 4661 1505 4705 introductio
1514 4656 1576 4713 (Ve-

339 4743 419 4788 uctlia
431 4743 501 4798 1553),
511 4743 554 4786 lib.
565 4753 574 4786 r
586 4749 611 4785 et
622 4755 662 4796 11.„
673 4742 713 4786 Du
724 4741 822 4794 Cauca,
835 4739 1013 4785 Glossarium.
