3717 5400
340 472 395 532 218
800 474 927 544 Currere.
948 475 1025 534 Soc.
1045 475 1116 548 Jas.

340 617 443 700 hujus
459 620 609 700 virginis
626 619 647 698 ¹,
665 621 726 701 qui
740 619 854 684 sorori
867 638 952 684 suae
967 622 1004 684 in
1018 621 1088 685 hec
1102 621 1245 700 negotio
1269 622 1417 699 multum
1442 621 1578 703 diuque

340 727 569 806 adversarius
584 727 660 806 fuit,
674 738 708 791 et
722 728 811 792 alios
826 739 1010 802 senatores
1025 745 1068 792 ac
1084 728 1316 808 magistratus
1336 730 1388 792 sic
1402 729 1577 804 informas

340 843 455 911 verat,
472 843 511 896 ut
526 850 706 914 nunquam
721 834 965 916 permitterent
977 833 1066 898 haec
1080 835 1174 899 bona
1189 851 1209 896 a
1230 851 1295 910 sua
1319 852 1443 906 sorore
1458 837 1495 899 in
1506 835 1567 902 Se·

340 941 480 1005 cietatis
496 957 599 1004 usum
614 941 702 1004 dari.
726 940 836 1004 Immo
851 941 976 1006 eedem
990 941 1047 1006 die
1068 942 1135 1009 sub
1156 958 1355 1022 vesperam,
1379 943 1504 1026 plenus
1518 943 1568 1022 in·

342 1047 609 1127 dignationem,
626 1048 869 1126 atterebatur,
886 1049 994 1112 etiam
1008 1049 1105 1127 vine,
1126 1049 1173 1112 ad
1198 1049 1305 1112 aedes
1331 1048 1491 1130 hospitis,
1509 1030 1569 1131 qui

341 1154 482 1220 Patrem
508 1154 734 1221 Leonardum
758 1164 959 1235 exceperat,
972 1156 1081 1234 venit,
1107 1173 1151 1219 ac
1172 1155 1395 1235 tragoediam
1414 1173 1485 1220 nen
1500 1173 1570 1220 me·

334 1261 499 1340 ‚diocrem
514 1263 695 1340 excitavit,
712 1263 876 1343 nullaque
901 1272 1004 1326 utens
1026 1262 1165 1325 ratione
1181 1261 1324 1325 Patrem
1342 1263 1571 1329 Leonardum
1614 1329 1621 1342 ,

341 1369 453 1430 veluit
468 1369 650 1431 invadere.
673 1367 825 1432 Dicebat
845 1385 883 1431 se
898 1369 1003 1432 malle
1022 1385 1125 1432 suum
1149 1377 1256 1448 caput
1285 1369 1443 1449 perdere,
1461 1385 1568 1449 quam

341 1485 380 1538 ut
395 1473 556 1539 Societas
580 1476 698 1539 locum
718 1477 817 1539 illum
838 1475 996 1555 haberet;
1020 1475 1093 1555 sed,
1111 1475 1155 1537 ab
1170 1474 1250 1538 aliis
1272 1484 1462 1554 retractus,
1482 1476 1576 1541 indi-.

343 1582 557 1662 gnabundus
572 1583 729 1648 recessit.
745 1581 919 1646 Postridie
941 1582 1045 1662 virge
1061 1591 1254 1661 aegrotans
1272 1581 1334 1644 400
1356 1582 1569 1647 aureosira·

342 1690 389 1752 tri
404 1689 643 1768 promittebat,
659 1699 698 1753 ut
712 1689 779 1769 ipsi
793 1689 1012 1772 permitteret
1026 1687 1070 1752 de
1083 1688 1158 1752 suis
1184 1688 1286 1751 bonis
1311 1687 1519 1769 disponere;
1535 1699 1576 1760 et,

341 1813 422 1858 cum
437 1798 544 1860 nollet
558 1796 614 1860 ille
631 1796 768 1874 audire,
781 1796 1006 1874 octingentes
1029 1794 1041 1826 ¹
1063 1793 1199 1874 obtulit,
1217 1794 1313 1858 etita
1329 1795 1575 1867 conditionem.

340 1901 399 1966 ille
415 1903 564 1983 accepit,
582 1912 617 1966 et
633 1903 781 1984 ipsemet
795 1903 889 1967 misit
904 1905 940 1967 in
955 1904 1045 1971 sesto
1060 1907 1304 1971 Innocentium
1322 1905 1411 1969 dues
1433 1904 1570 1973 schabi·

339 2025 417 2087 noa,
434 2010 468 2072 in
484 2027 633 2090 querum
647 2011 849 2090 praesentia
870 2022 905 2075 et
925 2027 1049 2076 ceram
1071 2012 1219 2076 testibus
1235 2013 1338 2094 virge
1353 2012 1449 2076 dedit
1462 2013 1569 2080 situm

339 2134 383 2178 ac
409 2115 533 2180 domes
558 2117 761 2197 praedictas
782 2121 957 2196 magistro
980 2117 1202 2184 Theoderico
1223 2119 1268 2188 ad
1290 2136 1393 2184 usum
1415 2117 1569 2182 Societa-

340 2223 386 2286 tis
407 2221 431 2300 ³;
457 2233 491 2287 et
506 2240 596 2303 quae
613 2225 665 2291 sic
679 2223 893 2304 Noviomagi
907 2227 1005 2305 fiunt,
1028 2227 1157 2290 durant
1177 2235 1212 2289 et
1233 2236 1441 2306 perpetuum
1461 2225 1570 2289 robur

340 2329 485 2394 habent.

401 2436 472 2500 764.
516 2437 586 2502 Sed
607 2438 762 2518 religiosi
782 2438 857 2519 ejus
877 2439 987 2517 urbis,
1013 2458 1093 2504 cum
1107 2440 1270 2506 audirent
1293 2442 1410 2503 locum
1434 2447 1570 2507 certum

339 2542 508 2608 Societati
524 2544 690 2608 donatum
707 2562 796 2622 esse,
824 2547 934 2610 variis
958 2546 1073 2610 modis
1093 2556 1254 2612 senatum
1279 2557 1315 2610 et
1338 2545 1577 2627 magistratus.

380 2786 388 2817 ¹
422 2785 517 2830 Frater
527 2785 568 2829 hic
579 2784 720 2831 Thereaiae
730 2798 784 2831 van
795 2786 844 2833 den
855 2786 943 2841 Bergh
953 2795 979 2831 et
989 2788 1158 2833 Wendelinae
1168 2798 1221 2833 van
1230 2788 1280 2831 den
1290 2786 1384 2842 Bergh.
1393 2786 1465 2833 Petri
1475 2787 1578 2839 canisii

338 2869 467 2901 novercae
478 2865 504 2900 et
515 2857 668 2902 Theoderici
679 2857 776 2901 Canisii
787 2860 888 2913 matris,
899 2866 957 2903 erat
966 2859 1043 2910 (Vide
1058 2860 1134 2909 inira,
1149 2870 1173 2903 n.
1183 2860 1242 2911 772)
1258 2858 1444 2903 wichmannus
1459 2870 1512 2903 van
1520 2859 1571 2903 den

338 2930 415 2984 Berg.
431 2928 552 2973 Fratrem
569 2930 618 2972 hae
629 2930 741 2973 alterum
753 2930 865 2975 habuere
876 2930 1017 2975 Ductorem
1028 2930 1205 2975 Barchardum
1217 2943 1270 2975 ran
1279 2932 1328 2974 den
1338 2931 1435 2985 Bergh.
1444 2930 1569 2985 qniiuita

337 2999 1569 3057 sacrislmperatoriFerdlnando,canenieusecelesiaetS.Stephanilviennenais,et.postquam

338 3075 370 3117 ab
392 3074 452 3116 auia
477 3070 633 3116 Ferdinandi
648 3074 763 3127 recessit,
788 3073 923 3117 Arnhemii
943 3074 1056 3117 decanus
1076 3073 1202 3118 ecciesiae
1212 3074 1356 3127 collegiatis
1373 3072 1398 3117 S.
1409 3072 1570 3129 walburgis,

337 3144 561 3207 (Baaussaaaeaa,
573 3144 589 3186 1.
600 3155 630 3193 c..
642 3156 702 3199 pag.
714 3144 760 3197 116,
772 3150 860 3189 annot.
868 3145 888 3197 2,
901 3150 926 3189 et
934 3145 1054 3200 pamm),
1061 3146 1093 3189 de
1101 3157 1151 3200 que
1157 3155 1244 3199 supra.
1252 3150 1271 3189 t.
1282 3156 1318 3195 ιιι,
1327 3155 1388 3199 pag.
1399 3144 1431 3198 18,
1440 3144 1482 3187 ¹1⁴9
1488 3150 1515 3187 et
1521 3138 1580 3194 161..

378 3214 389 3247 Ι
419 3214 589 3269 delingentes
607 3214 727 3259 similiter
742 3214 894 3264 Queruntur.
904 3218 920 3259 1.
934 3228 964 3265 e..
975 3217 1019 3261 lib.
1029 3229 1074 3265 xv,
1087 3228 1112 3261 n.
1126 3216 1161 3268 28,
1172 3222 1198 3259 et
1209 3216 1401 3264 Rarmsaaao.
1410 3217 1427 3259 l.
1439 3226 1468 3269 e.,
1483 3215 1531 3259 lib.
1543 3226 1571 3269 ιι,

338 3298 397 3341 cap.
407 3298 461 3339 virt,
472 3298 496 3329 n.
507 3298 597 3340 axam
608 3288 652 3331 sed
661 3286 875 3339 Baauusaaaoan,
883 3288 925 3343 qui
934 3289 1145 3332 accuratissimus
1153 3295 1201 3343 est,
1209 3289 1372 3340 quingentis.
1380 3286 1410 3330 L.
1418 3287 1572 3341 c.,pag.5ti.

340 3364 428 3401 annot.
438 3358 459 3400 2.

379 3430 390 3459 l
418 3429 631 3483 Baaeusaaaeaa,
641 3430 656 3472 l.
668 3440 700 3482 c..
712 3440 772 3483 pag.
782 3429 830 3485 761,
840 3442 953 3482 menum.
967 3430 1017 3481 tm,
1025 3430 1101 3475 atiert
1111 3431 1309 3475 instrumentum
1322 3431 1468 3475 donationis
1478 3442 1494 3474 a
1504 3429 1570 3474 The·

339 3502 408 3545 resia
425 3502 452 3554 [i]
467 3512 519 3547 van
535 3502 582 3544 den
596 3500 684 3557 Bergh
699 3502 794 3551 iactae,
805 3512 836 3545 ex
853 3504 1017 3556 autographo
1027 3502 1085 3553 (16.1
1095 3513 1119 3556 p.
1132 3504 1152 3551 1)
1166 3502 1272 3547 Colonia
1288 3504 1329 3545 vel
1348 3502 1447 3546 Vienna
1462 3501 1576 3562 Romana

339 3572 371 3615 ad
385 3573 411 3617 S.
419 3570 549 3626 Ignatium
564 3572 651 3623 misae,
667 3572 742 3626 idque
759 3574 905 3617 arbitratur
921 3575 991 3616 allud
1002 3584 1051 3618 aon
1061 3585 1119 3617 esse
1133 3584 1210 3627 quam
1224 3574 1361 3626 epistelam
1372 3586 1388 3617 a
1398 3573 1524 3618 Thereala
1534 3574 1568 3616 ad

340 3644 368 3688 P.
378 3643 542 3689 Leonardam
555 3642 645 3689 Keasel
656 3644 770 3689 missam.
781 3644 956 3699 “inseriptie.,
965 3646 1047 3698 addit,
1057 3645 1233 3701 “subscriptio
1244 3646 1323 3699 loeus,
1333 3651 1435 3699 tempus
1452 3655 1534 3704 natiue
1545 3644 1577 3693 ia

341 3716 507 3769 autographa
517 3716 631 3770 epistula
642 3726 723 3770 neque
734 3717 760 3760 ia
772 3717 936 3770 autographo
945 3718 1052 3771 antique
1060 3723 1219 3771 comparent.
1230 3717 1303 3760 Unde
1313 3723 1339 3759 et
1355 3717 1456 3771 quande
1465 3716 1571 3760 litterae

341 3789 418 3833 datae
435 3794 503 3840 suut,
520 3799 552 3833 ax
563 3787 659 3835 Caninii
675 3788 771 3833 litteris
789 3788 889 3833 eruitur
903 3788 941 3837 (P.
957 3789 1071 3835 Polauco
1084 3789 1177 3835 datis8
1187 3788 1254 3840 Junii
1265 3796 1292 3833 et
1304 3789 1329 3832 16
1339 3789 1451 3844 Augusti
1463 3777 1571 3844 16611111

341 3868 459 3905 extrema
477 3860 588 3914 paginae
604 3860 698 3915 prieris
713 3867 788 3914 parte
799 3871 815 3904 a
827 3861 854 3905 P.
866 3860 1004 3905 Leonardo
1013 3860 1103 3905 Kessel
1112 3861 1159 3905 lita
1169 3862 1264 3905 saitem
1273 3861 1374 3907 omnino
1388 3860 1501 3907 videtum
1511 3858 1573 3905 scri·

340 3942 412 3987 ptum
427 3940 475 3977 cst·
495 3931 583 3975 «Hanc
598 3932 751 3985 petitionem
769 3933 873 3983 scripsit
889 3931 1034 3977 Materteta
1049 3932 1082 3975 M.
1096 3932 1250 3977 Theoderici
1268 3932 1364 3986 Canisij
1381 3939 1441 3976 ante
1463 3931 1572 3976 Mortem

340 4014 435 4049 suam.»
448 4004 518 4055 Quae
531 4002 649 4047 indicant
659 4002 763 4047 litteras
773 4003 851 4047 hasce
861 4004 894 4047 ad
906 4003 1050 4048 liessettum
1059 4004 1137 4047 datas
1146 4014 1226 4057 esse„
1235 4004 1270 4047 Et
1280 4015 1312 4046 cx
1327 4005 1368 4047 his
1377 4003 1574 4065 coniectura—de·

342 4076 410 4119 ducit
422 4086 485 4119 vere
495 4076 565 4117 anni
574 4074 648 4118 1554.

383 4146 481 4191 Verum
492 4157 571 4191 voces
579 4146 640 4191 iliae
652 4148 715 4187 ante
726 4144 840 4189 Mortem
848 4157 927 4191 suam
941 4147 1047 4191 innuere
1060 4146 1184 4191 videntur
1198 4146 1324 4201 scriptum
1335 4146 1359 4190 id
1373 4147 1573 4191 instrumentum

342 4219 424 4265 luisse
436 4230 486 4263 nen
496 4220 577 4263 multo
588 4224 704 4273 tempere
714 4224 774 4261 ante
782 4224 900 4268 mortem,
911 4220 954 4261 vei
969 4218 1035 4262 terte
1046 4230 1104 4263 cum
1111 4219 1164 4272 jam
1176 4218 1209 4261 ad
1217 4226 1327 4261 mortem
1333 4220 1490 4271 aegrotabat
1498 4218 1575 4261 dena·

343 4292 404 4337 trix.
413 4289 454 4335 ita
462 4296 552 4335 antem
561 4297 700 4345 aegrotare
712 4290 796 4344 coepit
807 4290 863 4343 ipsa
871 4290 911 4333 die
922 4289 1025 4335 Natalis
1033 4289 1135 4335 Domini
1144 4288 1302 4333 lethritne
1310 4289 1358 4333 hoc
1368 4290 1574 4349 instrumentum,

343 4363 410 4417 quod
421 4362 627 4405 Banussuaaoaa
638 4363 754 4417 appellat
765 4363 911 4415 epistulam,
922 4363 1113 4416 autographum
1131 4362 1319 4413 adversarium,
1334 4372 1379 4405 seu
1389 4362 1489 4405 notatio
1499 4371 1575 4416 quae·

342 4436 402 4478 dam
414 4433 591 4487 autographa,
600 4433 675 4487 J'uxta
688 4444 763 4487 quam
773 4444 789 4476 a
799 4433 912 4477 scabinis
923 4434 1120 4477 instrumentum
1129 4434 1232 4476 tandem
1240 4433 1370 4486 publicum
1378 4430 1576 4475 eratconficieu·

344 4505 416 4549 dum?
427 4504 482 4549 Hoc
492 4504 513 4547 si
525 4504 562 4547 lta
574 4512 621 4559 est,
633 4511 693 4547 tunc
706 4511 732 4547 et
743 4504 937 4558 inscriptionem
945 4505 1064 4549 novimus
1073 4517 1105 4547 ex
1116 4504 1235 4557 Peiance,
1246 4511 1272 4548 et
1283 4512 1383 4558 tempus
1393 4511 1419 4546 et
1428 4501 1575 4547 lecumLo·

343 4588 390 4621 cus
402 4574 600 4629 Noviomagum,
611 4576 654 4619 ubi
665 4576 833 4621 decumbebat
845 4583 870 4619 et
882 4577 994 4621 decessit
1003 4576 1135 4630 Theresla;
1146 4583 1246 4631 tempas
1255 4576 1305 4619 58!
1313 4575 1472 4626 Decembris,
1480 4576 1575 4620 testum

343 4648 498 4696 Sanctorum
509 4646 695 4700 innocentium
707 4648 841 4701 inscriptio
852 4648 924 4691 Patri
936 4648 1095 4693 Theoderico
1105 4647 1378 4694 esnisia-Publiceni
1387 4654 1473 4700 autem
1482 4646 1581 4707 instra«

344 4728 457 4763 mentum
469 4720 569 4762 nonnisi
581 4720 667 4773 alique
679 4726 735 4773 pest
749 4730 862 4773 tempore
873 4720 1074 4766 coniectumest.
1088 4720 1150 4763 Vide
1162 4720 1431 4765 mira.nn.7e're1770.
