3717 5400
365 509 422 569 122
827 508 955 568 Canon.
976 507 1053 568 Soc.
1074 507 1144 581 jus.

360 656 549 720 ordinibus
564 665 683 733 erant;
705 656 765 736 qui
785 656 837 718 sic
853 656 1019 718 delectati
1035 651 1142 734 [suut]
1159 654 1227 734 piis
1241 670 1285 715 ac
1299 651 1413 716 doctis
1428 652 1598 714 exercita·

362 763 530 842 tionibuS,
547 772 587 826 ut
602 763 732 843 ubique
746 781 789 825 ea
804 781 842 825 se
854 763 1124 844 praedicaturos
1138 761 1308 824 dicerent.

424 869 495 934 337.
539 869 749 950 Huiusmodi
760 885 847 949 ergo
859 869 966 932 rebus
977 867 1195 931 existimatio
1207 866 1408 930 scholarum
1424 864 1491 928 hoc
1503 882 1597 928 anno

363 977 469 1040 valde
483 986 589 1040 aucta
601 986 671 1053 est;
693 985 728 1039 et
742 977 803 1049 illi,
825 976 885 1056 qui
905 977 1004 1055 prius
1026 974 1230 1052 irridebant,
1253 991 1374 1036 amare
1395 983 1430 1034 et
1449 972 1596 1034 laudare

361 1085 455 1148 hanc
471 1083 728 1147 institutionem
741 1093 945 1163 coeperunt.
963 1081 1032 1146 Sed
1052 1093 1086 1145 et
1106 1082 1217 1163 pueri,
1245 1083 1281 1144 in
1303 1080 1429 1143 litteris
1449 1079 1594 1158 egregie

359 1191 598 1270 proficientes,
615 1191 723 1253 etiam
737 1190 774 1252 in
786 1190 962 1268 spirituali
977 1189 1150 1270 proiectu,
1166 1205 1229 1251 suo
1248 1186 1361 1250 officio
1374 1187 1483 1249 iuncti
1502 1195 1595 1262 sunt;

363 1315 428 1361 nec
443 1297 651 1361 omittebant
658 1299 844 1360 lectionem
858 1297 1075 1360 christianae
1086 1297 1281 1371 doctrinae,
1298 1304 1359 1357 aut
1372 1295 1479 1356 etiam
1491 1309 1596 1356 evan-

358 1406 526 1484 gelicam,
542 1421 632 1484 quae
648 1423 669 1466 a
685 1403 837 1467 Rectore
852 1403 1002 1481 Collegii
1016 1403 1116 1466 iestis
1131 1403 1256 1466 diebus
1271 1401 1478 1464 habebatur.

421 1511 491 1574 338.
535 1510 637 1590 Quod
653 1513 778 1574 attinet
789 1511 836 1574 ad
849 1519 1155 1573 sacramentorum
1172 1509 1417 1582 ministerium,
1433 1524 1513 1570 cum
1532 1506 1594 1569 ini·

361 1619 411 1680 tio
427 1617 531 1698 hujus
543 1619 628 1680 anni
639 1615 833 1697 jubilaeum
846 1609 910 1697 pro
926 1618 1079 1696 Angliae
1094 1616 1310 1688 reductione,
1332 1627 1366 1676 et
1390 1616 1422 1677 iu
1446 1626 1594 1691 aestate,

358 1725 557 1788 secundum
571 1743 593 1787 a
607 1725 717 1788 Paulo
732 1724 784 1788 IV
798 1741 1020 1799 concessum,
1037 1724 1251 1803 acceperint,
1270 1733 1374 1784 aucta
1389 1722 1453 1784 fuit
1469 1721 1595 1783 messis

360 1832 450 1895 haec
475 1832 685 1912 spiritualiS,
712 1849 803 1916 quae
828 1831 976 1910 alioqui,
1001 1848 1071 1892 non
1097 1841 1234 1893 tantum
1260 1830 1294 1890 in
1323 1827 1593 1892 solemnioribus

359 1937 472 2016 festis,
494 1938 556 2002 sed
577 1939 685 2001 etiam
705 1939 855 2016 singulis
880 1938 1068 2000 dominicis
1093 1936 1215 1999 diebus
1241 1953 1284 1998 ac
1301 1935 1440 1998 festivis
1462 1951 1595 2012 magna

356 2055 439 2108 erat
453 2045 489 2107 in
505 2046 635 2124 templo
647 2053 770 2107 nostro
786 2043 830 2106 D.
847 2043 980 2106 Luciae
995 2059 1116 2115 sacro:
1143 2043 1308 2122 quamvis
1329 2042 1479 2122 singulis
1501 2057 1596 2104 men·

359 2153 458 2214 sibus
472 2169 669 2216 concursus
683 2163 778 2215 esset
794 2149 908 2230 major
921 2151 1054 2213 civium
1073 2151 1254 2224 nobilium,
1271 2165 1305 2213 et
1322 2149 1507 2212 doctorum
1523 2166 1595 2211 non

358 2259 513 2336 exiguus
528 2275 708 2335 numerus,
725 2258 830 2322 simul
844 2274 925 2320 cum
936 2257 1166 2339 popularibus
1181 2257 1392 2336 augebatur.

420 2365 490 2427 339.
534 2365 822 2429 Concionabatur
841 2375 960 2428 autem
980 2363 1017 2426 P.
1040 2363 1255 2427 Franciscus
1276 2364 1443 2440 Palmius,
1467 2374 1541 2426 tum
1557 2363 1593 2425 in

358 2474 491 2552 templo
506 2481 640 2549 nostro,
657 2473 761 2535 solito
777 2487 857 2534 eum
870 2471 1001 2548 fructu,
1018 2470 1200 2534 sedetiam
1217 2471 1253 2534 in
1269 2472 1509 2550 compluribus
1526 2471 1596 2533 vir·

360 2579 484 2655 ginum
499 2578 736 2656 monasteriis;
752 2595 834 2640 nam
851 2578 896 2641 ad
918 2578 986 2640 tria
1012 2579 1070 2640 vel
1091 2591 1243 2657 quatuor
1268 2579 1435 2657 quotidie,
1460 2588 1591 2656 rogatu

359 2685 530 2766 Episcopi
544 2681 564 2763 ¹,
583 2685 775 2749 accedebat
791 2695 825 2749 et
839 2684 1027 2765 religiosas
1042 2685 1120 2747 illas
1135 2683 1308 2749 foeminas
1325 2686 1541 2761 instituebat,
1559 2692 1594 2747 et

356 2793 406 2855 ad
421 2793 708 2856 observationem
724 2808 870 2855 suorum
884 2792 1126 2854 institutorum
1138 2791 1325 2871 diligenter
1338 2794 1559 2869 hortabatur,
1573 2808 1594 2853 a

357 2916 429 2979 qua
450 2900 639 2979 plurimum
668 2898 895 2961 aberrabant.
922 2899 978 2961 Ex
1004 2898 1186 2961 laboribus
1208 2906 1326 2961 tamen
1352 2900 1461 2961 semel
1488 2909 1593 2977 atque

358 3006 488 3069 iterum
502 3006 539 3069 in
553 3007 717 3069 morbum
733 3004 856 3069 incidit
875 3004 914 3067 P.
930 3005 1157 3077 Franciscus‚
1175 3024 1196 3068 a
1217 3023 1286 3085 quo
1307 3016 1426 3069 tamen
1446 3003 1515 3068 Dei
1535 3021 1594 3067 au-

359 3112 444 3175 xilio
470 3114 663 3176 convaluit.
687 3111 783 3176 Idem
809 3121 927 3175 autem
953 3112 987 3174 in
1015 3112 1098 3174 anni
1128 3128 1319 3191 progressu
1345 3110 1390 3174 D.
1423 3110 1593 3174 Matthaei

359 3216 607 3298 Evangelium,
623 3219 659 3282 in
682 3234 813 3296 magna
835 3219 1018 3281 hominum
1043 3218 1225 3298 utriusque
1251 3236 1359 3281 sexus
1379 3217 1590 3299 frequentia,

356 3334 482 3388 nostro
511 3326 547 3387 in
576 3328 707 3405 templo
737 3326 941 3388 enarrabat.
971 3324 1029 3388 Ab
1057 3326 1134 3405 ipso
1163 3335 1281 3389 autem
1310 3326 1400 3389 sesto
1427 3325 1593 3389 Omnium

354 3430 571 3496 Sanctorum
582 3432 672 3495 haec
683 3433 788 3495 lectio
796 3432 983 3495 exordium
995 3432 1128 3511 babuit;
1141 3442 1175 3495 et
1184 3434 1417 3496 sublevatusa
1432 3431 1469 3496 P.
1481 3432 1590 3495 Fran·

358 3540 455 3601 cisco
468 3538 633 3603 Brunello
650 3540 685 3601 in
705 3538 915 3618 quibusdam
936 3539 1180 3617 concionibus,
1203 3556 1372 3603 enarrare
1393 3541 1497 3603 etiam
1517 3556 1594 3602 coe·

356 3647 409 3725 pit
423 3662 599 3709 summam
614 3644 736 3709 Sancti
754 3646 925 3708 Antonini
940 3643 962 3723 ¹,
979 3654 1110 3725 rogatu
1124 3646 1305 3726 Episcopi,
1324 3648 1361 3709 in
1375 3646 1462 3709 aede
1474 3645 1595 3710 Sancti

356 3750 464 3817 Petri.
481 3753 675 3816 Auditores
690 3762 809 3815 autem
824 3760 926 3814 erant
941 3750 1146 3815 sacerdotes
1161 3752 1407 3817 bononienses.

416 3858 488 3922 340.
531 3858 797 3922 Exercebantur
823 3857 1051 3921 nibilominus
1077 3858 1188 3921 nostri
1204 3858 1298 3921 domi
1323 3860 1359 3922 in
1375 3861 1518 3923 casibus
1535 3860 1592 3923 vel

352 3964 664 4029 controversiisad
674 3964 929 4028 conscientiam
941 3964 1464 4045 pertinentibusdumquolibet
1475 3984 1590 4031 sacer·

356 4071 437 4136 dote
451 4073 639 4135 lectionem
654 4072 809 4151 aliquam
824 4072 916 4133 inter
927 4070 1151 4134 coenandum
1165 4072 1403 4151 praelegente,
1422 4073 1493 4151 (alii
1513 4074 1593 4137 aliis

353 4178 594 4242 succedebant
609 4194 672 4258 per
697 4178 819 4255 vices),
846 4176 973 4241 deinde
993 4177 1252 4259 disputationes
1266 4178 1310 4241 de
1329 4180 1461 4243 eisdem
1477 4180 1595 4243 causis

357 4286 610 4365 sequebantur.

417 4391 487 4454 341.
534 4390 708 4456 Utebatur
729 4392 920 4471 plurimum
941 4392 1141 4472 Episcopus
1161 4391 1395 4455 Bononiensis
1418 4409 1526 4473 opera
1554 4392 1593 4457 P.

353 4496 540 4562 Francisci
554 4498 692 4576 Palmii,
707 4509 743 4562 et
757 4498 901 4579 quidem
914 4499 952 4561 in
967 4500 1074 4563 rebus
1089 4498 1237 4561 maximi
1252 4499 1432 4577 momenti,
1450 4514 1523 4563 non
1538 4518 1592 4563 so·

398 4668 406 4699 ⁸
434 4666 542 4720 Joannls
553 4666 704 4722 Campenl.

397 4736 409 4770 ⁸
436 4738 528 4783 Stricti
539 4737 672 4791 Antonini,
683 4737 882 4792 Archleptreopl
891 4736 1045 4793 Florentlnl,
1056 4736 1085 4783 0.
1097 4736 1134 4792 1³,
1146 4736 1262 4781 Summa
1271 4738 1428 4793 theologiae.
