3717 5400
420 455 476 528 ‘ota
874 467 1102 528 carensac.
1129 468 1200 542 Jas.

422 612 643 678 altitudinem
662 615 790 694 capitis
809 615 929 694 Bonae
945 613 1029 696 Spei
1044 632 1114 677 non
1132 629 1362 694 progressum
1384 611 1549 692 facerent,
1568 623 1632 677 uta

422 718 575 783 Domino
605 721 775 784 auxilium
803 722 1050 802 impetrarent,
1079 737 1209 784 novem
1236 720 1374 784 dierum
1403 721 1634 800 processiones

422 824 574 890 Domino
596 838 790 908 voverunt;
812 838 847 891 et
867 839 1059 909 antequam
1077 829 1158 892 illae
1177 828 1459 904 absolverentur,
1480 844 1634 908 prospere

420 943 529 1012 caput
553 935 774 1013 praedictum
795 935 915 998 Bonae
940 934 1023 1018 Spei
1046 935 1317 1016 praetergressi,
1348 951 1474 997 versus
1497 935 1635 998 insulam

421 1040 663 1104 Mozambiche
678 1052 943 1122 processerunt,
956 1052 990 1105 et
1002 1043 1036 1104 in
1050 1043 1172 1106 ultima
1184 1043 1423 1122 processione,
1440 1059 1530 1123 quae
1543 1040 1636 1105 valde

422 1149 590 1218 solemnis
608 1147 684 1228 fuit,
706 1151 835 1213 multos
848 1149 1059 1226 habuerunt,
1076 1150 1137 1230 qui
1151 1165 1283 1228 magua
1307 1166 1388 1212 cum
1409 1148 1637 1212 devotionese

421 1255 572 1333 flagellis
586 1256 798 1333 caedebant;
820 1264 854 1319 et
869 1256 952 1336 quia
967 1256 1029 1319 diu
1043 1256 1252 1318 commorati
1267 1255 1303 1318 in
1318 1256 1411 1318 mari
1426 1254 1574 1333 fuerant,
1588 1252 1637 1316 de·

423 1362 631 1440 cernebant,
653 1381 725 1426 non
745 1364 953 1442 attingendo
972 1364 1123 1427 insulam
1140 1362 1402 1441 Mozambiche,
1419 1371 1518 1426 recta
1536 1360 1639 1425 Goam

423 1485 584 1549 pergere.

485 1576 574 1640 1777.
617 1575 797 1655 Pauperes
813 1587 931 1640 autem
946 1594 1028 1640 cum
1041 1579 1160 1641 multis
1175 1578 1343 1658 lacrymis
1365 1577 1590 1657 postulabant
1606 1583 1642 1637 ut

424 1685 461 1747 in
474 1685 626 1748 insulam
645 1683 886 1748 Mozambiche
906 1686 1023 1766 potius
1041 1685 1133 1748 irent
1152 1695 1187 1748 et
1207 1685 1337 1748 ibidem
1356 1684 1577 1763 hyemarent3
1592 1700 1641 1762 pe·

423 1793 614 1855 riculosum
634 1791 727 1854 enim
746 1808 823 1854 esse
843 1791 949 1855 valde
972 1793 1063 1855 solet
1081 1802 1117 1854 et
1136 1810 1216 1855 cum
1240 1793 1432 1854 multorum
1452 1803 1566 1853 morte
1584 1790 1643 1852 iter

423 1897 508 1963 illud
523 1907 654 1978 tenere,
671 1897 776 1977 quod,
794 1916 865 1962 non
880 1897 1087 1978 attingendo
1101 1899 1253 1962 insulam
1270 1897 1527 1975 Mozambiche,
1547 1896 1638 1959 desti·

423 2006 567 2070 nabant.

487 2111 574 2175 1778.
620 2111 723 2175 Pater
753 2121 871 2176 autem
900 2113 1071 2176 Melchior
1095 2111 1252 2177 Carnero
1283 2129 1479 2194 pauperum
1508 2127 1645 2175 causam

424 2219 594 2300 suscepit,
617 2231 652 2284 et
676 2221 827 2299 rogabat
846 2221 951 2284 navis
971 2218 1190 2301 praesectum
1214 2230 1254 2283 ut
1273 2221 1390 2302 potius
1408 2217 1646 2297 Mozambiche

423 2327 592 2406 hyemare
612 2328 729 2404 vellet,
751 2344 857 2406 quam
878 2327 1044 2407 periculis
1062 2329 1187 2390 mortis
1205 2328 1316 2390 vitam
1335 2329 1531 2391 multorum
1550 2342 1646 2404 expo·

422 2452 518 2499 nere.
535 2432 741 2498 Praefectus
756 2443 886 2510 autem,
902 2443 941 2496 ut
955 2433 993 2498 P.
1010 2434 1195 2498 Melchiori
1209 2435 1443 2512 satisfaceret,
1457 2435 1648 2514 peritorum

410 2552 547 2605 ⁴coacta
564 2542 852 2620 congregatione,
866 2541 1068 2622 juramento
1083 2559 1145 2605 eos
1163 2541 1283 2620 adegit
1299 2551 1336 2606 ut
1351 2542 1435 2620 quid
1450 2540 1548 2604 iacto
1563 2555 1648 2620 opus

424 2659 518 2714 esset
538 2649 707 2713 dicerent.
730 2648 861 2713 Omnes
882 2651 999 2713 autem
1018 2647 1200 2731 jurarunt,
1219 2648 1342 2713 relicta
1366 2649 1481 2712 insula
1500 2647 1648 2712 Mozam-

424 2758 539 2832 biche,
560 2758 628 2821 iter
652 2758 809 2820 exterius
831 2756 1021 2820 tenendum
1040 2775 1129 2820 esse.
1150 2758 1239 2820 Cum
1260 2774 1347 2837 ergo
1366 2756 1403 2820 id
1422 2772 1556 2836 magno
1575 2771 1650 2819 cum

424 2865 546 2928 dolore
569 2881 764 2944 pauperum
789 2874 883 2927 esset
910 2864 1154 2941 constitutum,
1178 2865 1334 2945 suscepit
1356 2882 1479 2928 eorum
1503 2864 1650 2944 patroci-

425 2972 523 3035 nium
537 2970 647 3047 DeuS,
664 2981 699 3033 et
714 2971 871 3035 validum
888 2972 1076 3051 quemdam
1090 2982 1235 3035 ventum
1252 2972 1408 3047 immisit,
1433 2972 1493 3051 qni
1513 2969 1652 3033 omnino

429 3079 506 3159 iter,
523 3078 618 3159 quod
632 3079 699 3158 ipsi
714 3078 950 3156 destinabant,
972 3078 1168 3157 prohibuit,
1195 3088 1230 3141 et
1250 3087 1348 3141 recta
1367 3094 1428 3141 eos
1443 3077 1488 3139 ad
1504 3077 1650 3139 insulam

427 3186 647 3266 praedictam
665 3184 910 3249 Mozambiche
931 3186 1061 3263 retulit,
1082 3202 1151 3265 quo
1171 3202 1233 3249 eos
1252 3183 1407 3248 secunda
1426 3184 1483 3246 die
1502 3182 1654 3265 Augusti

428 3293 608 3373 perduxit,
636 3302 809 3355 ettamen
835 3310 907 3355 non
933 3303 1121 3373 propterea
1147 3293 1275 3357 ibidem
1298 3294 1467 3371 hyemare
1488 3291 1653 3371 oportuit,

427 3400 512 3479 quin
527 3400 644 3480 potius
664 3400 700 3463 in
720 3398 869 3475 Indiam,
893 3410 1085 3481 antequam
1103 3400 1282 3481 praetoria
1302 3400 1418 3478 navis,
1435 3410 1474 3462 ut
1495 3398 1656 3480 superius

427 3507 580 3570 diximus
596 3504 617 3586 ¹,
634 3516 885 3587 pervenerunt.

491 3614 578 3677 1779.
622 3614 665 3676 Et
680 3631 752 3677 non
768 3614 928 3677 omittam
943 3612 1037 3693 quod
1052 3615 1109 3677 vir
1123 3612 1267 3694 quidam
1282 3613 1383 3677 dives
1397 3622 1432 3675 et
1447 3613 1541 3676 bono
1562 3613 1656 3676 intel·

429 3722 521 3783 lectu
536 3720 729 3801 praedituS,
746 3723 805 3799 qui
820 3738 864 3783 ex
880 3720 996 3784 insula
1011 3718 1070 3783 sn
1088 3719 1272 3783 Laurentii
1286 3720 1322 3782 iu
1342 3718 1587 3783 Mozambiche
1600 3734 1654 3781 ve·

429 3839 542 3907 nerat,
558 3828 676 3891 retulit
688 3826 726 3891 P.
743 3828 928 3891 Melchiori
943 3826 1111 3904 Carnero,
1127 3827 1164 3889 in
1178 3827 1333 3906 quadam
1343 3827 1550 3907 praedictae
1565 3827 1655 3890 insu·

429 3938 483 3998 lae
499 3944 598 4015 parte
614 3952 736 3998 omnes
751 3951 829 3997 esse
850 3935 920 3997 albi
943 3933 1084 4011 coloris,
1108 3950 1197 4013 quos
1219 3933 1387 3997 oriundos
1406 3952 1427 3995 a
1449 3932 1659 3998 Sinensibus

429 4042 587 4123 putabat;
604 4051 638 4105 et
654 4042 738 4121 quia
753 4051 903 4105 naturae
919 4042 1014 4104 mitis
1029 4059 1072 4103 ac
1087 4041 1201 4103 bonae
1215 4040 1266 4104 illi
1280 4052 1393 4116 erant,
1412 4041 1570 4104 fructum
1590 4057 1658 4103 non

430 4149 643 4213 mediocrem
658 4165 786 4228 capere
799 4166 904 4229 posse
917 4147 1130 4212 Societatem
1142 4167 1187 4211 ex
1198 4149 1249 4211 eis
1262 4147 1472 4211 affirmabat.
1485 4146 1532 4210 Et
1544 4163 1661 4229 quam·

430 4256 485 4319 vis
518 4257 662 4320 odorem
696 4254 856 4335 aliquem
883 4266 1004 4318 sectae
1036 4254 1309 4318 Mahometanne
1343 4255 1525 4330 tenebant,
1556 4254 1594 4319 in
1620 4270 1661 4315 ea

431 4364 593 4427 instructi
605 4381 677 4426 non
692 4371 803 4426 erant.
817 4362 940 4441 imme,
954 4380 1036 4425 cum
1047 4361 1104 4425 vir
1115 4363 1173 4425 hic
1186 4376 1220 4425 et
1235 4362 1311 4443 ejus
1324 4378 1415 4424 uxor
1427 4361 1565 4443 aliquas
1579 4362 1661 4423 ima·

431 4470 532 4549 gines
547 4487 668 4533 secum
683 4468 925 4543 adduxissent,
949 4468 999 4531 illi
1020 4470 1135 4549 parati
1155 4479 1258 4532 erant
1278 4470 1324 4532 ad
1346 4471 1476 4548 omnia,
1497 4484 1590 4549 quae
1605 4465 1661 4530 do·

473 4713 481 4743 ¹
511 4710 633 4765 Pagbll,
645 4711 739 4754 n.175t.
