3717 5400
355 468 411 529 428
816 471 943 531 Canon.
966 472 1042 531 Soc.
1063 472 1132 545 Jns

356 631 448 678 nem:
466 618 606 679 curavit
629 627 747 680 autem
768 636 858 681 unus
873 638 917 681 ex
938 618 1067 681 nostris
1086 630 1124 681 ut
1139 616 1214 697 ejus
1237 617 1384 681 maritus
1405 617 1437 679 ei
1457 615 1589 680 condo·

355 732 459 786 naret
474 733 658 803 acceptam
676 725 852 805 injuriam.
868 725 1079 806 Huiusmodi
1094 727 1163 788 alia
1178 726 1329 805 plurima
1345 724 1415 787 dici
1430 734 1586 803 possent.

420 829 508 893 1147.
552 830 659 894 Domi
679 832 828 910 singulis
851 834 1014 897 noctibus
1034 832 1272 895 confessarius
1294 832 1301 861 ¹
1321 831 1504 911 spirituale
1519 831 1589 893 col-

356 936 514 1016 loquium
526 939 619 1018 apud
631 956 704 1016 e0S,
718 940 823 1020 quiin
836 940 941 1003 domo
953 940 1172 1021 probationis
1183 940 1314 1003 exculti
1325 957 1397 1001 non
1410 939 1550 1001 fuerant
1562 936 1586 1014 ',

356 1043 521 1121 habebat;
538 1045 601 1108 sed
615 1048 774 1109 veterani
786 1044 797 1075 ³
809 1047 916 1109 etiam
932 1065 1002 1109 non
1017 1048 1093 1110 sine
1107 1046 1226 1109 fructu
1240 1062 1321 1109 eum
1334 1045 1535 1123 audiebant;
1554 1052 1590 1107 et

356 1150 465 1213 aliam
479 1150 607 1215 faciem
622 1154 779 1216 induisse
794 1164 870 1216 tota
885 1155 1012 1217 domus
1026 1152 1224 1217 videbatur.
1241 1152 1330 1216 Tres
1345 1163 1406 1215 aut
1420 1161 1587 1232 quatuor,

355 1274 427 1319 non
443 1257 668 1322 mediocriter
684 1260 730 1322 ad
746 1257 934 1323 Societatis
949 1262 1146 1324 institutum
1163 1258 1291 1335 affecti,
1303 1275 1342 1322 se
1355 1258 1492 1323 admitti
1510 1274 1587 1338 pos·

357 1364 530 1442 ellabant,
546 1382 639 1428 unus
653 1384 776 1430 eorum
792 1366 978 1447 theologus
990 1378 1078 1441 erat,
1092 1367 1151 1447 qui
1164 1367 1363 1429 animarum
1375 1382 1498 1429 curam
1510 1380 1589 1443 ege·

357 1481 425 1551 rat,
440 1471 499 1551 qui
511 1482 699 1551 postquam
717 1474 888 1536 exercitia
904 1473 1102 1553 spiritualia
1120 1472 1342 1549 absolvisset,
1359 1472 1536 1535 fatebatur
1551 1488 1590 1533 se

357 1594 469 1659 usque
484 1579 530 1642 ad
545 1578 632 1643 illud
651 1589 791 1661 tempus
816 1598 940 1644 veram
964 1584 1062 1643 viam
1085 1580 1162 1643 Deo
1185 1579 1364 1643 serviendi
1389 1580 1587 1659 ignorasse,

357 1703 439 1749 cum
451 1686 582 1765 alioqui
600 1687 718 1750 multis
732 1689 836 1751 annis
852 1688 1009 1751 studiose
1024 1688 1183 1749 vixisset.

419 1792 507 1855 1148.
552 1792 770 1857 OiiiciaS.tae
781 1794 1036 1858 Hebdomadae
1049 1804 1237 1857 tantacum
1249 1793 1439 1861 devotione
1451 1794 1589 1856 externi

355 1899 542 1964 audierunt
558 1911 596 1963 ut
611 1901 873 1980 quodammodo
888 1919 954 1981 per
967 1910 1080 1963 totum
1101 1917 1233 1963 annum
1255 1911 1398 1963 nostros
1412 1899 1493 1961 huic
1509 1899 1590 1979 piae

355 2008 603 2071 exercitationi
616 2026 750 2072 vacare
763 2018 943 2087 cuperent.

417 2114 504 2177 1149.
546 2114 605 2177 Ad
616 2117 830 2195 emptionem
841 2116 978 2193 domus,
992 2116 1034 2178 de
1047 2133 1117 2196 qua
1127 2133 1220 2178 anno
1230 2114 1403 2195 superiori
1415 2114 1587 2193 scriptum

354 2234 408 2284 est
423 2222 446 2300 ⁴,
464 2222 610 2285 dederat
626 2224 691 2285 sub
712 2222 815 2285 finem
838 2224 930 2285 illius
946 2224 1039 2286 mille
1059 2233 1094 2285 et
1109 2222 1322 2303 quingentos
1341 2238 1469 2285 aureos
1491 2220 1588 2284 Prin-

354 2346 438 2407 ceps
453 2328 602 2410 Joanna,
619 2340 654 2391 et
669 2347 750 2392 cum
775 2330 922 2392 totidem
950 2329 994 2392 ad
1020 2327 1096 2409 ejus
1122 2330 1333 2393 solutionem
1357 2329 1422 2391 sub
1449 2338 1587 2407 tempus

353 2436 515 2499 Paschae
548 2436 655 2499 dandi
685 2446 819 2511 essent,
847 2450 1038 2516 antequam
1064 2447 1202 2516 tempus
1227 2435 1411 2499 solutionis
1437 2436 1587 2509 veniret,

354 2543 479 2605 eadem
491 2542 662 2623 Princeps
677 2561 756 2606 eam
772 2561 958 2620 summam,
976 2562 1067 2624 quae
1083 2544 1216 2623 reliqua
1232 2552 1321 2620 erat,
1335 2541 1440 2605 dedit.
1453 2540 1499 2604 Et
1514 2540 1587 2621 qui·

356 2649 437 2714 dem
452 2650 667 2713 intellectum
683 2659 737 2714 est
753 2649 844 2730 quod
860 2660 982 2714 mutuo
998 2650 1205 2731 accepisset,
1221 2668 1264 2713 ne
1276 2659 1479 2713 nostrorum
1495 2665 1587 2712 com-

356 2755 471 2820 modis
487 2756 625 2820 deesset
639 2755 661 2820 ⁸.
676 2757 826 2820 Animus
838 2760 946 2821 etiam
958 2758 1069 2838 ipsius
1083 2758 1184 2820 valde
1199 2758 1394 2820 benevolus
1409 2774 1451 2819 ac
1466 2757 1589 2836 regius

352 2880 454 2943 spem
469 2863 622 2926 faciebat
637 2864 731 2944 quod
746 2865 781 2926 in
797 2863 1017 2928 aedificanda
1033 2865 1184 2928 ecclesia
1200 2864 1296 2943 (nam
1311 2863 1345 2926 in
1362 2864 1397 2927 id
1410 2863 1584 2926 incumbe·

354 2971 415 3032 bat
426 2969 464 3032 P.
479 2969 712 3047 Franciscus)
725 2989 798 3034 non
809 2981 927 3034 essent
939 2971 1015 3051 ejus
1026 2973 1272 3052 eleemosynae
1284 2970 1479 3034 defuturae.
1493 2969 1587 3032 Men·

354 3094 393 3138 se
409 3089 527 3141 autem
542 3078 646 3160 Junio
663 3079 776 3141 nostri
791 3096 923 3142 novam
940 3079 1034 3140 hanc
1050 3079 1191 3141 domum
1207 3078 1361 3141 incolere
1380 3089 1585 3156 coeperunt,

353 3194 388 3247 et
403 3185 439 3247 in
454 3203 507 3260 ea,
526 3187 657 3247 nostris
668 3185 789 3248 usibus
805 3185 1120 3264 accommodanda,
1133 3185 1245 3248 nostri
1257 3184 1477 3263 diligentiam
1490 3185 1587 3248 adhi-

352 3292 492 3366 bebant,
511 3302 545 3354 et
562 3293 757 3371 quamdam
772 3293 878 3354 aliam
895 3294 1160 3369 domunculam,
1173 3291 1334 3356 aedificio
1346 3291 1519 3355 ecclesiae
1530 3309 1588 3354 ne·

352 3400 558 3475 cessariam,
577 3400 763 3462 emendam
780 3401 886 3464 etiam
901 3409 1083 3462 curarunt.

412 3507 457 3570 Et
471 3508 560 3570 haec
576 3508 620 3570 de
637 3507 797 3586 Collegio
813 3507 1084 3570 Vallisoletano

396 3748 401 3771 ¹
433 3748 510 3797 idem.
520 3751 563 3804 qul
574 3757 665 3804 postea
677 3751 837 3805 Praefectus
847 3750 962 3803 spiritus
973 3750 1030 3792 don.
1037 3760 1069 3792 us
1078 3750 1206 3803 appeller!
1218 3751 1362 3793 consuevit.

393 3822 404 3852 2
432 3821 578 3865 Meminisse
588 3829 701 3873 oportet,
713 3823 779 3875 qnod
790 3822 855 3865 setis
862 3823 915 3876 jam
926 3821 952 3864 ln
964 3822 1011 3863 hoc
1024 3821 1149 3864 Chronico
1159 3822 1248 3865 videre
1259 3829 1306 3872 est,
1317 3823 1405 3874 plures
1418 3829 1477 3864 tune
1490 3829 1587 3876 tempo·

352 3892 389 3935 rls
404 3893 429 3935 ln
445 3891 567 3946 collegiis
583 3895 617 3936 ad
635 3893 793 3936 Societatem
813 3893 940 3936 admissos
955 3903 1020 3942 esse,
1036 3894 1078 3945 qui
1098 3903 1147 3935 non
1162 3893 1242 3936 allam
1255 3893 1440 3947 probationem
1456 3893 1589 3947 subibant,

351 3972 459 4018 praeter
469 3977 536 4015 eam,
547 3977 624 4020 quarn
635 3965 743 4020 Collegli
754 3966 939 4018 occupationes
949 3973 974 4008 et
986 3967 1130 4008 ministeria
1141 3966 1316 4018 partenentur.

391 4037 403 4068 ³
431 4037 487 4088 Qui.
498 4039 566 4081 votis
577 4038 681 4081 biennii
691 4038 800 4088 emissis,
811 4039 898 4090 plures
906 4038 961 4091 jam
972 4048 1053 4080 annos
1064 4037 1088 4079 ln
1099 4037 1230 4080 societate
1241 4043 1392 4090 exegerant.

391 4111 401 4141 ⁴
430 4109 497 4152 Vrde
507 4120 595 4164 supra,
607 4117 625 4152 t.
637 4120 673 4162 tv,
685 4121 745 4163 pag.
755 4109 805 4160 396,
817 4109 900 4152 11855.

389 4181 401 4212 ὓ
429 4181 495 4224 Vide
507 4182 601 4225 cartas
611 4183 644 4225 de
654 4181 709 4223 San
720 4180 838 4233 ignaro,
849 4182 1003 4235 praesertim
1015 4189 1032 4224 t.
1044 4191 1069 4228 v.
1082 4193 1141 4234 pag.
1153 4181 1187 4234 38,
1198 4189 1285 4224 annot.
1295 4181 1317 4224 8.
