3717 5400
810 473 872 530 Aa.
895 473 965 532 15δό
1444 469 1500 530 327

269 616 387 696 tificis,
405 626 478 680 tum
494 617 601 682 aliam
615 619 713 681 viam
726 618 943 681 severiorem
958 618 1147 681 tenendam
1162 617 1372 694 censebant;
1387 625 1421 678 et
1433 616 1502 678 hoc

264 725 413 806 quidem
429 725 534 788 amici
549 726 673 804 nostri,
691 725 781 788 sicut
798 725 923 806 etipsa
940 724 1113 805 Societas,
1130 734 1291 788 amanter
1311 736 1346 787 et
1366 723 1501 786 humili-

271 843 324 895 ter
345 832 562 910 cogitabant.

332 937 403 1001 879.
448 939 591 1002 Interim
615 949 734 1002 tamen
763 938 921 1016 theologi
945 958 1047 1004 suam
1072 939 1284 1002 sententiam
1304 939 1503 1002 retinebant

270 1046 447 1126 (quamvis
459 1045 615 1110 constitit
626 1047 733 1110 fuisse
745 1047 883 1127 aliquos
894 1047 986 1109 inter
997 1064 1069 1124 eos,
1084 1047 1144 1123 qui
1156 1063 1337 1126 nunquam
1348 1046 1502 1110 subscri·

200 1237 205 1246 Ι
273 1153 357 1216 bere
372 1153 516 1217 decreto
537 1155 595 1216 vel
617 1171 787 1216 censurae
804 1154 991 1216 voluerunt
1007 1163 1040 1216 et
1056 1155 1144 1216 alios
1159 1153 1360 1232 complures
1379 1152 1500 1228 fuisse,

272 1260 332 1337 qui
346 1260 500 1339 plurium
515 1260 710 1323 sententiae
725 1277 827 1323 suam
847 1260 1121 1337 submitterent),
1138 1269 1173 1322 et
1194 1260 1225 1324 si
1242 1259 1327 1339 quid
1341 1260 1392 1322 eis
1411 1259 1502 1322 dice·

276 1368 380 1430 batur
404 1367 441 1430 in
466 1365 655 1430 Societatis
683 1366 860 1444 favorem,
891 1376 1062 1446 tanquam
1089 1370 1273 1430 oraculum
1297 1367 1502 1446 neutiquam

265 1475 460 1552 orandum,
476 1474 671 1538 Facultatis
686 1492 771 1538 suae
787 1475 829 1538 de
846 1476 977 1538 nostris
996 1475 1182 1538 arbitrium
1197 1475 1233 1536 in
1248 1474 1403 1537 medium
1423 1491 1501 1554 pro-

275 1581 446 1644 ferebant.
463 1582 574 1646 lmmo
590 1585 739 1645 relatum
754 1593 806 1645 est
818 1583 950 1645 nostris
961 1582 1054 1661 quod
1065 1585 1158 1644 ultro
1169 1598 1356 1661 supremae
1367 1582 1499 1659 curiae,

276 1707 382 1769 quam
398 1688 661 1754 Parlamentum
677 1702 816 1768 vocant,
834 1707 1023 1752 censuram
1042 1707 1144 1752 suam
1164 1689 1382 1767 obtulissent,
1407 1689 1502 1768 quod

277 1797 391 1859 nostri
405 1813 514 1876 aegre
529 1797 596 1860 sibi
611 1798 825 1876 persuadere
840 1806 1014 1876 poterant,
1032 1798 1196 1878 quamvis
1211 1796 1439 1859 Procuratori
1451 1813 1500 1860 re-

275 1905 335 1984 gio
350 1904 446 1968 illam
462 1906 617 1968 oblatam
633 1923 704 1967 non
718 1903 932 1980 dubitarent,
949 1915 983 1966 et
1005 1905 1094 1968 duos
1114 1902 1299 1982 theologos
1318 1902 1364 1965 ad
1383 1905 1502 1966 aulam

275 2012 412 2090 regiam
428 2031 449 2074 a
464 2011 648 2074 Facultate
663 2011 866 2089 theologica
883 2012 1011 2074 missos
1032 2011 1152 2085 fuisse,
1174 2021 1208 2073 et
1226 2011 1345 2073 aulam
1364 2010 1503 2089 regiam

274 2128 402 2182 contra
417 2129 559 2182 nostros
574 2120 854 2196 obmurmurare,
872 2128 906 2181 et
922 2117 1012 2198 Regi
1027 2121 1136 2181 multa
1158 2119 1302 2181 sinistra
1322 2117 1432 2180 fuisse
1450 2133 1502 2180 re·

274 2227 358 2304 lata,
374 2236 413 2288 ut
428 2227 470 2288 de
486 2227 691 2306 expulsione
713 2235 916 2290 nostrorum
936 2246 957 2289 a
979 2243 1090 2306 regno
1112 2227 1204 2289 inter
1225 2226 1352 2306 pocula
1374 2223 1502 2304 ageba-

276 2342 344 2396 tur.
362 2333 405 2396 Et
427 2333 569 2412 quidam
589 2334 787 2413 theologus
815 2335 875 2414 qui
900 2334 946 2396 ad
970 2343 1131 2396 nostrum
1157 2333 1375 2395 consortium
1401 2330 1502 2394 brevi

276 2442 532 2505 convolaturus
547 2441 745 2519 videbatur,
762 2459 833 2504 non
848 2443 963 2504 solum
983 2442 1058 2521 ipse
1076 2440 1269 2519 frigescere
1291 2439 1418 2518 coepit,
1439 2437 1503 2500 sed

274 2558 308 2609 et
324 2548 472 2626 aliquos,
490 2548 549 2626 qui
564 2549 679 2627 ipsum
696 2548 925 2611 consulebant
940 2548 983 2610 de
998 2556 1120 2610 nostro
1139 2547 1300 2608 instituto
1319 2544 1500 2621 sectand0,

276 2655 465 2719 deterruit:
488 2657 688 2736 complures
708 2656 814 2720 etiam
834 2655 1013 2737 Episcopi,
1035 2655 1186 2718 aliorum
1203 2653 1294 2717 forte
1314 2661 1503 2734 sequentes

275 2763 535 2841 auctoritatem,
554 2762 780 2826 adversarios
795 2780 834 2825 se
849 2762 980 2826 nostris
994 2762 1218 2825 exhibebant.
1240 2760 1408 2823 Decanus
1426 2760 1502 2839 ipse

275 2869 471 2933 Facultatis
486 2870 708 2948 theologicae
729 2871 737 2900 ¹
760 2869 939 2933 fatebatur
959 2871 1146 2932 facultates
1168 2866 1339 2930 Societati
1358 2876 1502 2929 nostrae

267 2994 467 3040 concessas
482 2994 502 3039 a
518 2974 661 3041 Summo
678 2976 845 3040 Pontifice
865 2976 961 3055 (nam
982 2977 1049 3039 hae
1069 2976 1251 3039 molestiae
1272 2974 1373 3037 nobis
1393 2990 1503 3036 causa

275 3083 417 3147 fuerunt
433 3083 468 3146 in
484 3082 612 3161 Gallia)
628 3102 700 3147 non
715 3101 793 3147 esse
808 3083 1027 3163 perniciosas
1042 3082 1243 3145 nationibus
1263 3080 1419 3144 externis
1441 3087 1503 3143 aut

276 3190 485 3270 peregrinis
502 3209 593 3271 quae
608 3191 866 3271 Episcoporum
881 3201 914 3252 et
927 3189 1112 3252 curionum
1123 3188 1301 3269 praesidio
1314 3188 1503 3252 destitutae

274 3306 404 3375 essent,
421 3298 483 3359 sed
499 3298 527 3359 F
529 3298 673 3361 sanciae
688 3314 800 3377 regno
816 3315 942 3378 parum
958 3297 1078 3360 utilem
1094 3296 1169 3359 fore
1188 3295 1402 3359 Societatem
1421 3311 1503 3357 cum

272 3402 329 3466 his
344 3404 589 3483 facultatibus;
607 3405 749 3485 alioqui,
775 3416 812 3467 ut
834 3401 967 3482 ajebat,
992 3402 1145 3465 Praelati
1170 3420 1214 3465 ac
1234 3414 1397 3480 pastores
1416 3400 1502 3464 nihil

274 3510 429 3575 habituri
444 3521 563 3574 essent
579 3511 672 3592 quod
687 3520 847 3590 agerent.
874 3512 918 3573 Et
943 3520 1061 3573 tamen
1088 3528 1133 3573 ex
1152 3510 1288 3572 duobus
1307 3508 1502 3589 diplomati·

275 3618 352 3695 buS,
380 3620 531 3681 alterum
554 3619 687 3682 nostris
713 3617 953 3696 reddiderunt,
974 3618 1112 3681 duobus
1126 3617 1278 3680 notariis
1293 3616 1328 3679 id
1343 3614 1504 3679 testanti·

273 3724 351 3801 bus,
369 3726 519 3787 alterum
534 3726 602 3789 sibi
618 3726 761 3788 omnino
776 3726 927 3788 retinere
944 3727 1132 3787 voluerunt
1146 3722 1173 3804 ';
1187 3725 1254 3805 ipsi
1267 3723 1420 3786 viderint
1432 3740 1502 3802 qua

274 3830 411 3893 ratione
435 3832 492 3894 vel
518 3833 698 3908 facultate,
727 3843 850 3896 contra
876 3842 1081 3895 nostrorum
1109 3832 1315 3894 facultatem
1343 3828 1366 3908 ³,
1392 3829 1428 3892 id
1456 3828 1503 3893 fe-

272 3938 397 4001 cerint.

314 4141 323 4175 ί
354 4141 386 4186 M.
398 4142 521 4188 Nicolaus
532 4146 555 4187 le
567 4144 652 4189 Clerc.
661 4145 728 4188 Vide
738 4156 826 4199 supra,
839 4150 857 4188 t.
868 4155 904 4188 ιν.
916 4155 976 4198 pag.
985 4144 1034 4196 32¹1,
1045 4155 1071 4187 n.
1081 4144 1130 4187 692.

311 4216 322 4247 ¹
350 4215 425 4259 Haud
438 4216 513 4259 facile
523 4222 563 4259 est
574 4216 720 4261 discerncre
731 4216 858 4271 quodnam
869 4216 917 4260 hoc
927 4217 962 4259 sit
972 4216 1118 4269 discrimen,
1129 4216 1197 4270 quod
1207 4214 1504 4259 Polancushlclustitult

272 4288 341 4331 inter
350 4287 473 4342 primum
484 4296 510 4330 et
521 4288 638 4331 alterum
654 4289 768 4341 diploma
784 4288 916 4332 Facultatl
933 4288 962 4331 th
970 4288 1096 4341 ologieae
1111 4287 1244 4331 traditum.
1262 4286 1291 4329 P.
1308 4287 1409 4340 quidem
1426 4284 1506 4329 Broltt

272 4358 405 4403 Facultati
422 4359 568 4403 tradiderat
586 4361 635 4403 duo
648 4360 817 4413 diplomatum
831 4370 937 4413 genera.
952 4361 1066 4403 alterurn
1083 4359 1294 4413 Apostolicarum
1313 4358 1462 4401 litterarum
1478 4361 1506 4400 et

272 4430 470 4483 privilegiorum
482 4429 627 4483 Societatis,
639 4432 750 4475 alterum
766 4432 855 4485 regiae
872 4430 1045 4474 concessionis
1061 4442 1108 4485 pro
1123 4429 1212 4473 Gallia
1226 4428 1308 4481 (Vide
1325 4440 1418 4483 supra,
1436 4434 1455 4472 t.
1468 4438 1506 4482 ιιι,

271 4512 333 4556 pag.
343 4500 390 4555 290,
402 4513 425 4545 n.
436 4502 494 4557 ⁶⁴31?
505 4503 565 4545 “des
577 4502 671 4545 Bulles
681 4502 850 4558 pontificales
861 4506 886 4547 et
896 4504 944 4547 des
954 4504 1048 4546 lettres
1054 4506 1179 4558 patentes
1195 4502 1231 4544 du
1248 4500 1319 4544 Rot-
1336 4500 1426 4554 (Patr,
1442 4501 1459 4543 l.
1476 4510 1506 4553 c.,

268 4578 341 4627 part.
352 4584 387 4625 111,
400 4574 442 4617 lib.
454 4584 470 4623 r.
482 4584 541 4627 pag.
552 4574 607 4625 290).
620 4574 653 4618 Et
665 4576 712 4618 hoc
725 4583 882 4629 postremum
893 4574 981 4618 forsan
992 4582 1040 4627 est,
1051 4574 1118 4630 quod
1129 4574 1271 4628 contraius
1282 4573 1373 4627 fasque
1381 4571 1508 4617 Facultas

268 4644 421 4698 theologica
432 4656 498 4689 nuuc
509 4646 577 4701 apud
587 4658 614 4689 se
626 4646 741 4691 retinuit.

314 4714 326 4747 ³
352 4716 403 4770 Slc;
416 4716 600 4763 volutantem?
