<?xml version="1.0" encoding="UTF-8"?>
<!DOCTYPE html PUBLIC "-//W3C//DTD XHTML 1.0 Transitional//EN"
    "http://www.w3.org/TR/xhtml1/DTD/xhtml1-transitional.dtd">
<html xmlns="http://www.w3.org/1999/xhtml" xml:lang="en" lang="en">
 <head>
  <title>
</title>
<meta http-equiv="Content-Type" content="text/html;charset=utf-8" />
  <meta name='ocr-system' content='tesseract 3.04.00' />
  <meta name='ocr-capabilities' content='ocr_page ocr_carea ocr_par ocr_line ocrx_word'/>
</head>
<body>
  <div class='ocr_page' id='page_1' title='image "./vitaignatiiloio01polagoog_0513.png"; bbox 0 0 3717 5400; ppageno 0'>
   <div class='ocr_carea' id='block_1_1' title="bbox 774 467 1469 531">
    <p class='ocr_par' dir='ltr' id='par_1_1' title="bbox 774 467 1469 531">
     <span class='ocr_line' id='line_1_1' title="bbox 774 467 1469 531; baseline -0.007 0"><span class='ocrx_word' id='word_1_1' title='bbox 774 473 839 531; x_wconf 86' lang='lat' dir='ltr'>Au.</span> <span class='ocrx_word' id='word_1_2' title='bbox 860 470 932 531; x_wconf 77' lang='lat' dir='ltr'>tabo</span> <span class='ocrx_word' id='word_1_3' title='bbox 1412 467 1469 528; x_wconf 87' lang='grc'>507</span> 
     </span>
    </p>
   </div>
   <div class='ocr_carea' id='block_1_2' title="bbox 183 614 1471 3593">
    <p class='ocr_par' dir='ltr' id='par_1_2' title="bbox 183 614 1471 3593">
     <span class='ocr_line' id='line_1_2' title="bbox 236 614 1467 700; baseline -0.002 -19"><span class='ocrx_word' id='word_1_4' title='bbox 236 633 316 681; x_wconf 88' lang='lat' dir='ltr'>mus</span> <span class='ocrx_word' id='word_1_5' title='bbox 332 621 352 696; x_wconf 89' lang='lat'>¹,</span> <span class='ocrx_word' id='word_1_6' title='bbox 371 616 480 698; x_wconf 85' lang='lat' dir='ltr'><strong>aliqui</strong></span> <span class='ocrx_word' id='word_1_7' title='bbox 494 636 539 683; x_wconf 84' lang='lat' dir='ltr'>ex</span> <span class='ocrx_word' id='word_1_8' title='bbox 554 619 686 683; x_wconf 87' lang='lat' dir='ltr'>nostris</span> <span class='ocrx_word' id='word_1_9' title='bbox 700 619 800 683; x_wconf 91' lang='lat' dir='ltr'>missi</span> <span class='ocrx_word' id='word_1_10' title='bbox 815 628 908 697; x_wconf 91' lang='lat' dir='ltr'>sunt,</span> <span class='ocrx_word' id='word_1_11' title='bbox 925 636 1005 683; x_wconf 92' lang='lat' dir='ltr'>cum</span> <span class='ocrx_word' id='word_1_12' title='bbox 1020 617 1164 700; x_wconf 89' lang='lat' dir='ltr'>quidam</span> <span class='ocrx_word' id='word_1_13' title='bbox 1185 637 1231 681; x_wconf 87' lang='lat' dir='ltr'>ex</span> <span class='ocrx_word' id='word_1_14' title='bbox 1252 616 1383 681; x_wconf 89' lang='lat' dir='ltr'>nostris</span> <span class='ocrx_word' id='word_1_15' title='bbox 1401 614 1467 679; x_wconf 90' lang='lat' dir='ltr'>Pa·</span> 
     </span>
     <span class='ocr_line' id='line_1_3' title="bbox 236 720 1467 803; baseline 0 -17"><span class='ocrx_word' id='word_1_16' title='bbox 236 724 349 787; x_wconf 91' lang='lat' dir='ltr'>tribus</span> <span class='ocrx_word' id='word_1_17' title='bbox 363 725 575 803; x_wconf 82' lang='lat' dir='ltr'>cognomine</span> <span class='ocrx_word' id='word_1_18' title='bbox 591 724 659 789; x_wconf 61' lang='lat' dir='ltr'>Sl*</span> <span class='ocrx_word' id='word_1_19' title='bbox 671 725 762 790; x_wconf 88' lang='lat' dir='ltr'>Cruz</span> <span class='ocrx_word' id='word_1_20' title='bbox 777 726 800 803; x_wconf 72' lang='lat'>³,</span> <span class='ocrx_word' id='word_1_21' title='bbox 818 725 920 789; x_wconf 91' lang='lat' dir='ltr'>simul</span> <span class='ocrx_word' id='word_1_22' title='bbox 938 743 1020 791; x_wconf 90' lang='lat' dir='ltr'>cum</span> <span class='ocrx_word' id='word_1_23' title='bbox 1033 743 1100 791; x_wconf 90' lang='lat' dir='ltr'>suo</span> <span class='ocrx_word' id='word_1_24' title='bbox 1114 725 1225 789; x_wconf 83' lang='lat' dir='ltr'>fratre</span> <span class='ocrx_word' id='word_1_25' title='bbox 1246 723 1422 788; x_wconf 88' lang='lat' dir='ltr'>saeculari</span> <span class='ocrx_word' id='word_1_26' title='bbox 1441 720 1467 798; x_wconf 77' lang='lat'>³,</span> 
     </span>
     <span class='ocr_line' id='line_1_4' title="bbox 237 828 1468 912; baseline 0.001 -20"><span class='ocrx_word' id='word_1_27' title='bbox 237 830 382 895; x_wconf 92' lang='lat' dir='ltr'>domum</span> <span class='ocrx_word' id='word_1_28' title='bbox 412 828 582 895; x_wconf 92' lang='lat' dir='ltr'>Societati</span> <span class='ocrx_word' id='word_1_29' title='bbox 608 832 755 896; x_wconf 87' lang='lat' dir='ltr'>dederat</span> <span class='ocrx_word' id='word_1_30' title='bbox 783 850 863 897; x_wconf 94' lang='lat' dir='ltr'>cum</span> <span class='ocrx_word' id='word_1_31' title='bbox 891 833 1102 912; x_wconf 88' lang='lat' dir='ltr'>quibusdam</span> <span class='ocrx_word' id='word_1_32' title='bbox 1131 832 1322 909; x_wconf 88' lang='lat' dir='ltr'>reditibus,</span> <span class='ocrx_word' id='word_1_33' title='bbox 1351 841 1387 893; x_wconf 94' lang='lat' dir='ltr'>et</span> <span class='ocrx_word' id='word_1_34' title='bbox 1415 830 1468 893; x_wconf 87' lang='lat' dir='ltr'>ita</span> 
     </span>
     <span class='ocr_line' id='line_1_5' title="bbox 183 936 1469 1019; baseline 0 -20"><span class='ocrx_word' id='word_1_35' title='bbox 183 1008 186 1015; x_wconf 46' lang='grc'><strong>,</strong></span> <span class='ocrx_word' id='word_1_36' title='bbox 238 936 277 999; x_wconf 88' lang='grc' dir='ltr'>Ρ.</span> <span class='ocrx_word' id='word_1_37' title='bbox 294 936 479 1001; x_wconf 86' lang='lat' dir='ltr'>Navarrus</span> <span class='ocrx_word' id='word_1_38' title='bbox 493 936 505 968; x_wconf 81' lang='lat'><strong>⁴</strong></span> <span class='ocrx_word' id='word_1_39' title='bbox 520 956 602 1003; x_wconf 91' lang='lat' dir='ltr'>cum</span> <span class='ocrx_word' id='word_1_40' title='bbox 615 938 729 1003; x_wconf 90' lang='lat' dir='ltr'>tribus</span> <span class='ocrx_word' id='word_1_41' title='bbox 743 938 911 1003; x_wconf 87' lang='lat' dir='ltr'>iratribus</span> <span class='ocrx_word' id='word_1_42' title='bbox 931 939 1098 1005; x_wconf 89' lang='lat' dir='ltr'>Corduba</span> <span class='ocrx_word' id='word_1_43' title='bbox 1119 939 1250 1003; x_wconf 88' lang='lat' dir='ltr'>missus</span> <span class='ocrx_word' id='word_1_44' title='bbox 1273 947 1310 1001; x_wconf 89' lang='lat' dir='ltr'>ut</span> <span class='ocrx_word' id='word_1_45' title='bbox 1328 954 1469 1019; x_wconf 89' lang='lat' dir='ltr'>posses-</span> 
     </span>
     <span class='ocr_line' id='line_1_6' title="bbox 236 1044 1471 1128; baseline -0.001 -21"><span class='ocrx_word' id='word_1_46' title='bbox 236 1044 373 1109; x_wconf 90' lang='lat' dir='ltr'>sionem</span> <span class='ocrx_word' id='word_1_47' title='bbox 387 1058 532 1125; x_wconf 90' lang='lat' dir='ltr'>caperet</span> <span class='ocrx_word' id='word_1_48' title='bbox 547 1046 751 1127; x_wconf 85' lang='lat' dir='ltr'>praedictae</span> <span class='ocrx_word' id='word_1_49' title='bbox 766 1047 903 1126; x_wconf 91' lang='lat' dir='ltr'>domus,</span> <span class='ocrx_word' id='word_1_50' title='bbox 916 1046 1030 1128; x_wconf 90' lang='lat' dir='ltr'>pridie</span> <span class='ocrx_word' id='word_1_51' title='bbox 1041 1046 1240 1110; x_wconf 89' lang='lat' dir='ltr'>nativitatis</span> <span class='ocrx_word' id='word_1_52' title='bbox 1251 1046 1289 1111; x_wconf 88' lang='lat' dir='ltr'>B.</span> <span class='ocrx_word' id='word_1_53' title='bbox 1305 1045 1471 1125; x_wconf 77' lang='lat' dir='ltr'>Virginis</span> 
     </span>
     <span class='ocr_line' id='line_1_7' title="bbox 239 1150 1466 1235; baseline 0.001 -22"><span class='ocrx_word' id='word_1_54' title='bbox 239 1150 317 1215; x_wconf 81' lang='lat'>1554</span> <span class='ocrx_word' id='word_1_55' title='bbox 330 1153 592 1232; x_wconf 90' lang='lat' dir='ltr'>possessionem</span> <span class='ocrx_word' id='word_1_56' title='bbox 606 1152 733 1217; x_wconf 91' lang='lat' dir='ltr'>domus</span> <span class='ocrx_word' id='word_1_57' title='bbox 747 1163 929 1235; x_wconf 87' lang='lat' dir='ltr'>ceperunt,</span> <span class='ocrx_word' id='word_1_58' title='bbox 946 1172 989 1219; x_wconf 89' lang='lat' dir='ltr'>ac</span> <span class='ocrx_word' id='word_1_59' title='bbox 1004 1154 1061 1220; x_wconf 91' lang='lat' dir='ltr'>die</span> <span class='ocrx_word' id='word_1_60' title='bbox 1075 1154 1154 1235; x_wconf 92' lang='lat' dir='ltr'>ipso</span> <span class='ocrx_word' id='word_1_61' title='bbox 1173 1153 1379 1217; x_wconf 79' lang='lat' dir='ltr'>Natiuitatis</span> <span class='ocrx_word' id='word_1_62' title='bbox 1399 1156 1466 1232; x_wconf 83' lang='lat' dir='ltr'>pri-</span> 
     </span>
     <span class='ocr_line' id='line_1_8' title="bbox 236 1259 1388 1341; baseline -0.001 -20"><span class='ocrx_word' id='word_1_63' title='bbox 236 1275 332 1321; x_wconf 91' lang='lat' dir='ltr'>mum</span> <span class='ocrx_word' id='word_1_64' title='bbox 347 1259 475 1323; x_wconf 90' lang='lat' dir='ltr'>ibidem</span> <span class='ocrx_word' id='word_1_65' title='bbox 490 1276 646 1339; x_wconf 90' lang='lat' dir='ltr'>sacrum,</span> <span class='ocrx_word' id='word_1_66' title='bbox 663 1271 701 1323; x_wconf 92' lang='lat' dir='ltr'>ut</span> <span class='ocrx_word' id='word_1_67' title='bbox 716 1261 752 1324; x_wconf 91' lang='lat' dir='ltr'>in</span> <span class='ocrx_word' id='word_1_68' title='bbox 767 1261 917 1341; x_wconf 85' lang='lat' dir='ltr'>collegio</span> <span class='ocrx_word' id='word_1_69' title='bbox 933 1259 1134 1338; x_wconf 76' lang='lat' dir='ltr'>societatis,</span> <span class='ocrx_word' id='word_1_70' title='bbox 1151 1260 1388 1324; x_wconf 86' lang='lat' dir='ltr'>celebrarunt.</span> 
     </span>
     <span class='ocr_line' id='line_1_9' title="bbox 299 1366 1467 1450; baseline -0.002 -20"><span class='ocrx_word' id='word_1_71' title='bbox 299 1366 387 1431; x_wconf 82' lang='lat'>1383.</span> <span class='ocrx_word' id='word_1_72' title='bbox 431 1366 518 1431; x_wconf 87' lang='lat' dir='ltr'>Erat</span> <span class='ocrx_word' id='word_1_73' title='bbox 533 1378 651 1433; x_wconf 90' lang='lat' dir='ltr'>autem</span> <span class='ocrx_word' id='word_1_74' title='bbox 665 1386 708 1431; x_wconf 90' lang='lat' dir='ltr'>ea</span> <span class='ocrx_word' id='word_1_75' title='bbox 728 1367 854 1433; x_wconf 91' lang='lat' dir='ltr'>domus</span> <span class='ocrx_word' id='word_1_76' title='bbox 869 1370 905 1433; x_wconf 95' lang='lat' dir='ltr'>in</span> <span class='ocrx_word' id='word_1_77' title='bbox 920 1370 1053 1450; x_wconf 89' lang='lat' dir='ltr'>optimo</span> <span class='ocrx_word' id='word_1_78' title='bbox 1072 1370 1143 1432; x_wconf 92' lang='lat' dir='ltr'>situ</span> <span class='ocrx_word' id='word_1_79' title='bbox 1160 1368 1262 1449; x_wconf 88' lang='lat' dir='ltr'>juxta</span> <span class='ocrx_word' id='word_1_80' title='bbox 1282 1366 1467 1431; x_wconf 84' lang='lat' dir='ltr'>cathedra-</span> 
     </span>
     <span class='ocr_line' id='line_1_10' title="bbox 235 1474 1468 1556; baseline -0.001 -19"><span class='ocrx_word' id='word_1_81' title='bbox 235 1475 304 1537; x_wconf 89' lang='lat' dir='ltr'>lem</span> <span class='ocrx_word' id='word_1_82' title='bbox 320 1474 507 1539; x_wconf 86' lang='lat' dir='ltr'>ecclesiam</span> <span class='ocrx_word' id='word_1_83' title='bbox 522 1484 556 1537; x_wconf 91' lang='lat' dir='ltr'>et</span> <span class='ocrx_word' id='word_1_84' title='bbox 570 1492 683 1556; x_wconf 91' lang='lat' dir='ltr'>prope</span> <span class='ocrx_word' id='word_1_85' title='bbox 697 1476 812 1556; x_wconf 88' lang='lat' dir='ltr'>ipsam</span> <span class='ocrx_word' id='word_1_86' title='bbox 827 1475 1109 1541; x_wconf 90' lang='lat' dir='ltr'>Universitatem</span> <span class='ocrx_word' id='word_1_87' title='bbox 1123 1493 1166 1541; x_wconf 88' lang='lat' dir='ltr'>ac</span> <span class='ocrx_word' id='word_1_88' title='bbox 1180 1476 1308 1554; x_wconf 84' lang='lat' dir='ltr'>lorum,</span> <span class='ocrx_word' id='word_1_89' title='bbox 1329 1474 1468 1555; x_wconf 90' lang='lat' dir='ltr'>regiam</span> 
     </span>
     <span class='ocr_line' id='line_1_11' title="bbox 239 1578 1468 1660; baseline 0 -17"><span class='ocrx_word' id='word_1_90' title='bbox 239 1578 511 1658; x_wconf 88' lang='lat' dir='ltr'>Cancellariam,</span> <span class='ocrx_word' id='word_1_91' title='bbox 528 1594 566 1645; x_wconf 91' lang='lat' dir='ltr'>ut</span> <span class='ocrx_word' id='word_1_92' title='bbox 582 1593 712 1647; x_wconf 92' lang='lat' dir='ltr'>vocant</span> <span class='ocrx_word' id='word_1_93' title='bbox 732 1584 758 1647; x_wconf 77' lang='lat'>⁵:</span> <span class='ocrx_word' id='word_1_94' title='bbox 777 1602 942 1649; x_wconf 82' lang='lat' dir='ltr'>carceres</span> <span class='ocrx_word' id='word_1_95' title='bbox 963 1584 1071 1647; x_wconf 90' lang='lat' dir='ltr'>etiam</span> <span class='ocrx_word' id='word_1_96' title='bbox 1093 1583 1200 1646; x_wconf 81' lang='lat' dir='ltr'>vicini</span> <span class='ocrx_word' id='word_1_97' title='bbox 1222 1592 1341 1660; x_wconf 87' lang='lat' dir='ltr'>erant;</span> <span class='ocrx_word' id='word_1_98' title='bbox 1364 1582 1468 1645; x_wconf 88' lang='lat' dir='ltr'>etita</span> 
     </span>
     <span class='ocr_line' id='line_1_12' title="bbox 241 1688 1469 1755; baseline 0.001 -7"><span class='ocrx_word' id='word_1_99' title='bbox 241 1703 367 1750; x_wconf 92' lang='lat' dir='ltr'>versus</span> <span class='ocrx_word' id='word_1_100' title='bbox 381 1704 423 1749; x_wconf 89' lang='lat' dir='ltr'>ea</span> <span class='ocrx_word' id='word_1_101' title='bbox 438 1689 517 1751; x_wconf 91' lang='lat' dir='ltr'>loca</span> <span class='ocrx_word' id='word_1_102' title='bbox 532 1699 607 1751; x_wconf 87' lang='lat' dir='ltr'>tota</span> <span class='ocrx_word' id='word_1_103' title='bbox 624 1690 751 1754; x_wconf 89' lang='lat' dir='ltr'>civitas</span> <span class='ocrx_word' id='word_1_104' title='bbox 766 1690 977 1755; x_wconf 89' lang='lat' dir='ltr'>confluebat.</span> <span class='ocrx_word' id='word_1_105' title='bbox 999 1690 1136 1753; x_wconf 92' lang='lat' dir='ltr'>Domus</span> <span class='ocrx_word' id='word_1_106' title='bbox 1158 1691 1294 1753; x_wconf 90' lang='lat' dir='ltr'>duobus</span> <span class='ocrx_word' id='word_1_107' title='bbox 1314 1688 1469 1751; x_wconf 90' lang='lat' dir='ltr'>millibus</span> 
     </span>
     <span class='ocr_line' id='line_1_13' title="bbox 237 1794 1466 1877; baseline 0 -20"><span class='ocrx_word' id='word_1_108' title='bbox 237 1802 272 1857; x_wconf 93' lang='lat' dir='ltr'>et</span> <span class='ocrx_word' id='word_1_109' title='bbox 287 1794 490 1875; x_wconf 86' lang='lat' dir='ltr'>quingentis</span> <span class='ocrx_word' id='word_1_110' title='bbox 505 1796 644 1861; x_wconf 91' lang='lat' dir='ltr'>ducatis</span> <span class='ocrx_word' id='word_1_111' title='bbox 658 1798 924 1876; x_wconf 84' lang='lat' dir='ltr'>aestimabatur,</span> <span class='ocrx_word' id='word_1_112' title='bbox 939 1806 1058 1861; x_wconf 89' lang='lat' dir='ltr'>ettam</span> <span class='ocrx_word' id='word_1_113' title='bbox 1070 1797 1219 1877; x_wconf 89' lang='lat' dir='ltr'>hyemis,</span> <span class='ocrx_word' id='word_1_114' title='bbox 1233 1813 1341 1876; x_wconf 90' lang='lat' dir='ltr'>quam</span> <span class='ocrx_word' id='word_1_115' title='bbox 1352 1805 1466 1858; x_wconf 90' lang='lat' dir='ltr'>aesta·</span> 
     </span>
     <span class='ocr_line' id='line_1_14' title="bbox 237 1900 1467 1984; baseline 0.001 -21"><span class='ocrx_word' id='word_1_116' title='bbox 237 1900 282 1963; x_wconf 92' lang='lat' dir='ltr'>tis</span> <span class='ocrx_word' id='word_1_117' title='bbox 307 1910 468 1981; x_wconf 88' lang='lat' dir='ltr'>tempore</span> <span class='ocrx_word' id='word_1_118' title='bbox 493 1904 701 1968; x_wconf 89' lang='lat' dir='ltr'>commodas</span> <span class='ocrx_word' id='word_1_119' title='bbox 721 1904 875 1969; x_wconf 90' lang='lat' dir='ltr'>habebat</span> <span class='ocrx_word' id='word_1_120' title='bbox 896 1905 1144 1982; x_wconf 88' lang='lat' dir='ltr'>habitationes,</span> <span class='ocrx_word' id='word_1_121' title='bbox 1168 1921 1259 1984; x_wconf 91' lang='lat' dir='ltr'>quae</span> <span class='ocrx_word' id='word_1_122' title='bbox 1281 1903 1467 1965; x_wconf 91' lang='lat' dir='ltr'>duodecim</span> 
     </span>
     <span class='ocr_line' id='line_1_15' title="bbox 235 2008 1468 2091; baseline 0.002 -22"><span class='ocrx_word' id='word_1_123' title='bbox 235 2015 297 2071; x_wconf 88' lang='lat' dir='ltr'>aut</span> <span class='ocrx_word' id='word_1_124' title='bbox 311 2008 481 2071; x_wconf 88' lang='lat' dir='ltr'>tredecim</span> <span class='ocrx_word' id='word_1_125' title='bbox 497 2027 542 2073; x_wconf 85' lang='lat' dir='ltr'>ex</span> <span class='ocrx_word' id='word_1_126' title='bbox 557 2012 688 2073; x_wconf 90' lang='lat' dir='ltr'>nostris</span> <span class='ocrx_word' id='word_1_127' title='bbox 703 2010 935 2075; x_wconf 87' lang='lat' dir='ltr'>sufficiebant.</span> <span class='ocrx_word' id='word_1_128' title='bbox 956 2010 1103 2075; x_wconf 90' lang='lat' dir='ltr'>Reditus</span> <span class='ocrx_word' id='word_1_129' title='bbox 1124 2010 1266 2091; x_wconf 91' lang='lat' dir='ltr'>quidem</span> <span class='ocrx_word' id='word_1_130' title='bbox 1288 2026 1359 2073; x_wconf 91' lang='lat' dir='ltr'>non</span> <span class='ocrx_word' id='word_1_131' title='bbox 1380 2011 1468 2073; x_wconf 88' lang='lat' dir='ltr'>mul-</span> 
     </span>
     <span class='ocr_line' id='line_1_16' title="bbox 234 2116 1467 2199; baseline 0.001 -22"><span class='ocrx_word' id='word_1_132' title='bbox 234 2125 310 2178; x_wconf 90' lang='lat' dir='ltr'>tum</span> <span class='ocrx_word' id='word_1_133' title='bbox 325 2116 544 2179; x_wconf 88' lang='lat' dir='ltr'>excedebant</span> <span class='ocrx_word' id='word_1_134' title='bbox 560 2129 701 2181; x_wconf 92' lang='lat' dir='ltr'>centum</span> <span class='ocrx_word' id='word_1_135' title='bbox 715 2132 750 2181; x_wconf 91' lang='lat' dir='ltr'>et</span> <span class='ocrx_word' id='word_1_136' title='bbox 765 2119 893 2199; x_wconf 87' lang='lat' dir='ltr'>viginti</span> <span class='ocrx_word' id='word_1_137' title='bbox 907 2119 1059 2183; x_wconf 87' lang='lat' dir='ltr'>ducatos</span> <span class='ocrx_word' id='word_1_138' title='bbox 1074 2135 1229 2197; x_wconf 89' lang='lat' dir='ltr'>annuos;</span> <span class='ocrx_word' id='word_1_139' title='bbox 1251 2116 1314 2180; x_wconf 88' lang='lat' dir='ltr'>scd</span> <span class='ocrx_word' id='word_1_140' title='bbox 1336 2133 1394 2179; x_wconf 90' lang='lat' dir='ltr'>res</span> <span class='ocrx_word' id='word_1_141' title='bbox 1416 2117 1467 2179; x_wconf 90' lang='lat' dir='ltr'>vi-</span> 
     </span>
     <span class='ocr_line' id='line_1_17' title="bbox 233 2220 1465 2304; baseline 0.002 -21"><span class='ocrx_word' id='word_1_142' title='bbox 233 2220 315 2284; x_wconf 93' lang='lat' dir='ltr'>liori</span> <span class='ocrx_word' id='word_1_143' title='bbox 329 2224 442 2301; x_wconf 88' lang='lat' dir='ltr'>pretio</span> <span class='ocrx_word' id='word_1_144' title='bbox 458 2222 640 2287; x_wconf 90' lang='lat' dir='ltr'>Granatae</span> <span class='ocrx_word' id='word_1_145' title='bbox 655 2242 761 2304; x_wconf 90' lang='lat' dir='ltr'>quam</span> <span class='ocrx_word' id='word_1_146' title='bbox 776 2224 962 2289; x_wconf 89' lang='lat' dir='ltr'>Cordubae</span> <span class='ocrx_word' id='word_1_147' title='bbox 977 2235 1011 2288; x_wconf 95' lang='lat' dir='ltr'>et</span> <span class='ocrx_word' id='word_1_148' title='bbox 1027 2226 1105 2288; x_wconf 92' lang='lat' dir='ltr'>aliis</span> <span class='ocrx_word' id='word_1_149' title='bbox 1116 2226 1153 2289; x_wconf 92' lang='lat' dir='ltr'>in</span> <span class='ocrx_word' id='word_1_150' title='bbox 1163 2225 1252 2287; x_wconf 92' lang='lat' dir='ltr'>locis</span> <span class='ocrx_word' id='word_1_151' title='bbox 1268 2223 1465 2288; x_wconf 88' lang='lat' dir='ltr'>vendeban-</span> 
     </span>
     <span class='ocr_line' id='line_1_18' title="bbox 233 2328 1466 2409; baseline 0.002 -19"><span class='ocrx_word' id='word_1_152' title='bbox 233 2335 301 2391; x_wconf 87' lang='lat' dir='ltr'>tur.</span> <span class='ocrx_word' id='word_1_153' title='bbox 324 2328 496 2392; x_wconf 89' lang='lat' dir='ltr'>Homines</span> <span class='ocrx_word' id='word_1_154' title='bbox 518 2330 691 2394; x_wconf 88' lang='lat' dir='ltr'>etiamad</span> <span class='ocrx_word' id='word_1_155' title='bbox 714 2332 881 2397; x_wconf 89' lang='lat' dir='ltr'>virtutem</span> <span class='ocrx_word' id='word_1_156' title='bbox 902 2342 938 2397; x_wconf 91' lang='lat' dir='ltr'>et</span> <span class='ocrx_word' id='word_1_157' title='bbox 958 2334 1069 2397; x_wconf 92' lang='lat' dir='ltr'>vitam</span> <span class='ocrx_word' id='word_1_158' title='bbox 1090 2332 1296 2395; x_wconf 92' lang='lat' dir='ltr'>christianis</span> <span class='ocrx_word' id='word_1_159' title='bbox 1320 2329 1466 2409; x_wconf 89' lang='lat' dir='ltr'>dignam</span> 
     </span>
     <span class='ocr_line' id='line_1_19' title="bbox 232 2434 1467 2521; baseline 0.002 -23"><span class='ocrx_word' id='word_1_160' title='bbox 232 2434 321 2499; x_wconf 90' lang='lat' dir='ltr'>bene</span> <span class='ocrx_word' id='word_1_161' title='bbox 336 2436 497 2517; x_wconf 90' lang='lat' dir='ltr'>dispositi</span> <span class='ocrx_word' id='word_1_162' title='bbox 512 2449 625 2516; x_wconf 88' lang='lat' dir='ltr'>erant,</span> <span class='ocrx_word' id='word_1_163' title='bbox 642 2456 723 2502; x_wconf 91' lang='lat' dir='ltr'>cum</span> <span class='ocrx_word' id='word_1_164' title='bbox 734 2438 808 2519; x_wconf 88' lang='lat' dir='ltr'>jam</span> <span class='ocrx_word' id='word_1_165' title='bbox 823 2441 866 2504; x_wconf 93' lang='lat' dir='ltr'>ab</span> <span class='ocrx_word' id='word_1_166' title='bbox 883 2440 994 2516; x_wconf 91' lang='lat' dir='ltr'>initio,</span> <span class='ocrx_word' id='word_1_167' title='bbox 1007 2459 1053 2503; x_wconf 86' lang='lat' dir='ltr'>ex</span> <span class='ocrx_word' id='word_1_168' title='bbox 1064 2457 1135 2521; x_wconf 91' lang='lat' dir='ltr'>quo</span> <span class='ocrx_word' id='word_1_169' title='bbox 1147 2458 1168 2502; x_wconf 94' lang='lat' dir='ltr'>a</span> <span class='ocrx_word' id='word_1_170' title='bbox 1180 2437 1363 2501; x_wconf 89' lang='lat' dir='ltr'>saracenis</span> <span class='ocrx_word' id='word_1_171' title='bbox 1377 2438 1467 2501; x_wconf 87' lang='lat' dir='ltr'>haec</span> 
     </span>
     <span class='ocr_line' id='line_1_20' title="bbox 232 2542 1388 2627; baseline 0.001 -22"><span class='ocrx_word' id='word_1_172' title='bbox 232 2542 361 2605; x_wconf 90' lang='lat' dir='ltr'>civitas</span> <span class='ocrx_word' id='word_1_173' title='bbox 375 2555 587 2625; x_wconf 89' lang='lat' dir='ltr'>recuperata</span> <span class='ocrx_word' id='word_1_174' title='bbox 601 2544 676 2624; x_wconf 84' lang='lat' dir='ltr'>luit,</span> <span class='ocrx_word' id='word_1_175' title='bbox 692 2545 997 2627; x_wconf 91' lang='lat' dir='ltr'>Archiepiscopos</span> <span class='ocrx_word' id='word_1_176' title='bbox 1010 2556 1155 2610; x_wconf 89' lang='lat' dir='ltr'>sanctos</span> <span class='ocrx_word' id='word_1_177' title='bbox 1170 2546 1352 2611; x_wconf 87' lang='lat' dir='ltr'>habuisset</span> <span class='ocrx_word' id='word_1_178' title='bbox 1366 2544 1388 2606; x_wconf 80' lang='lat'>⁶.</span> 
     </span>
     <span class='ocr_line' id='line_1_21' title="bbox 294 2648 1465 2735; baseline 0.003 -22"><span class='ocrx_word' id='word_1_179' title='bbox 294 2648 382 2714; x_wconf 89' lang='grc'>1384.</span> <span class='ocrx_word' id='word_1_180' title='bbox 426 2650 598 2732; x_wconf 83' lang='lat' dir='ltr'>Magister</span> <span class='ocrx_word' id='word_1_181' title='bbox 612 2652 721 2717; x_wconf 90' lang='lat' dir='ltr'>Avila</span> <span class='ocrx_word' id='word_1_182' title='bbox 741 2652 751 2685; x_wconf 81' lang='lat'>¹</span> <span class='ocrx_word' id='word_1_183' title='bbox 773 2654 880 2718; x_wconf 89' lang='lat' dir='ltr'>etiam</span> <span class='ocrx_word' id='word_1_184' title='bbox 904 2654 1104 2718; x_wconf 90' lang='lat' dir='ltr'>doctrinam</span> <span class='ocrx_word' id='word_1_185' title='bbox 1126 2654 1311 2735; x_wconf 87' lang='lat' dir='ltr'>perutilem</span> <span class='ocrx_word' id='word_1_186' title='bbox 1334 2652 1465 2716; x_wconf 89' lang='lat' dir='ltr'>ibidem</span> 
     </span>
     <span class='ocr_line' id='line_1_22' title="bbox 231 2759 1464 2842; baseline 0.001 -21"><span class='ocrx_word' id='word_1_187' title='bbox 231 2759 489 2839; x_wconf 89' lang='lat' dir='ltr'>seminaverat;</span> <span class='ocrx_word' id='word_1_188' title='bbox 507 2768 541 2822; x_wconf 93' lang='lat' dir='ltr'>et</span> <span class='ocrx_word' id='word_1_189' title='bbox 557 2761 605 2823; x_wconf 88' lang='lat' dir='ltr'>ita</span> <span class='ocrx_word' id='word_1_190' title='bbox 622 2762 781 2824; x_wconf 89' lang='lat' dir='ltr'>homines</span> <span class='ocrx_word' id='word_1_191' title='bbox 797 2780 868 2825; x_wconf 92' lang='lat' dir='ltr'>non</span> <span class='ocrx_word' id='word_1_192' title='bbox 883 2763 989 2842; x_wconf 89' lang='lat' dir='ltr'>pauci</span> <span class='ocrx_word' id='word_1_193' title='bbox 1004 2773 1208 2826; x_wconf 89' lang='lat' dir='ltr'>nostrorum</span> <span class='ocrx_word' id='word_1_194' title='bbox 1222 2760 1428 2836; x_wconf 88' lang='lat' dir='ltr'>adventum,</span> <span class='ocrx_word' id='word_1_195' title='bbox 1442 2778 1464 2822; x_wconf 90' lang='lat' dir='ltr'>a</span> 
     </span>
     <span class='ocr_line' id='line_1_23' title="bbox 233 2866 1466 2949; baseline 0.001 -21"><span class='ocrx_word' id='word_1_196' title='bbox 233 2866 361 2945; x_wconf 92' lang='lat' dir='ltr'>quibus</span> <span class='ocrx_word' id='word_1_197' title='bbox 376 2867 524 2929; x_wconf 90' lang='lat' dir='ltr'>verbum</span> <span class='ocrx_word' id='word_1_198' title='bbox 545 2867 613 2930; x_wconf 90' lang='lat' dir='ltr'>Dei</span> <span class='ocrx_word' id='word_1_199' title='bbox 634 2867 796 2932; x_wconf 90' lang='lat' dir='ltr'>audirent</span> <span class='ocrx_word' id='word_1_200' title='bbox 818 2880 852 2932; x_wconf 92' lang='lat' dir='ltr'>et</span> <span class='ocrx_word' id='word_1_201' title='bbox 875 2877 1101 2933; x_wconf 89' lang='lat' dir='ltr'>sacramenta</span> <span class='ocrx_word' id='word_1_202' title='bbox 1123 2869 1359 2949; x_wconf 89' lang='lat' dir='ltr'>perciperent,</span> <span class='ocrx_word' id='word_1_203' title='bbox 1382 2883 1466 2930; x_wconf 83' lang='lat' dir='ltr'>exo-</span> 
     </span>
     <span class='ocr_line' id='line_1_24' title="bbox 235 2973 1465 3057; baseline 0.001 -22"><span class='ocrx_word' id='word_1_204' title='bbox 235 2973 396 3052; x_wconf 87' lang='lat' dir='ltr'>ptabant,</span> <span class='ocrx_word' id='word_1_205' title='bbox 413 2985 448 3037; x_wconf 89' lang='lat' dir='ltr'>et</span> <span class='ocrx_word' id='word_1_206' title='bbox 463 2977 664 3056; x_wconf 89' lang='lat' dir='ltr'>complures</span> <span class='ocrx_word' id='word_1_207' title='bbox 685 2975 855 3040; x_wconf 87' lang='lat' dir='ltr'>reditibus</span> <span class='ocrx_word' id='word_1_208' title='bbox 877 2977 1073 3057; x_wconf 88' lang='lat' dir='ltr'>Collegium</span> <span class='ocrx_word' id='word_1_209' title='bbox 1093 2993 1305 3057; x_wconf 89' lang='lat' dir='ltr'>promovere</span> <span class='ocrx_word' id='word_1_210' title='bbox 1325 2975 1371 3038; x_wconf 93' lang='lat' dir='ltr'>ad</span> <span class='ocrx_word' id='word_1_211' title='bbox 1391 2975 1465 3054; x_wconf 93' lang='lat' dir='ltr'>plu·</span> 
     </span>
     <span class='ocr_line' id='line_1_25' title="bbox 234 3079 1466 3165; baseline 0.001 -22"><span class='ocrx_word' id='word_1_212' title='bbox 234 3097 293 3144; x_wconf 90' lang='lat' dir='ltr'>res</span> <span class='ocrx_word' id='word_1_213' title='bbox 320 3098 365 3144; x_wconf 87' lang='lat' dir='ltr'>ex</span> <span class='ocrx_word' id='word_1_214' title='bbox 384 3081 516 3144; x_wconf 89' lang='lat' dir='ltr'>nostris</span> <span class='ocrx_word' id='word_1_215' title='bbox 535 3083 680 3146; x_wconf 90' lang='lat' dir='ltr'>alendos</span> <span class='ocrx_word' id='word_1_216' title='bbox 703 3084 902 3164; x_wconf 88' lang='lat' dir='ltr'>cupiebant.</span> <span class='ocrx_word' id='word_1_217' title='bbox 925 3083 1004 3165; x_wconf 92' lang='lat' dir='ltr'>lpse</span> <span class='ocrx_word' id='word_1_218' title='bbox 1023 3083 1326 3163; x_wconf 89' lang='lat' dir='ltr'>Archiepiscopus</span> <span class='ocrx_word' id='word_1_219' title='bbox 1345 3079 1368 3160; x_wconf 83' lang='lat'>⁸,</span> <span class='ocrx_word' id='word_1_220' title='bbox 1388 3098 1466 3161; x_wconf 90' lang='lat' dir='ltr'>per-</span> 
     </span>
     <span class='ocr_line' id='line_1_26' title="bbox 231 3189 1466 3270; baseline 0 -19"><span class='ocrx_word' id='word_1_221' title='bbox 231 3195 373 3266; x_wconf 90' lang='lat' dir='ltr'>gratum</span> <span class='ocrx_word' id='word_1_222' title='bbox 390 3189 525 3252; x_wconf 87' lang='lat' dir='ltr'>habens</span> <span class='ocrx_word' id='word_1_223' title='bbox 540 3199 743 3254; x_wconf 91' lang='lat' dir='ltr'>nostrorum</span> <span class='ocrx_word' id='word_1_224' title='bbox 758 3192 963 3270; x_wconf 88' lang='lat' dir='ltr'>adventum,</span> <span class='ocrx_word' id='word_1_225' title='bbox 976 3209 1078 3255; x_wconf 89' lang='lat' dir='ltr'>suam</span> <span class='ocrx_word' id='word_1_226' title='bbox 1090 3192 1197 3254; x_wconf 90' lang='lat' dir='ltr'>etiam</span> <span class='ocrx_word' id='word_1_227' title='bbox 1208 3207 1354 3269; x_wconf 92' lang='lat' dir='ltr'>operam</span> <span class='ocrx_word' id='word_1_228' title='bbox 1366 3189 1466 3252; x_wconf 89' lang='lat' dir='ltr'>obtu-</span> 
     </span>
     <span class='ocr_line' id='line_1_27' title="bbox 232 3294 1465 3378; baseline 0 -20"><span class='ocrx_word' id='word_1_229' title='bbox 232 3298 323 3358; x_wconf 90' lang='lat' dir='ltr'>lerat</span> <span class='ocrx_word' id='word_1_230' title='bbox 349 3296 395 3359; x_wconf 92' lang='lat' dir='ltr'>ad</span> <span class='ocrx_word' id='word_1_231' title='bbox 421 3294 568 3374; x_wconf 88' lang='lat' dir='ltr'>Collegii</span> <span class='ocrx_word' id='word_1_232' title='bbox 594 3299 897 3373; x_wconf 84' lang='lat' dir='ltr'>sustentationem,</span> <span class='ocrx_word' id='word_1_233' title='bbox 921 3309 957 3361; x_wconf 92' lang='lat' dir='ltr'>et</span> <span class='ocrx_word' id='word_1_234' title='bbox 976 3315 1193 3378; x_wconf 89' lang='lat' dir='ltr'>magnopere</span> <span class='ocrx_word' id='word_1_235' title='bbox 1216 3296 1254 3362; x_wconf 89' lang='lat' dir='ltr'>P..</span> <span class='ocrx_word' id='word_1_236' title='bbox 1279 3296 1465 3360; x_wconf 90' lang='lat' dir='ltr'>Francisci</span> 
     </span>
     <span class='ocr_line' id='line_1_28' title="bbox 232 3401 1466 3485; baseline 0.001 -21"><span class='ocrx_word' id='word_1_237' title='bbox 232 3401 386 3480; x_wconf 89' lang='lat' dir='ltr'>Borgiae</span> <span class='ocrx_word' id='word_1_238' title='bbox 415 3405 617 3482; x_wconf 82' lang='lat' dir='ltr'>praesentia</span> <span class='ocrx_word' id='word_1_239' title='bbox 646 3407 898 3485; x_wconf 87' lang='lat' dir='ltr'>expetebatur,</span> <span class='ocrx_word' id='word_1_240' title='bbox 928 3415 967 3470; x_wconf 92' lang='lat' dir='ltr'>ut</span> <span class='ocrx_word' id='word_1_241' title='bbox 996 3405 1192 3484; x_wconf 89' lang='lat' dir='ltr'>Collegium</span> <span class='ocrx_word' id='word_1_242' title='bbox 1221 3405 1466 3480; x_wconf 72' lang='lat' dir='ltr'>inchoaretur,</span> 
     </span>
     <span class='ocr_line' id='line_1_29' title="bbox 233 3507 1463 3593; baseline 0.001 -22"><span class='ocrx_word' id='word_1_243' title='bbox 233 3525 315 3572; x_wconf 91' lang='lat' dir='ltr'>nam</span> <span class='ocrx_word' id='word_1_244' title='bbox 332 3520 485 3588; x_wconf 86' lang='lat' dir='ltr'>quatuor</span> <span class='ocrx_word' id='word_1_245' title='bbox 499 3511 549 3572; x_wconf 95' lang='lat' dir='ltr'>illi</span> <span class='ocrx_word' id='word_1_246' title='bbox 565 3512 624 3591; x_wconf 90' lang='lat' dir='ltr'>qui</span> <span class='ocrx_word' id='word_1_247' title='bbox 635 3525 821 3590; x_wconf 90' lang='lat' dir='ltr'>venerant,</span> <span class='ocrx_word' id='word_1_248' title='bbox 835 3515 931 3576; x_wconf 91' lang='lat' dir='ltr'>velut</span> <span class='ocrx_word' id='word_1_249' title='bbox 941 3529 1194 3593; x_wconf 90' lang='lat' dir='ltr'>praecursores</span> <span class='ocrx_word' id='word_1_250' title='bbox 1206 3512 1428 3574; x_wconf 89' lang='lat' dir='ltr'>habebantur</span> <span class='ocrx_word' id='word_1_251' title='bbox 1439 3507 1463 3572; x_wconf 83' lang='lat'>⁹.</span> 
     </span>
    </p>
   </div>
   <div class='ocr_carea' id='block_1_3' title="bbox 227 3712 1468 4778">
    <p class='ocr_par' dir='ltr' id='par_1_3' title="bbox 273 3712 842 3770">
     <span class='ocr_line' id='line_1_30' title="bbox 273 3712 842 3770; baseline 0.011 -15"><span class='ocrx_word' id='word_1_252' title='bbox 273 3712 282 3746; x_wconf 88' lang='lat'>¹</span> <span class='ocrx_word' id='word_1_253' title='bbox 312 3713 378 3758; x_wconf 88' lang='lat' dir='ltr'>Vide</span> <span class='ocrx_word' id='word_1_254' title='bbox 388 3727 476 3769; x_wconf 84' lang='lat' dir='ltr'>supra,</span> <span class='ocrx_word' id='word_1_255' title='bbox 488 3723 506 3758; x_wconf 87' lang='lat' dir='ltr'>t.</span> <span class='ocrx_word' id='word_1_256' title='bbox 516 3725 551 3768; x_wconf 81' lang='lat' dir='ltr'>tv,</span> <span class='ocrx_word' id='word_1_257' title='bbox 562 3727 622 3770; x_wconf 83' lang='lat' dir='ltr'>pag.</span> <span class='ocrx_word' id='word_1_258' title='bbox 633 3715 681 3770; x_wconf 75' lang='lat' dir='ltr'>ddi,</span> <span class='ocrx_word' id='word_1_259' title='bbox 692 3729 733 3760; x_wconf 91' lang='lat' dir='ltr'>nn.</span> <span class='ocrx_word' id='word_1_260' title='bbox 744 3716 842 3761; x_wconf 77' lang='lat'>991-993.</span> 
     </span>
    </p>

    <p class='ocr_par' dir='ltr' id='par_1_4' title="bbox 273 3783 680 3838">
     <span class='ocr_line' id='line_1_31' title="bbox 273 3783 680 3838; baseline 0.005 -9"><span class='ocrx_word' id='word_1_261' title='bbox 273 3783 284 3816; x_wconf 76' lang='lat'>²</span> <span class='ocrx_word' id='word_1_262' title='bbox 311 3785 340 3828; x_wconf 87' lang='lat' dir='ltr'>P.</span> <span class='ocrx_word' id='word_1_263' title='bbox 349 3785 462 3838; x_wconf 77' lang='lat' dir='ltr'>Jacobus</span> <span class='ocrx_word' id='word_1_264' title='bbox 472 3787 503 3830; x_wconf 90' lang='lat' dir='ltr'>de</span> <span class='ocrx_word' id='word_1_265' title='bbox 513 3787 595 3831; x_wconf 80' lang='lat' dir='ltr'>Santra</span> <span class='ocrx_word' id='word_1_266' title='bbox 606 3786 680 3832; x_wconf 87' lang='lat' dir='ltr'>Cruz.</span> 
     </span>
    </p>

    <p class='ocr_par' dir='ltr' id='par_1_5' title="bbox 272 3857 907 3912">
     <span class='ocr_line' id='line_1_32' title="bbox 272 3857 907 3912; baseline 0.002 -11"><span class='ocrx_word' id='word_1_267' title='bbox 272 3857 284 3888; x_wconf 62' lang='grc' dir='ltr'><strong>ὅ</strong></span> <span class='ocrx_word' id='word_1_268' title='bbox 311 3857 500 3912; x_wconf 85' lang='lat' dir='ltr'>Christophoro</span> <span class='ocrx_word' id='word_1_269' title='bbox 511 3859 634 3904; x_wconf 83' lang='lat' dir='ltr'>Sanehez.</span> <span class='ocrx_word' id='word_1_270' title='bbox 646 3859 713 3904; x_wconf 88' lang='lat' dir='ltr'>Vide</span> <span class='ocrx_word' id='word_1_271' title='bbox 723 3859 800 3906; x_wconf 83' lang='lat' dir='ltr'>inira.</span> <span class='ocrx_word' id='word_1_272' title='bbox 811 3873 835 3903; x_wconf 90' lang='lat' dir='ltr'>n.</span> <span class='ocrx_word' id='word_1_273' title='bbox 848 3861 907 3904; x_wconf 73' lang='lat'>1392.</span> 
     </span>
    </p>

    <p class='ocr_par' dir='ltr' id='par_1_6' title="bbox 271 3929 588 3974">
     <span class='ocr_line' id='line_1_33' title="bbox 271 3929 588 3974; baseline 0.006 -2"><span class='ocrx_word' id='word_1_274' title='bbox 271 3930 284 3962; x_wconf 76' lang='lat'><strong>⁴</strong></span> <span class='ocrx_word' id='word_1_275' title='bbox 312 3929 340 3973; x_wconf 86' lang='lat' dir='ltr'>P.</span> <span class='ocrx_word' id='word_1_276' title='bbox 351 3929 446 3974; x_wconf 82' lang='lat' dir='ltr'>Petrus</span> <span class='ocrx_word' id='word_1_277' title='bbox 456 3930 588 3974; x_wconf 79' lang='lat' dir='ltr'>Nauarro.</span> 
     </span>
    </p>

    <p class='ocr_par' dir='ltr' id='par_1_7' title="bbox 270 3999 1295 4058">
     <span class='ocr_line' id='line_1_34' title="bbox 270 3999 1295 4058; baseline 0.002 -14"><span class='ocrx_word' id='word_1_278' title='bbox 270 3999 283 4034; x_wconf 62' lang='grc' dir='ltr'>ὅ</span> <span class='ocrx_word' id='word_1_279' title='bbox 310 3999 377 4044; x_wconf 84' lang='lat' dir='ltr'>Vide</span> <span class='ocrx_word' id='word_1_280' title='bbox 387 4013 475 4055; x_wconf 76' lang='lat' dir='ltr'>supra,</span> <span class='ocrx_word' id='word_1_281' title='bbox 487 4009 505 4046; x_wconf 88' lang='lat' dir='ltr'>t.</span> <span class='ocrx_word' id='word_1_282' title='bbox 517 4012 553 4052; x_wconf 82' lang='lat' dir='ltr'>tv.</span> <span class='ocrx_word' id='word_1_283' title='bbox 564 4013 624 4057; x_wconf 75' lang='lat' dir='ltr'>pag.</span> <span class='ocrx_word' id='word_1_284' title='bbox 633 4001 683 4054; x_wconf 81' lang='lat' dir='ltr'>ast,</span> <span class='ocrx_word' id='word_1_285' title='bbox 695 4013 719 4048; x_wconf 90' lang='lat' dir='ltr'>n.</span> <span class='ocrx_word' id='word_1_286' title='bbox 727 4003 775 4057; x_wconf 76' lang='lat'>826,</span> <span class='ocrx_word' id='word_1_287' title='bbox 786 4011 873 4048; x_wconf 91' lang='lat' dir='ltr'>annot.</span> <span class='ocrx_word' id='word_1_288' title='bbox 886 4005 904 4058; x_wconf 83' lang='lat' dir='ltr'>l;</span> <span class='ocrx_word' id='word_1_289' title='bbox 914 4011 942 4047; x_wconf 92' lang='lat' dir='ltr'>et</span> <span class='ocrx_word' id='word_1_290' title='bbox 954 4015 1014 4057; x_wconf 80' lang='lat' dir='ltr'>pag.</span> <span class='ocrx_word' id='word_1_291' title='bbox 1024 4004 1072 4047; x_wconf 77' lang='lat' dir='ltr'>tot.</span> <span class='ocrx_word' id='word_1_292' title='bbox 1081 4015 1107 4047; x_wconf 86' lang='lat' dir='ltr'>n.</span> <span class='ocrx_word' id='word_1_293' title='bbox 1116 4004 1164 4054; x_wconf 84' lang='lat'>991.</span> <span class='ocrx_word' id='word_1_294' title='bbox 1174 4012 1261 4048; x_wconf 75' lang='lat' dir='ltr'>aanor.</span> <span class='ocrx_word' id='word_1_295' title='bbox 1273 4005 1295 4046; x_wconf 90' lang='lat' dir='ltr'>l.</span> 
     </span>
    </p>

    <p class='ocr_par' dir='ltr' id='par_1_8' title="bbox 269 4069 1090 4130">
     <span class='ocr_line' id='line_1_35' title="bbox 269 4069 1090 4130; baseline 0.002 -15"><span class='ocrx_word' id='word_1_296' title='bbox 269 4069 282 4104; x_wconf 67' lang='grc' dir='ltr'>ὓ</span> <span class='ocrx_word' id='word_1_297' title='bbox 310 4071 376 4116; x_wconf 90' lang='lat' dir='ltr'>Vlde</span> <span class='ocrx_word' id='word_1_298' title='bbox 387 4071 508 4118; x_wconf 78' lang='lat' dir='ltr'>Litterae</span> <span class='ocrx_word' id='word_1_299' title='bbox 518 4072 749 4127; x_wconf 78' lang='lat' dir='ltr'>Quadrimeetres,</span> <span class='ocrx_word' id='word_1_300' title='bbox 760 4081 779 4118; x_wconf 91' lang='lat' dir='ltr'>t.</span> <span class='ocrx_word' id='word_1_301' title='bbox 790 4085 828 4124; x_wconf 85' lang='lat' dir='ltr'>ut.</span> <span class='ocrx_word' id='word_1_302' title='bbox 839 4087 899 4130; x_wconf 79' lang='lat' dir='ltr'>pag.</span> <span class='ocrx_word' id='word_1_303' title='bbox 911 4075 960 4126; x_wconf 80' lang='lat'>28⁹,</span> <span class='ocrx_word' id='word_1_304' title='bbox 970 4083 1059 4119; x_wconf 73' lang='lat' dir='ltr'>annot.</span> <span class='ocrx_word' id='word_1_305' title='bbox 1071 4075 1090 4118; x_wconf 90' lang='lat' dir='ltr'>l.</span> 
     </span>
    </p>

    <p class='ocr_par' dir='ltr' id='par_1_9' title="bbox 227 4143 1464 4271">
     <span class='ocr_line' id='line_1_36' title="bbox 269 4143 1464 4204; baseline 0.003 -16"><span class='ocrx_word' id='word_1_306' title='bbox 269 4143 279 4176; x_wconf 71' lang='lat' dir='ltr'>l</span> <span class='ocrx_word' id='word_1_307' title='bbox 307 4145 336 4188; x_wconf 88' lang='grc' dir='ltr'>Β.</span> <span class='ocrx_word' id='word_1_308' title='bbox 346 4145 459 4197; x_wconf 82' lang='lat' dir='ltr'>Joanoes</span> <span class='ocrx_word' id='word_1_309' title='bbox 468 4146 500 4190; x_wconf 87' lang='lat' dir='ltr'>de</span> <span class='ocrx_word' id='word_1_310' title='bbox 513 4147 600 4198; x_wconf 79' lang='lat' dir='ltr'>Avila,</span> <span class='ocrx_word' id='word_1_311' title='bbox 616 4145 742 4200; x_wconf 80' lang='lat' dir='ltr'>Magister</span> <span class='ocrx_word' id='word_1_312' title='bbox 757 4149 837 4192; x_wconf 79' lang='lat' dir='ltr'>Avila</span> <span class='ocrx_word' id='word_1_313' title='bbox 852 4148 937 4192; x_wconf 88' lang='lat' dir='ltr'>dictus</span> <span class='ocrx_word' id='word_1_314' title='bbox 952 4155 980 4192; x_wconf 88' lang='lat' dir='ltr'>et</span> <span class='ocrx_word' id='word_1_315' title='bbox 994 4147 1118 4192; x_wconf 78' lang='lat' dir='ltr'>Baeticae</span> <span class='ocrx_word' id='word_1_316' title='bbox 1134 4149 1286 4202; x_wconf 79' lang='lat' dir='ltr'>Apostolus,</span> <span class='ocrx_word' id='word_1_317' title='bbox 1300 4149 1331 4192; x_wconf 87' lang='lat' dir='ltr'>de</span> <span class='ocrx_word' id='word_1_318' title='bbox 1346 4159 1396 4202; x_wconf 86' lang='lat' dir='ltr'>quo</span> <span class='ocrx_word' id='word_1_319' title='bbox 1407 4148 1464 4204; x_wconf 77' lang='lat' dir='ltr'>lam</span> 
     </span>
     <span class='ocr_line' id='line_1_37' title="bbox 227 4214 575 4271; baseline 0 -11"><span class='ocrx_word' id='word_1_320' title='bbox 227 4214 332 4271; x_wconf 76' lang='lat' dir='ltr'>saepius</span> <span class='ocrx_word' id='word_1_321' title='bbox 343 4217 368 4260; x_wconf 90' lang='lat' dir='ltr'>ln</span> <span class='ocrx_word' id='word_1_322' title='bbox 379 4217 427 4260; x_wconf 92' lang='lat' dir='ltr'>hoc</span> <span class='ocrx_word' id='word_1_323' title='bbox 440 4218 575 4261; x_wconf 75' lang='lat' dir='ltr'>Chronico.</span> 
     </span>
    </p>

    <p class='ocr_par' dir='ltr' id='par_1_10' title="bbox 268 4289 556 4336">
     <span class='ocr_line' id='line_1_38' title="bbox 268 4289 556 4336; baseline 0.007 -2"><span class='ocrx_word' id='word_1_324' title='bbox 268 4289 281 4323; x_wconf 80' lang='lat'>⁸</span> <span class='ocrx_word' id='word_1_325' title='bbox 310 4289 556 4336; x_wconf 82' lang='lat' dir='ltr'>PetrusGuerrero.</span> 
     </span>
    </p>

    <p class='ocr_par' dir='ltr' id='par_1_11' title="bbox 229 4359 1468 4778">
     <span class='ocr_line' id='line_1_39' title="bbox 268 4359 1466 4419; baseline 0.002 -13"><span class='ocrx_word' id='word_1_326' title='bbox 268 4359 281 4394; x_wconf 76' lang='lat'><strong>⁹</strong></span> <span class='ocrx_word' id='word_1_327' title='bbox 307 4361 420 4416; x_wconf 83' lang='lat' dir='ltr'>Ingenue</span> <span class='ocrx_word' id='word_1_328' title='bbox 437 4363 503 4406; x_wconf 82' lang='lat' dir='ltr'>satis</span> <span class='ocrx_word' id='word_1_329' title='bbox 519 4361 685 4418; x_wconf 81' lang='lat' dir='ltr'>modesteque</span> <span class='ocrx_word' id='word_1_330' title='bbox 705 4364 838 4408; x_wconf 80' lang='lat' dir='ltr'>scribebat</span> <span class='ocrx_word' id='word_1_331' title='bbox 854 4363 950 4406; x_wconf 69' lang='lat' dir='ltr'>Petrus</span> <span class='ocrx_word' id='word_1_332' title='bbox 965 4363 1102 4407; x_wconf 82' lang='lat' dir='ltr'>Navarrus</span> <span class='ocrx_word' id='word_1_333' title='bbox 1118 4363 1221 4416; x_wconf 78' lang='lat' dir='ltr'>lgnatlo</span> <span class='ocrx_word' id='word_1_334' title='bbox 1238 4363 1289 4407; x_wconf 46' lang='lat'><strong>30·-</strong></span> <span class='ocrx_word' id='word_1_335' title='bbox 1305 4363 1366 4412; x_wconf 76' lang='lat' dir='ltr'>hlali</span> <span class='ocrx_word' id='word_1_336' title='bbox 1387 4364 1466 4419; x_wconf 76' lang='lat' dir='ltr'>hujus</span> 
     </span>
     <span class='ocr_line' id='line_1_40' title="bbox 229 4433 1465 4490; baseline 0.002 -13"><span class='ocrx_word' id='word_1_337' title='bbox 229 4433 290 4478; x_wconf 84' lang='lat' dir='ltr'>nnnl</span> <span class='ocrx_word' id='word_1_338' title='bbox 302 4434 361 4478; x_wconf 72' lang='lat' dir='ltr'>taso:</span> <span class='ocrx_word' id='word_1_339' title='bbox 373 4435 495 4489; x_wconf 73' lang='lat' dir='ltr'>“nanque</span> <span class='ocrx_word' id='word_1_340' title='bbox 505 4436 531 4478; x_wconf 90' lang='lat' dir='ltr'>lo</span> <span class='ocrx_word' id='word_1_341' title='bbox 541 4446 589 4488; x_wconf 85' lang='lat' dir='ltr'>que</span> <span class='ocrx_word' id='word_1_342' title='bbox 603 4436 656 4490; x_wconf 79' lang='lat' dir='ltr'>hay</span> <span class='ocrx_word' id='word_1_343' title='bbox 667 4446 715 4489; x_wconf 87' lang='lat' dir='ltr'>que</span> <span class='ocrx_word' id='word_1_344' title='bbox 726 4446 787 4480; x_wconf 82' lang='lat' dir='ltr'>azer</span> <span class='ocrx_word' id='word_1_345' title='bbox 796 4446 829 4479; x_wconf 86' lang='lat' dir='ltr'>en</span> <span class='ocrx_word' id='word_1_346' title='bbox 837 4442 892 4480; x_wconf 85' lang='lat' dir='ltr'>este</span> <span class='ocrx_word' id='word_1_347' title='bbox 903 4437 996 4490; x_wconf 88' lang='lat' dir='ltr'>pueblo</span> <span class='ocrx_word' id='word_1_348' title='bbox 1011 4435 1071 4489; x_wconf 84' lang='lat' dir='ltr'>pide</span> <span class='ocrx_word' id='word_1_349' title='bbox 1081 4439 1137 4479; x_wconf 77' lang='lat' dir='ltr'>mas</span> <span class='ocrx_word' id='word_1_350' title='bbox 1148 4436 1179 4479; x_wconf 90' lang='lat' dir='ltr'>de</span> <span class='ocrx_word' id='word_1_351' title='bbox 1195 4435 1292 4478; x_wconf 83' lang='lat' dir='ltr'>trelnta</span> <span class='ocrx_word' id='word_1_352' title='bbox 1310 4435 1415 4490; x_wconf 83' lang='lat' dir='ltr'>Padres,</span> <span class='ocrx_word' id='word_1_353' title='bbox 1428 4445 1465 4480; x_wconf 90' lang='lat' dir='ltr'>to·</span> 
     </span>
     <span class='ocr_line' id='line_1_41' title="bbox 229 4506 1468 4562; baseline 0.002 -14"><span class='ocrx_word' id='word_1_354' title='bbox 229 4506 310 4549; x_wconf 73' lang='lat' dir='ltr'>davia</span> <span class='ocrx_word' id='word_1_355' title='bbox 320 4516 366 4549; x_wconf 76' lang='lat' dir='ltr'>nos</span> <span class='ocrx_word' id='word_1_356' title='bbox 376 4513 491 4550; x_wconf 81' lang='lat' dir='ltr'>estamos</span> <span class='ocrx_word' id='word_1_357' title='bbox 501 4507 575 4561; x_wconf 78' lang='lat' dir='ltr'>quael</span> <span class='ocrx_word' id='word_1_358' title='bbox 586 4508 663 4559; x_wconf 87' lang='lat' dir='ltr'>solos,</span> <span class='ocrx_word' id='word_1_359' title='bbox 674 4517 738 4562; x_wconf 84' lang='lat' dir='ltr'>puee</span> <span class='ocrx_word' id='word_1_360' title='bbox 748 4517 780 4552; x_wconf 92' lang='lat' dir='ltr'>no</span> <span class='ocrx_word' id='word_1_361' title='bbox 790 4517 875 4550; x_wconf 72' lang='lat' dir='ltr'>nomos</span> <span class='ocrx_word' id='word_1_362' title='bbox 885 4509 943 4550; x_wconf 76' lang='lat' dir='ltr'>mas</span> <span class='ocrx_word' id='word_1_363' title='bbox 953 4518 1002 4561; x_wconf 88' lang='lat' dir='ltr'>que</span> <span class='ocrx_word' id='word_1_364' title='bbox 1010 4515 1104 4561; x_wconf 80' lang='lat' dir='ltr'>quatro</span> <span class='ocrx_word' id='word_1_365' title='bbox 1115 4509 1153 4550; x_wconf 85' lang='lat' dir='ltr'>los</span> <span class='ocrx_word' id='word_1_366' title='bbox 1164 4518 1212 4561; x_wconf 90' lang='lat' dir='ltr'>que</span> <span class='ocrx_word' id='word_1_367' title='bbox 1223 4508 1284 4560; x_wconf 74' lang='lat' dir='ltr'>aqut</span> <span class='ocrx_word' id='word_1_368' title='bbox 1295 4516 1416 4561; x_wconf 79' lang='lat' dir='ltr'>estamoe,</span> <span class='ocrx_word' id='word_1_369' title='bbox 1426 4509 1468 4551; x_wconf 80' lang='lat' dir='ltr'>los</span> 
     </span>
     <span class='ocr_line' id='line_1_42' title="bbox 229 4577 1465 4633; baseline 0.002 -13"><span class='ocrx_word' id='word_1_370' title='bbox 229 4577 321 4630; x_wconf 74' lang='lat' dir='ltr'>quales</span> <span class='ocrx_word' id='word_1_371' title='bbox 332 4577 356 4620; x_wconf 87' lang='lat' dir='ltr'>el</span> <span class='ocrx_word' id='word_1_372' title='bbox 368 4577 464 4630; x_wconf 87' lang='lat' dir='ltr'>tiempo</span> <span class='ocrx_word' id='word_1_373' title='bbox 475 4589 523 4632; x_wconf 84' lang='lat' dir='ltr'>qne</span> <span class='ocrx_word' id='word_1_374' title='bbox 534 4581 594 4633; x_wconf 81' lang='lat' dir='ltr'>oqui</span> <span class='ocrx_word' id='word_1_375' title='bbox 606 4579 694 4623; x_wconf 82' lang='lat' dir='ltr'>homos</span> <span class='ocrx_word' id='word_1_376' title='bbox 707 4579 806 4630; x_wconf 82' lang='lat' dir='ltr'>estado,</span> <span class='ocrx_word' id='word_1_377' title='bbox 818 4582 874 4622; x_wconf 72' lang='lat' dir='ltr'>mas</span> <span class='ocrx_word' id='word_1_378' title='bbox 884 4579 1007 4622; x_wconf 83' lang='lat' dir='ltr'>deuemos</span> <span class='ocrx_word' id='word_1_379' title='bbox 1016 4589 1125 4632; x_wconf 77' lang='lat' dir='ltr'>pareeer</span> <span class='ocrx_word' id='word_1_380' title='bbox 1136 4580 1320 4631; x_wconf 78' lang='lat' dir='ltr'>exploradoree</span> <span class='ocrx_word' id='word_1_381' title='bbox 1331 4590 1380 4632; x_wconf 84' lang='lat' dir='ltr'>que</span> <span class='ocrx_word' id='word_1_382' title='bbox 1391 4580 1465 4622; x_wconf 88' lang='lat' dir='ltr'>obre·</span> 
     </span>
     <span class='ocr_line' id='line_1_43' title="bbox 230 4647 1465 4706; baseline 0.002 -15"><span class='ocrx_word' id='word_1_383' title='bbox 230 4659 275 4692; x_wconf 83' lang='lat' dir='ltr'>roe</span> <span class='ocrx_word' id='word_1_384' title='bbox 286 4651 300 4691; x_wconf 82' lang='lat' dir='ltr'>o</span> <span class='ocrx_word' id='word_1_385' title='bbox 310 4647 473 4703; x_wconf 80' lang='lat' dir='ltr'>poeeedoree;</span> <span class='ocrx_word' id='word_1_386' title='bbox 484 4661 500 4704; x_wconf 83' lang='lat' dir='ltr'>y</span> <span class='ocrx_word' id='word_1_387' title='bbox 511 4661 608 4705; x_wconf 83' lang='lat' dir='ltr'>porquo</span> <span class='ocrx_word' id='word_1_388' title='bbox 619 4661 728 4706; x_wconf 80' lang='lat' dir='ltr'>patesce</span> <span class='ocrx_word' id='word_1_389' title='bbox 738 4662 786 4704; x_wconf 87' lang='lat' dir='ltr'>que</span> <span class='ocrx_word' id='word_1_390' title='bbox 797 4657 903 4694; x_wconf 84' lang='lat' dir='ltr'>nuestro</span> <span class='ocrx_word' id='word_1_391' title='bbox 911 4648 993 4694; x_wconf 83' lang='lat' dir='ltr'>officio</span> <span class='ocrx_word' id='word_1_392' title='bbox 1001 4650 1098 4694; x_wconf 79' lang='lat' dir='ltr'>haeldo</span> <span class='ocrx_word' id='word_1_393' title='bbox 1107 4658 1170 4700; x_wconf 85' lang='lat' dir='ltr'>este,</span> <span class='ocrx_word' id='word_1_394' title='bbox 1178 4649 1267 4693; x_wconf 80' lang='lat' dir='ltr'>homos</span> <span class='ocrx_word' id='word_1_395' title='bbox 1275 4649 1465 4694; x_wconf 78' lang='lat' dir='ltr'>avisadoelem-</span> 
     </span>
     <span class='ocr_line' id='line_1_44' title="bbox 230 4719 1467 4778; baseline 0.003 -15"><span class='ocrx_word' id='word_1_396' title='bbox 230 4731 278 4775; x_wconf 88' lang='lat' dir='ltr'>pre</span> <span class='ocrx_word' id='word_1_397' title='bbox 288 4721 304 4764; x_wconf 73' lang='lat' dir='ltr'>d</span> <span class='ocrx_word' id='word_1_398' title='bbox 315 4719 348 4765; x_wconf 90' lang='lat' dir='ltr'>V.</span> <span class='ocrx_word' id='word_1_399' title='bbox 360 4721 387 4764; x_wconf 84' lang='lat' dir='ltr'>P.</span> <span class='ocrx_word' id='word_1_400' title='bbox 403 4722 434 4764; x_wconf 89' lang='lat' dir='ltr'>de</span> <span class='ocrx_word' id='word_1_401' title='bbox 450 4725 517 4776; x_wconf 72' lang='lat' dir='ltr'>quan</span> <span class='ocrx_word' id='word_1_402' title='bbox 533 4723 617 4766; x_wconf 82' lang='lat' dir='ltr'>buono</span> <span class='ocrx_word' id='word_1_403' title='bbox 632 4723 715 4766; x_wconf 79' lang='lat' dir='ltr'>tierre</span> <span class='ocrx_word' id='word_1_404' title='bbox 730 4734 757 4766; x_wconf 82' lang='lat' dir='ltr'>ea</span> <span class='ocrx_word' id='word_1_405' title='bbox 773 4729 837 4770; x_wconf 80' lang='lat' dir='ltr'>esta.</span> <span class='ocrx_word' id='word_1_406' title='bbox 854 4735 870 4777; x_wconf 86' lang='lat' dir='ltr'>y</span> <span class='ocrx_word' id='word_1_407' title='bbox 883 4724 953 4775; x_wconf 75' lang='lat' dir='ltr'>quan</span> <span class='ocrx_word' id='word_1_408' title='bbox 967 4722 1065 4778; x_wconf 83' lang='lat' dir='ltr'>lertily</span> <span class='ocrx_word' id='word_1_409' title='bbox 1078 4720 1226 4766; x_wconf 80' lang='lat' dir='ltr'>abundante</span> <span class='ocrx_word' id='word_1_410' title='bbox 1237 4722 1268 4766; x_wconf 89' lang='lat' dir='ltr'>de</span> <span class='ocrx_word' id='word_1_411' title='bbox 1279 4721 1358 4777; x_wconf 79' lang='lat' dir='ltr'>fruta,</span> <span class='ocrx_word' id='word_1_412' title='bbox 1368 4733 1385 4776; x_wconf 82' lang='lat' dir='ltr'>y</span> <span class='ocrx_word' id='word_1_413' title='bbox 1396 4727 1467 4778; x_wconf 81' lang='lat' dir='ltr'>quau</span> 
     </span>
    </p>
   </div>
   <div class='ocr_carea' id='block_1_4' title="bbox 0 0 1864 5400">
    <p class='ocr_par' dir='ltr' id='par_1_12' title="bbox 0 0 1864 5400">
     <span class='ocr_line' id='line_1_45' title="bbox 0 0 1864 5400; baseline 0 2"><span class='ocrx_word' id='word_1_414' title='bbox 0 0 1864 5400; x_wconf 95' lang='lat' dir='ltr'> </span> 
     </span>
    </p>
   </div>
  </div>
 </body>
</html>
