<?xml version="1.0" encoding="UTF-8"?>
<!DOCTYPE html PUBLIC "-//W3C//DTD XHTML 1.0 Transitional//EN"
    "http://www.w3.org/TR/xhtml1/DTD/xhtml1-transitional.dtd">
<html xmlns="http://www.w3.org/1999/xhtml" xml:lang="en" lang="en">
 <head>
  <title>
</title>
<meta http-equiv="Content-Type" content="text/html;charset=utf-8" />
  <meta name='ocr-system' content='tesseract 3.04.00' />
  <meta name='ocr-capabilities' content='ocr_page ocr_carea ocr_par ocr_line ocrx_word'/>
</head>
<body>
  <div class='ocr_page' id='page_1' title='image "./vitaignatiiloio01polagoog_0518.png"; bbox 0 0 3717 5400; ppageno 0'>
   <div class='ocr_carea' id='block_1_1' title="bbox 387 487 1165 561">
    <p class='ocr_par' dir='ltr' id='par_1_1' title="bbox 387 487 1165 561">
     <span class='ocr_line' id='line_1_1' title="bbox 387 487 1165 561; baseline -0.005 -12"><span class='ocrx_word' id='word_1_1' title='bbox 387 488 446 549; x_wconf 83' lang='lat'>512</span> <span class='ocrx_word' id='word_1_2' title='bbox 848 487 975 547; x_wconf 70' lang='lat' dir='ltr'>Canon.</span> <span class='ocrx_word' id='word_1_3' title='bbox 997 488 1075 547; x_wconf 87' lang='lat' dir='ltr'>Soc.</span> <span class='ocrx_word' id='word_1_4' title='bbox 1095 489 1165 561; x_wconf 72' lang='lat' dir='ltr'>las.</span> 
     </span>
    </p>
   </div>
   <div class='ocr_carea' id='block_1_2' title="bbox 384 632 1622 4362">
    <p class='ocr_par' dir='ltr' id='par_1_2' title="bbox 388 632 1619 1021">
     <span class='ocr_line' id='line_1_2' title="bbox 431 632 1619 715; baseline 0.002 -18"><span class='ocrx_word' id='word_1_5' title='bbox 431 634 519 699; x_wconf 84' lang='lat'>1395.</span> <span class='ocrx_word' id='word_1_6' title='bbox 564 633 887 698; x_wconf 78' lang='lat' dir='ltr'>commendaverat</span> <span class='ocrx_word' id='word_1_7' title='bbox 898 634 1007 697; x_wconf 90' lang='lat' dir='ltr'>etiarn</span> <span class='ocrx_word' id='word_1_8' title='bbox 1019 632 1321 713; x_wconf 90' lang='lat' dir='ltr'>Archiepiscopus</span> <span class='ocrx_word' id='word_1_9' title='bbox 1334 632 1431 696; x_wconf 91' lang='lat' dir='ltr'>Patri</span> <span class='ocrx_word' id='word_1_10' title='bbox 1442 633 1619 715; x_wconf 88' lang='lat' dir='ltr'>Navarro,</span> 
     </span>
     <span class='ocr_line' id='line_1_3' title="bbox 388 739 1619 821; baseline 0.002 -15"><span class='ocrx_word' id='word_1_11' title='bbox 388 752 428 806; x_wconf 94' lang='lat' dir='ltr'>ut</span> <span class='ocrx_word' id='word_1_12' title='bbox 444 743 551 807; x_wconf 89' lang='lat' dir='ltr'>trium</span> <span class='ocrx_word' id='word_1_13' title='bbox 577 742 782 806; x_wconf 90' lang='lat' dir='ltr'>monialium</span> <span class='ocrx_word' id='word_1_14' title='bbox 809 740 1053 805; x_wconf 83' lang='lat' dir='ltr'>confessiones</span> <span class='ocrx_word' id='word_1_15' title='bbox 1066 739 1215 817; x_wconf 86' lang='lat' dir='ltr'>audiret,</span> <span class='ocrx_word' id='word_1_16' title='bbox 1234 751 1269 803; x_wconf 86' lang='lat' dir='ltr'>et</span> <span class='ocrx_word' id='word_1_17' title='bbox 1289 750 1325 803; x_wconf 90' lang='lat' dir='ltr'>ut</span> <span class='ocrx_word' id='word_1_18' title='bbox 1344 742 1459 820; x_wconf 87' lang='lat' dir='ltr'>magis</span> <span class='ocrx_word' id='word_1_19' title='bbox 1474 744 1619 821; x_wconf 89' lang='lat' dir='ltr'>prolice-</span> 
     </span>
     <span class='ocr_line' id='line_1_4' title="bbox 389 847 1619 930; baseline 0 -15"><span class='ocrx_word' id='word_1_20' title='bbox 389 860 479 929; x_wconf 90' lang='lat' dir='ltr'>rent,</span> <span class='ocrx_word' id='word_1_21' title='bbox 497 849 629 913; x_wconf 89' lang='lat' dir='ltr'>eisdem</span> <span class='ocrx_word' id='word_1_22' title='bbox 646 848 816 912; x_wconf 87' lang='lat' dir='ltr'>exercitia</span> <span class='ocrx_word' id='word_1_23' title='bbox 837 847 1034 930; x_wconf 90' lang='lat' dir='ltr'>proposuit,</span> <span class='ocrx_word' id='word_1_24' title='bbox 1055 857 1090 910; x_wconf 92' lang='lat' dir='ltr'>et</span> <span class='ocrx_word' id='word_1_25' title='bbox 1109 847 1201 911; x_wconf 86' lang='lat' dir='ltr'>duae</span> <span class='ocrx_word' id='word_1_26' title='bbox 1217 866 1263 911; x_wconf 83' lang='lat' dir='ltr'>ex</span> <span class='ocrx_word' id='word_1_27' title='bbox 1282 848 1333 911; x_wconf 90' lang='lat' dir='ltr'>eis</span> <span class='ocrx_word' id='word_1_28' title='bbox 1347 850 1492 929; x_wconf 83' lang='lat' dir='ltr'>egregie</span> <span class='ocrx_word' id='word_1_29' title='bbox 1507 853 1619 930; x_wconf 85' lang='lat' dir='ltr'>prole·</span> 
     </span>
     <span class='ocr_line' id='line_1_5' title="bbox 389 957 553 1021; baseline -0.012 0"><span class='ocrx_word' id='word_1_30' title='bbox 389 966 514 1021; x_wconf 87' lang='lat' dir='ltr'>cerunt</span> <span class='ocrx_word' id='word_1_31' title='bbox 532 957 553 1018; x_wconf 86' lang='lat'>¹.</span> 
     </span>
    </p>

    <p class='ocr_par' dir='ltr' id='par_1_3' title="bbox 387 1061 1621 2432">
     <span class='ocr_line' id='line_1_6' title="bbox 431 1061 1619 1143; baseline 0.001 -17"><span class='ocrx_word' id='word_1_32' title='bbox 431 1064 519 1127; x_wconf 86' lang='grc'><strong>1396.</strong></span> <span class='ocrx_word' id='word_1_33' title='bbox 563 1064 608 1128; x_wconf 90' lang='lat' dir='ltr'>Et</span> <span class='ocrx_word' id='word_1_34' title='bbox 634 1063 703 1127; x_wconf 90' lang='lat' dir='ltr'>alia</span> <span class='ocrx_word' id='word_1_35' title='bbox 730 1061 905 1142; x_wconf 86' lang='lat' dir='ltr'>quaedam</span> <span class='ocrx_word' id='word_1_36' title='bbox 930 1062 1059 1125; x_wconf 92' lang='lat' dir='ltr'>nobilis</span> <span class='ocrx_word' id='word_1_37' title='bbox 1084 1061 1221 1139; x_wconf 86' lang='lat' dir='ltr'>mulier,</span> <span class='ocrx_word' id='word_1_38' title='bbox 1250 1078 1341 1141; x_wconf 89' lang='lat' dir='ltr'>quae</span> <span class='ocrx_word' id='word_1_39' title='bbox 1366 1061 1546 1143; x_wconf 85' lang='lat' dir='ltr'>profectus</span> <span class='ocrx_word' id='word_1_40' title='bbox 1561 1065 1619 1127; x_wconf 89' lang='lat' dir='ltr'>sui</span> 
     </span>
     <span class='ocr_line' id='line_1_7' title="bbox 388 1168 1619 1252; baseline -0.001 -17"><span class='ocrx_word' id='word_1_41' title='bbox 388 1173 506 1252; x_wconf 87' lang='lat' dir='ltr'>gratia</span> <span class='ocrx_word' id='word_1_42' title='bbox 523 1173 559 1235; x_wconf 94' lang='lat' dir='ltr'>in</span> <span class='ocrx_word' id='word_1_43' title='bbox 580 1171 674 1235; x_wconf 93' lang='lat' dir='ltr'>idem</span> <span class='ocrx_word' id='word_1_44' title='bbox 690 1188 792 1234; x_wconf 90' lang='lat' dir='ltr'>suum</span> <span class='ocrx_word' id='word_1_45' title='bbox 814 1168 825 1199; x_wconf 83' lang='lat'><strong>¹</strong></span> <span class='ocrx_word' id='word_1_46' title='bbox 845 1170 1102 1233; x_wconf 88' lang='lat' dir='ltr'>monasterium</span> <span class='ocrx_word' id='word_1_47' title='bbox 1128 1186 1166 1231; x_wconf 88' lang='lat' dir='ltr'>se</span> <span class='ocrx_word' id='word_1_48' title='bbox 1185 1179 1381 1250; x_wconf 82' lang='lat' dir='ltr'>receperat,</span> <span class='ocrx_word' id='word_1_49' title='bbox 1398 1179 1433 1232; x_wconf 90' lang='lat' dir='ltr'>et</span> <span class='ocrx_word' id='word_1_50' title='bbox 1452 1172 1619 1250; x_wconf 88' lang='lat' dir='ltr'>quamvis</span> 
     </span>
     <span class='ocr_line' id='line_1_8' title="bbox 389 1277 1620 1359; baseline 0 -17"><span class='ocrx_word' id='word_1_51' title='bbox 389 1280 558 1358; x_wconf 89' lang='lat' dir='ltr'>religiosa</span> <span class='ocrx_word' id='word_1_52' title='bbox 577 1297 648 1342; x_wconf 90' lang='lat' dir='ltr'>non</span> <span class='ocrx_word' id='word_1_53' title='bbox 669 1287 773 1355; x_wconf 86' lang='lat' dir='ltr'>esset,</span> <span class='ocrx_word' id='word_1_54' title='bbox 797 1296 838 1341; x_wconf 90' lang='lat' dir='ltr'>eo</span> <span class='ocrx_word' id='word_1_55' title='bbox 864 1277 1120 1359; x_wconf 83' lang='lat' dir='ltr'>propemodum</span> <span class='ocrx_word' id='word_1_56' title='bbox 1145 1277 1299 1340; x_wconf 87' lang='lat' dir='ltr'>adducta</span> <span class='ocrx_word' id='word_1_57' title='bbox 1318 1287 1372 1339; x_wconf 90' lang='lat' dir='ltr'>est</span> <span class='ocrx_word' id='word_1_58' title='bbox 1396 1286 1435 1340; x_wconf 92' lang='lat' dir='ltr'>ut</span> <span class='ocrx_word' id='word_1_59' title='bbox 1455 1280 1620 1343; x_wconf 90' lang='lat' dir='ltr'>monialis</span> 
     </span>
     <span class='ocr_line' id='line_1_9' title="bbox 388 1379 1617 1465; baseline 0.001 -16"><span class='ocrx_word' id='word_1_60' title='bbox 388 1386 671 1450; x_wconf 89' lang='lat' dir='ltr'>ibidemmanere</span> <span class='ocrx_word' id='word_1_61' title='bbox 681 1388 797 1449; x_wconf 91' lang='lat' dir='ltr'>vellet.</span> <span class='ocrx_word' id='word_1_62' title='bbox 809 1384 910 1449; x_wconf 87' lang='lat' dir='ltr'>Prius</span> <span class='ocrx_word' id='word_1_63' title='bbox 920 1379 1409 1447; x_wconf 89' lang='lat' dir='ltr'>tamenliaereditatemadire</span> <span class='ocrx_word' id='word_1_64' title='bbox 1420 1395 1617 1465; x_wconf 88' lang='lat' dir='ltr'>paternam,</span> 
     </span>
     <span class='ocr_line' id='line_1_10' title="bbox 387 1489 1617 1574; baseline 0.001 -17"><span class='ocrx_word' id='word_1_65' title='bbox 387 1511 478 1574; x_wconf 90' lang='lat' dir='ltr'>quae</span> <span class='ocrx_word' id='word_1_66' title='bbox 493 1509 624 1572; x_wconf 90' lang='lat' dir='ltr'>magna</span> <span class='ocrx_word' id='word_1_67' title='bbox 641 1502 728 1570; x_wconf 88' lang='lat' dir='ltr'>erat,</span> <span class='ocrx_word' id='word_1_68' title='bbox 745 1503 780 1556; x_wconf 92' lang='lat' dir='ltr'>et</span> <span class='ocrx_word' id='word_1_69' title='bbox 795 1490 870 1573; x_wconf 90' lang='lat' dir='ltr'>ejus</span> <span class='ocrx_word' id='word_1_70' title='bbox 886 1503 1024 1572; x_wconf 89' lang='lat' dir='ltr'>partem</span> <span class='ocrx_word' id='word_1_71' title='bbox 1040 1489 1086 1554; x_wconf 88' lang='lat' dir='ltr'>ad</span> <span class='ocrx_word' id='word_1_72' title='bbox 1106 1491 1247 1569; x_wconf 90' lang='lat' dir='ltr'>collegii</span> <span class='ocrx_word' id='word_1_73' title='bbox 1266 1492 1378 1555; x_wconf 88' lang='lat' dir='ltr'>nostri</span> <span class='ocrx_word' id='word_1_74' title='bbox 1399 1492 1617 1559; x_wconf 89' lang='lat' dir='ltr'>dotationem</span> 
     </span>
     <span class='ocr_line' id='line_1_11' title="bbox 387 1598 1621 1681; baseline 0.002 -17"><span class='ocrx_word' id='word_1_75' title='bbox 387 1602 550 1664; x_wconf 87' lang='lat' dir='ltr'>conferre</span> <span class='ocrx_word' id='word_1_76' title='bbox 566 1600 741 1681; x_wconf 86' lang='lat' dir='ltr'>cupiebat.</span> <span class='ocrx_word' id='word_1_77' title='bbox 764 1598 1069 1678; x_wconf 89' lang='lat' dir='ltr'>Archiepiscopus</span> <span class='ocrx_word' id='word_1_78' title='bbox 1089 1610 1208 1661; x_wconf 89' lang='lat' dir='ltr'>autem</span> <span class='ocrx_word' id='word_1_79' title='bbox 1230 1616 1447 1679; x_wconf 86' lang='lat' dir='ltr'>magnopere</span> <span class='ocrx_word' id='word_1_80' title='bbox 1469 1603 1621 1667; x_wconf 90' lang='lat' dir='ltr'>laetatus</span> 
     </span>
     <span class='ocr_line' id='line_1_12' title="bbox 388 1705 1621 1789; baseline 0.003 -20"><span class='ocrx_word' id='word_1_81' title='bbox 388 1718 442 1771; x_wconf 90' lang='lat' dir='ltr'>est</span> <span class='ocrx_word' id='word_1_82' title='bbox 466 1708 509 1771; x_wconf 89' lang='lat' dir='ltr'>de</span> <span class='ocrx_word' id='word_1_83' title='bbox 535 1707 739 1771; x_wconf 90' lang='lat' dir='ltr'>monialium</span> <span class='ocrx_word' id='word_1_84' title='bbox 755 1706 895 1769; x_wconf 90' lang='lat' dir='ltr'>illarum</span> <span class='ocrx_word' id='word_1_85' title='bbox 920 1706 987 1769; x_wconf 90' lang='lat' dir='ltr'>sibi</span> <span class='ocrx_word' id='word_1_86' title='bbox 1010 1706 1230 1769; x_wconf 89' lang='lat' dir='ltr'>subditarum</span> <span class='ocrx_word' id='word_1_87' title='bbox 1247 1705 1424 1785; x_wconf 77' lang='lat' dir='ltr'>profectu3</span> <span class='ocrx_word' id='word_1_88' title='bbox 1451 1717 1486 1771; x_wconf 95' lang='lat' dir='ltr'>et</span> <span class='ocrx_word' id='word_1_89' title='bbox 1504 1710 1621 1789; x_wconf 90' lang='lat' dir='ltr'>coepit</span> 
     </span>
     <span class='ocr_line' id='line_1_13' title="bbox 389 1811 1620 1894; baseline 0.002 -16"><span class='ocrx_word' id='word_1_90' title='bbox 389 1814 564 1894; x_wconf 88' lang='lat' dir='ltr'>quaedam</span> <span class='ocrx_word' id='word_1_91' title='bbox 580 1813 796 1877; x_wconf 88' lang='lat' dir='ltr'>confidenter</span> <span class='ocrx_word' id='word_1_92' title='bbox 812 1812 908 1875; x_wconf 88' lang='lat' dir='ltr'>Patri</span> <span class='ocrx_word' id='word_1_93' title='bbox 923 1811 1087 1875; x_wconf 88' lang='lat' dir='ltr'>Navarro</span> <span class='ocrx_word' id='word_1_94' title='bbox 1103 1812 1336 1889; x_wconf 86' lang='lat' dir='ltr'>committere,</span> <span class='ocrx_word' id='word_1_95' title='bbox 1353 1831 1444 1893; x_wconf 90' lang='lat' dir='ltr'>quae</span> <span class='ocrx_word' id='word_1_96' title='bbox 1459 1815 1520 1878; x_wconf 88' lang='lat' dir='ltr'>alii</span> <span class='ocrx_word' id='word_1_97' title='bbox 1534 1816 1620 1881; x_wconf 91' lang='lat' dir='ltr'>nulli</span> 
     </span>
     <span class='ocr_line' id='line_1_14' title="bbox 389 1919 1620 2003; baseline 0 -18"><span class='ocrx_word' id='word_1_98' title='bbox 389 1938 496 2003; x_wconf 90' lang='lat' dir='ltr'>quam</span> <span class='ocrx_word' id='word_1_99' title='bbox 512 1921 579 1985; x_wconf 88' lang='lat' dir='ltr'>sibi</span> <span class='ocrx_word' id='word_1_100' title='bbox 593 1920 660 2000; x_wconf 91' lang='lat' dir='ltr'>ipsi</span> <span class='ocrx_word' id='word_1_101' title='bbox 676 1919 890 1982; x_wconf 87' lang='lat' dir='ltr'>concredere</span> <span class='ocrx_word' id='word_1_102' title='bbox 903 1930 986 1981; x_wconf 89' lang='lat' dir='ltr'>ante</span> <span class='ocrx_word' id='word_1_103' title='bbox 999 1919 1034 1982; x_wconf 93' lang='lat' dir='ltr'>id</span> <span class='ocrx_word' id='word_1_104' title='bbox 1044 1928 1183 2000; x_wconf 91' lang='lat' dir='ltr'>tempus</span> <span class='ocrx_word' id='word_1_105' title='bbox 1199 1936 1308 1983; x_wconf 87' lang='lat' dir='ltr'>ausus</span> <span class='ocrx_word' id='word_1_106' title='bbox 1322 1919 1449 1998; x_wconf 83' lang='lat' dir='ltr'>suerat;</span> <span class='ocrx_word' id='word_1_107' title='bbox 1465 1932 1499 1984; x_wconf 91' lang='lat' dir='ltr'>et</span> <span class='ocrx_word' id='word_1_108' title='bbox 1514 1938 1620 2002; x_wconf 89' lang='lat' dir='ltr'>auge·</span> 
     </span>
     <span class='ocr_line' id='line_1_15' title="bbox 390 2024 1621 2109; baseline 0.002 -18"><span class='ocrx_word' id='word_1_109' title='bbox 390 2030 494 2092; x_wconf 89' lang='lat' dir='ltr'>batur</span> <span class='ocrx_word' id='word_1_110' title='bbox 509 2027 584 2109; x_wconf 89' lang='lat' dir='ltr'>ejus</span> <span class='ocrx_word' id='word_1_111' title='bbox 599 2044 686 2107; x_wconf 89' lang='lat' dir='ltr'>erga</span> <span class='ocrx_word' id='word_1_112' title='bbox 708 2024 922 2090; x_wconf 86' lang='lat' dir='ltr'>Societatem</span> <span class='ocrx_word' id='word_1_113' title='bbox 949 2027 1118 2101; x_wconf 69' lang='lat' dir='ltr'>charitas</span> <span class='ocrx_word' id='word_1_114' title='bbox 1146 2038 1181 2090; x_wconf 90' lang='lat' dir='ltr'>et</span> <span class='ocrx_word' id='word_1_115' title='bbox 1205 2024 1412 2106; x_wconf 86' lang='lat' dir='ltr'>injungebat</span> <span class='ocrx_word' id='word_1_116' title='bbox 1437 2030 1473 2092; x_wconf 93' lang='lat' dir='ltr'>in</span> <span class='ocrx_word' id='word_1_117' title='bbox 1488 2030 1621 2093; x_wconf 87' lang='lat' dir='ltr'>virtute</span> 
     </span>
     <span class='ocr_line' id='line_1_16' title="bbox 388 2136 1619 2217; baseline 0 -18"><span class='ocrx_word' id='word_1_118' title='bbox 388 2136 609 2212; x_wconf 82' lang='lat' dir='ltr'>obedientiae</span> <span class='ocrx_word' id='word_1_119' title='bbox 625 2144 662 2197; x_wconf 91' lang='lat' dir='ltr'>ut</span> <span class='ocrx_word' id='word_1_120' title='bbox 678 2136 779 2198; x_wconf 89' lang='lat' dir='ltr'>abeo</span> <span class='ocrx_word' id='word_1_121' title='bbox 795 2144 1009 2213; x_wconf 89' lang='lat' dir='ltr'>peterentur,</span> <span class='ocrx_word' id='word_1_122' title='bbox 1026 2152 1117 2215; x_wconf 89' lang='lat' dir='ltr'>quae</span> <span class='ocrx_word' id='word_1_123' title='bbox 1128 2136 1330 2198; x_wconf 89' lang='lat' dir='ltr'>neccssaria</span> <span class='ocrx_word' id='word_1_124' title='bbox 1342 2137 1474 2199; x_wconf 89' lang='lat' dir='ltr'>nostris</span> <span class='ocrx_word' id='word_1_125' title='bbox 1488 2148 1619 2217; x_wconf 87' lang='lat' dir='ltr'>essent,</span> 
     </span>
     <span class='ocr_line' id='line_1_17' title="bbox 389 2238 1620 2324; baseline 0.001 -17"><span class='ocrx_word' id='word_1_126' title='bbox 389 2253 424 2307; x_wconf 92' lang='lat' dir='ltr'>et</span> <span class='ocrx_word' id='word_1_127' title='bbox 439 2242 625 2307; x_wconf 90' lang='lat' dir='ltr'>videbatur</span> <span class='ocrx_word' id='word_1_128' title='bbox 640 2242 725 2305; x_wconf 89' lang='lat' dir='ltr'>dare</span> <span class='ocrx_word' id='word_1_129' title='bbox 740 2242 843 2320; x_wconf 89' lang='lat' dir='ltr'>velle,</span> <span class='ocrx_word' id='word_1_130' title='bbox 856 2238 932 2321; x_wconf 83' lang='lat' dir='ltr'>jam</span> <span class='ocrx_word' id='word_1_131' title='bbox 947 2251 1032 2306; x_wconf 93' lang='lat' dir='ltr'>tunc</span> <span class='ocrx_word' id='word_1_132' title='bbox 1044 2250 1156 2305; x_wconf 89' lang='lat' dir='ltr'>totum</span> <span class='ocrx_word' id='word_1_133' title='bbox 1171 2241 1257 2306; x_wconf 90' lang='lat' dir='ltr'>illud</span> <span class='ocrx_word' id='word_1_134' title='bbox 1269 2252 1419 2323; x_wconf 90' lang='lat' dir='ltr'>tempus,</span> <span class='ocrx_word' id='word_1_135' title='bbox 1431 2245 1526 2324; x_wconf 92' lang='lat' dir='ltr'>quod</span> <span class='ocrx_word' id='word_1_136' title='bbox 1541 2243 1620 2308; x_wconf 90' lang='lat' dir='ltr'>Col·</span> 
     </span>
     <span class='ocr_line' id='line_1_18' title="bbox 388 2351 858 2432; baseline -0.004 -17"><span class='ocrx_word' id='word_1_137' title='bbox 388 2352 482 2432; x_wconf 89' lang='lat' dir='ltr'>legio</span> <span class='ocrx_word' id='word_1_138' title='bbox 497 2351 739 2415; x_wconf 87' lang='lat' dir='ltr'>necessarium</span> <span class='ocrx_word' id='word_1_139' title='bbox 755 2358 858 2413; x_wconf 90' lang='lat' dir='ltr'>esset.</span> 
     </span>
    </p>

    <p class='ocr_par' dir='ltr' id='par_1_4' title="bbox 384 2455 1622 4255">
     <span class='ocr_line' id='line_1_19' title="bbox 432 2455 1622 2538; baseline 0.002 -18"><span class='ocrx_word' id='word_1_140' title='bbox 432 2457 520 2521; x_wconf 84' lang='lat'><strong>1397.</strong></span> <span class='ocrx_word' id='word_1_141' title='bbox 564 2457 601 2521; x_wconf 91' lang='grc' dir='ltr'>Ρ.</span> <span class='ocrx_word' id='word_1_142' title='bbox 619 2456 824 2538; x_wconf 90' lang='lat' dir='ltr'>Alpbonsus</span> <span class='ocrx_word' id='word_1_143' title='bbox 845 2456 945 2534; x_wconf 86' lang='lat' dir='ltr'>Ruiz‚</span> <span class='ocrx_word' id='word_1_144' title='bbox 967 2456 1027 2535; x_wconf 90' lang='lat' dir='ltr'>qui</span> <span class='ocrx_word' id='word_1_145' title='bbox 1052 2455 1238 2520; x_wconf 90' lang='lat' dir='ltr'>Cordubae</span> <span class='ocrx_word' id='word_1_146' title='bbox 1256 2457 1434 2521; x_wconf 90' lang='lat' dir='ltr'>admissus</span> <span class='ocrx_word' id='word_1_147' title='bbox 1455 2458 1572 2523; x_wconf 82' lang='lat' dir='ltr'>fuerat</span> <span class='ocrx_word' id='word_1_148' title='bbox 1585 2466 1622 2522; x_wconf 92' lang='lat' dir='ltr'>et</span> 
     </span>
     <span class='ocr_line' id='line_1_20' title="bbox 390 2564 1619 2645; baseline 0.001 -17"><span class='ocrx_word' id='word_1_149' title='bbox 390 2564 588 2629; x_wconf 89' lang='lat' dir='ltr'>Granatam</span> <span class='ocrx_word' id='word_1_150' title='bbox 603 2566 729 2627; x_wconf 90' lang='lat' dir='ltr'>deinde</span> <span class='ocrx_word' id='word_1_151' title='bbox 754 2564 894 2640; x_wconf 91' lang='lat' dir='ltr'>missus,</span> <span class='ocrx_word' id='word_1_152' title='bbox 915 2564 1069 2645; x_wconf 91' lang='lat' dir='ltr'>primum</span> <span class='ocrx_word' id='word_1_153' title='bbox 1085 2581 1226 2627; x_wconf 89' lang='lat' dir='ltr'>sacrum</span> <span class='ocrx_word' id='word_1_154' title='bbox 1252 2565 1329 2644; x_wconf 91' lang='lat' dir='ltr'>ipso</span> <span class='ocrx_word' id='word_1_155' title='bbox 1347 2565 1402 2628; x_wconf 89' lang='lat' dir='ltr'>die</span> <span class='ocrx_word' id='word_1_156' title='bbox 1422 2564 1619 2630; x_wconf 86' lang='lat' dir='ltr'>Annuntia-</span> 
     </span>
     <span class='ocr_line' id='line_1_21' title="bbox 388 2669 1617 2752; baseline 0.001 -16"><span class='ocrx_word' id='word_1_157' title='bbox 388 2672 495 2738; x_wconf 91' lang='lat' dir='ltr'>tionis</span> <span class='ocrx_word' id='word_1_158' title='bbox 531 2672 570 2736; x_wconf 91' lang='lat' dir='ltr'>B.</span> <span class='ocrx_word' id='word_1_159' title='bbox 608 2671 769 2752; x_wconf 83' lang='lat' dir='ltr'>Virginis</span> <span class='ocrx_word' id='word_1_160' title='bbox 795 2672 999 2736; x_wconf 91' lang='lat' dir='ltr'>celebravit.</span> <span class='ocrx_word' id='word_1_161' title='bbox 1037 2669 1129 2735; x_wconf 89' lang='lat' dir='ltr'>Nam</span> <span class='ocrx_word' id='word_1_162' title='bbox 1165 2670 1407 2736; x_wconf 88' lang='lat' dir='ltr'>confitentium</span> <span class='ocrx_word' id='word_1_163' title='bbox 1438 2690 1617 2750; x_wconf 88' lang='lat' dir='ltr'>numerus,</span> 
     </span>
     <span class='ocr_line' id='line_1_22' title="bbox 387 2780 1618 2861; baseline 0.002 -19"><span class='ocrx_word' id='word_1_164' title='bbox 387 2781 448 2860; x_wconf 91' lang='lat' dir='ltr'>qui</span> <span class='ocrx_word' id='word_1_165' title='bbox 459 2796 675 2860; x_wconf 85' lang='lat' dir='ltr'>magnopere</span> <span class='ocrx_word' id='word_1_166' title='bbox 688 2780 897 2859; x_wconf 83' lang='lat' dir='ltr'>augebatur,</span> <span class='ocrx_word' id='word_1_167' title='bbox 914 2780 1085 2843; x_wconf 85' lang='lat' dir='ltr'>auxilium</span> <span class='ocrx_word' id='word_1_168' title='bbox 1100 2797 1247 2859; x_wconf 86' lang='lat' dir='ltr'>prorsus</span> <span class='ocrx_word' id='word_1_169' title='bbox 1261 2781 1475 2861; x_wconf 87' lang='lat' dir='ltr'>requirebat.</span> <span class='ocrx_word' id='word_1_170' title='bbox 1490 2780 1526 2844; x_wconf 87' lang='lat' dir='ltr'>P.</span> <span class='ocrx_word' id='word_1_171' title='bbox 1541 2782 1618 2846; x_wconf 87' lang='lat' dir='ltr'>Bal·</span> 
     </span>
     <span class='ocr_line' id='line_1_23' title="bbox 387 2886 1619 2969; baseline 0 -17"><span class='ocrx_word' id='word_1_172' title='bbox 387 2888 512 2952; x_wconf 90' lang='lat' dir='ltr'>thasar</span> <span class='ocrx_word' id='word_1_173' title='bbox 538 2889 685 2966; x_wconf 90' lang='lat' dir='ltr'>Loarte,</span> <span class='ocrx_word' id='word_1_174' title='bbox 714 2886 882 2950; x_wconf 90' lang='lat' dir='ltr'>Doctoris</span> <span class='ocrx_word' id='word_1_175' title='bbox 910 2886 1085 2968; x_wconf 88' lang='lat' dir='ltr'>Gasparis</span> <span class='ocrx_word' id='word_1_176' title='bbox 1115 2886 1255 2963; x_wconf 90' lang='lat' dir='ltr'>Loarte,</span> <span class='ocrx_word' id='word_1_177' title='bbox 1281 2887 1443 2952; x_wconf 92' lang='lat' dir='ltr'>Rectoris</span> <span class='ocrx_word' id='word_1_178' title='bbox 1470 2888 1619 2969; x_wconf 87' lang='lat' dir='ltr'>Collegii</span> 
     </span>
     <span class='ocr_line' id='line_1_24' title="bbox 388 2992 1617 3073; baseline 0.002 -15"><span class='ocrx_word' id='word_1_179' title='bbox 388 2995 500 3058; x_wconf 87' lang='lat' dir='ltr'>nostri</span> <span class='ocrx_word' id='word_1_180' title='bbox 523 2994 722 3057; x_wconf 88' lang='lat' dir='ltr'>Genuensis</span> <span class='ocrx_word' id='word_1_181' title='bbox 741 2992 752 3024; x_wconf 78' lang='lat'>⁵</span> <span class='ocrx_word' id='word_1_182' title='bbox 773 2993 894 3072; x_wconf 82' lang='lat' dir='ltr'>frater,</span> <span class='ocrx_word' id='word_1_183' title='bbox 924 2994 1022 3057; x_wconf 93' lang='lat' dir='ltr'>initio</span> <span class='ocrx_word' id='word_1_184' title='bbox 1041 2992 1145 3073; x_wconf 86' lang='lat' dir='ltr'>hujus</span> <span class='ocrx_word' id='word_1_185' title='bbox 1164 2994 1248 3057; x_wconf 90' lang='lat' dir='ltr'>anni</span> <span class='ocrx_word' id='word_1_186' title='bbox 1268 2995 1303 3057; x_wconf 94' lang='lat' dir='ltr'>in</span> <span class='ocrx_word' id='word_1_187' title='bbox 1324 2992 1538 3059; x_wconf 87' lang='lat' dir='ltr'>Societatem</span> <span class='ocrx_word' id='word_1_188' title='bbox 1558 2996 1617 3060; x_wconf 90' lang='lat' dir='ltr'>ad·</span> 
     </span>
     <span class='ocr_line' id='line_1_25' title="bbox 388 3101 1615 3182; baseline 0.001 -17"><span class='ocrx_word' id='word_1_189' title='bbox 388 3104 518 3166; x_wconf 90' lang='lat' dir='ltr'>missus</span> <span class='ocrx_word' id='word_1_190' title='bbox 536 3112 601 3179; x_wconf 90' lang='lat' dir='ltr'>est,</span> <span class='ocrx_word' id='word_1_191' title='bbox 624 3111 811 3182; x_wconf 86' lang='lat' dir='ltr'>postquam</span> <span class='ocrx_word' id='word_1_192' title='bbox 827 3102 1007 3164; x_wconf 87' lang='lat' dir='ltr'>exercitiis</span> <span class='ocrx_word' id='word_1_193' title='bbox 1026 3101 1269 3180; x_wconf 87' lang='lat' dir='ltr'>spiritualibus</span> <span class='ocrx_word' id='word_1_194' title='bbox 1284 3101 1492 3182; x_wconf 79' lang='lat' dir='ltr'>perfunctus</span> <span class='ocrx_word' id='word_1_195' title='bbox 1511 3113 1615 3168; x_wconf 89' lang='lat' dir='ltr'>esset.</span> 
     </span>
     <span class='ocr_line' id='line_1_26' title="bbox 387 3207 1620 3285; baseline 0 -10"><span class='ocrx_word' id='word_1_196' title='bbox 387 3211 523 3275; x_wconf 92' lang='lat' dir='ltr'>Novem</span> <span class='ocrx_word' id='word_1_197' title='bbox 550 3219 668 3273; x_wconf 90' lang='lat' dir='ltr'>autem</span> <span class='ocrx_word' id='word_1_198' title='bbox 690 3209 748 3272; x_wconf 90' lang='lat' dir='ltr'>alii</span> <span class='ocrx_word' id='word_1_199' title='bbox 775 3217 835 3271; x_wconf 90' lang='lat' dir='ltr'>aut</span> <span class='ocrx_word' id='word_1_200' title='bbox 849 3207 983 3285; x_wconf 89' lang='lat' dir='ltr'>decem,</span> <span class='ocrx_word' id='word_1_201' title='bbox 1002 3221 1035 3272; x_wconf 90' lang='lat' dir='ltr'>et</span> <span class='ocrx_word' id='word_1_202' title='bbox 1061 3210 1251 3273; x_wconf 91' lang='lat' dir='ltr'>interillos</span> <span class='ocrx_word' id='word_1_203' title='bbox 1273 3222 1346 3273; x_wconf 90' lang='lat' dir='ltr'>tres</span> <span class='ocrx_word' id='word_1_204' title='bbox 1364 3211 1569 3274; x_wconf 87' lang='lat' dir='ltr'>sacerdotes</span> <span class='ocrx_word' id='word_1_205' title='bbox 1583 3220 1620 3275; x_wconf 89' lang='lat' dir='ltr'>et</span> 
     </span>
     <span class='ocr_line' id='line_1_27' title="bbox 388 3315 1619 3399; baseline 0.001 -18"><span class='ocrx_word' id='word_1_206' title='bbox 388 3319 446 3381; x_wconf 89' lang='lat' dir='ltr'>alii</span> <span class='ocrx_word' id='word_1_207' title='bbox 461 3318 615 3399; x_wconf 89' lang='lat' dir='ltr'>quinque</span> <span class='ocrx_word' id='word_1_208' title='bbox 631 3317 846 3393; x_wconf 86' lang='lat' dir='ltr'>scholastici,</span> <span class='ocrx_word' id='word_1_209' title='bbox 863 3317 1039 3395; x_wconf 86' lang='lat' dir='ltr'>urgebant</span> <span class='ocrx_word' id='word_1_210' title='bbox 1055 3327 1092 3378; x_wconf 91' lang='lat' dir='ltr'>ut</span> <span class='ocrx_word' id='word_1_211' title='bbox 1107 3317 1141 3378; x_wconf 94' lang='lat' dir='ltr'>in</span> <span class='ocrx_word' id='word_1_212' title='bbox 1156 3315 1373 3380; x_wconf 88' lang='lat' dir='ltr'>Societatem</span> <span class='ocrx_word' id='word_1_213' title='bbox 1394 3318 1619 3382; x_wconf 88' lang='lat' dir='ltr'>admitteren-</span> 
     </span>
     <span class='ocr_line' id='line_1_28' title="bbox 386 3421 1618 3504; baseline -0.001 -16"><span class='ocrx_word' id='word_1_214' title='bbox 386 3434 453 3498; x_wconf 89' lang='lat' dir='ltr'>tur;</span> <span class='ocrx_word' id='word_1_215' title='bbox 480 3424 542 3487; x_wconf 91' lang='lat' dir='ltr'>sed</span> <span class='ocrx_word' id='word_1_216' title='bbox 568 3424 806 3504; x_wconf 83' lang='lat' dir='ltr'>expectabant</span> <span class='ocrx_word' id='word_1_217' title='bbox 829 3423 944 3486; x_wconf 88' lang='lat' dir='ltr'>donec</span> <span class='ocrx_word' id='word_1_218' title='bbox 973 3421 1085 3502; x_wconf 90' lang='lat' dir='ltr'>major</span> <span class='ocrx_word' id='word_1_219' title='bbox 1111 3423 1345 3487; x_wconf 87' lang='lat' dir='ltr'>commoditas</span> <span class='ocrx_word' id='word_1_220' title='bbox 1370 3424 1416 3487; x_wconf 91' lang='lat' dir='ltr'>ad</span> <span class='ocrx_word' id='word_1_221' title='bbox 1443 3442 1504 3487; x_wconf 90' lang='lat' dir='ltr'>eos</span> <span class='ocrx_word' id='word_1_222' title='bbox 1526 3426 1618 3487; x_wconf 84' lang='lat' dir='ltr'>exci-</span> 
     </span>
     <span class='ocr_line' id='line_1_29' title="bbox 385 3528 1619 3613; baseline -0.001 -18"><span class='ocrx_word' id='word_1_223' title='bbox 385 3532 533 3613; x_wconf 91' lang='lat' dir='ltr'>piendos</span> <span class='ocrx_word' id='word_1_224' title='bbox 558 3531 713 3594; x_wconf 89' lang='lat' dir='ltr'>daretur.</span> <span class='ocrx_word' id='word_1_225' title='bbox 740 3531 932 3594; x_wconf 92' lang='lat' dir='ltr'>Lusitanus</span> <span class='ocrx_word' id='word_1_226' title='bbox 947 3531 1090 3610; x_wconf 89' lang='lat' dir='ltr'>quidam</span> <span class='ocrx_word' id='word_1_227' title='bbox 1105 3528 1264 3609; x_wconf 79' lang='lat' dir='ltr'>juveniS,</span> <span class='ocrx_word' id='word_1_228' title='bbox 1281 3531 1485 3607; x_wconf 81' lang='lat' dir='ltr'>interali0S,</span> <span class='ocrx_word' id='word_1_229' title='bbox 1510 3531 1619 3594; x_wconf 90' lang='lat' dir='ltr'>etiam</span> 
     </span>
     <span class='ocr_line' id='line_1_30' title="bbox 386 3637 1619 3718; baseline 0 -16"><span class='ocrx_word' id='word_1_230' title='bbox 386 3639 542 3702; x_wconf 91' lang='lat' dir='ltr'>animum</span> <span class='ocrx_word' id='word_1_231' title='bbox 557 3637 727 3702; x_wconf 87' lang='lat' dir='ltr'>Societati</span> <span class='ocrx_word' id='word_1_232' title='bbox 741 3638 946 3718; x_wconf 88' lang='lat' dir='ltr'>applicavit;</span> <span class='ocrx_word' id='word_1_233' title='bbox 975 3648 1011 3701; x_wconf 91' lang='lat' dir='ltr'>et</span> <span class='ocrx_word' id='word_1_234' title='bbox 1035 3638 1095 3700; x_wconf 93' lang='lat' dir='ltr'>alii</span> <span class='ocrx_word' id='word_1_235' title='bbox 1110 3638 1179 3700; x_wconf 87' lang='lat' dir='ltr'>viri</span> <span class='ocrx_word' id='word_1_236' title='bbox 1204 3638 1331 3700; x_wconf 89' lang='lat' dir='ltr'>eruditi</span> <span class='ocrx_word' id='word_1_237' title='bbox 1354 3637 1398 3700; x_wconf 91' lang='lat' dir='ltr'>ad</span> <span class='ocrx_word' id='word_1_238' title='bbox 1419 3638 1487 3700; x_wconf 91' lang='lat' dir='ltr'>hoc</span> <span class='ocrx_word' id='word_1_239' title='bbox 1502 3637 1619 3718; x_wconf 86' lang='lat' dir='ltr'>ipsum</span> 
     </span>
     <span class='ocr_line' id='line_1_31' title="bbox 386 3744 1620 3826; baseline -0.002 -16"><span class='ocrx_word' id='word_1_240' title='bbox 386 3756 488 3810; x_wconf 91' lang='lat' dir='ltr'>erant</span> <span class='ocrx_word' id='word_1_241' title='bbox 503 3747 685 3826; x_wconf 90' lang='lat' dir='ltr'>propensi;</span> <span class='ocrx_word' id='word_1_242' title='bbox 712 3763 778 3808; x_wconf 91' lang='lat' dir='ltr'>nec</span> <span class='ocrx_word' id='word_1_243' title='bbox 800 3745 906 3826; x_wconf 90' lang='lat' dir='ltr'>pauci</span> <span class='ocrx_word' id='word_1_244' title='bbox 927 3744 1002 3825; x_wconf 89' lang='lat' dir='ltr'>jam</span> <span class='ocrx_word' id='word_1_245' title='bbox 1017 3763 1063 3809; x_wconf 86' lang='lat' dir='ltr'>ex</span> <span class='ocrx_word' id='word_1_246' title='bbox 1085 3762 1127 3807; x_wconf 89' lang='lat' dir='ltr'>ea</span> <span class='ocrx_word' id='word_1_247' title='bbox 1152 3745 1384 3808; x_wconf 89' lang='lat' dir='ltr'>universitate</span> <span class='ocrx_word' id='word_1_248' title='bbox 1409 3745 1620 3824; x_wconf 88' lang='lat' dir='ltr'>granatensi</span> 
     </span>
     <span class='ocr_line' id='line_1_32' title="bbox 384 3851 1618 3933; baseline -0.002 -15"><span class='ocrx_word' id='word_1_249' title='bbox 384 3853 599 3931; x_wconf 89' lang='lat' dir='ltr'>scholastici,</span> <span class='ocrx_word' id='word_1_250' title='bbox 616 3863 651 3917; x_wconf 93' lang='lat' dir='ltr'>et</span> <span class='ocrx_word' id='word_1_251' title='bbox 677 3853 784 3916; x_wconf 89' lang='lat' dir='ltr'>etiam</span> <span class='ocrx_word' id='word_1_252' title='bbox 800 3852 909 3932; x_wconf 89' lang='lat' dir='ltr'>aliqui</span> <span class='ocrx_word' id='word_1_253' title='bbox 933 3870 979 3916; x_wconf 83' lang='lat' dir='ltr'>ex</span> <span class='ocrx_word' id='word_1_254' title='bbox 1001 3851 1255 3930; x_wconf 86' lang='lat' dir='ltr'>collegialibus,</span> <span class='ocrx_word' id='word_1_255' title='bbox 1276 3851 1511 3916; x_wconf 82' lang='lat' dir='ltr'>consessionis</span> <span class='ocrx_word' id='word_1_256' title='bbox 1535 3869 1618 3933; x_wconf 91' lang='lat' dir='ltr'>gra-</span> 
     </span>
     <span class='ocr_line' id='line_1_33' title="bbox 384 3959 1618 4038; baseline -0.001 -14"><span class='ocrx_word' id='word_1_257' title='bbox 384 3959 434 4024; x_wconf 91' lang='lat' dir='ltr'>tia</span> <span class='ocrx_word' id='word_1_258' title='bbox 447 3960 492 4024; x_wconf 91' lang='lat' dir='ltr'>ad</span> <span class='ocrx_word' id='word_1_259' title='bbox 508 3969 649 4023; x_wconf 89' lang='lat' dir='ltr'>nostros</span> <span class='ocrx_word' id='word_1_260' title='bbox 661 3959 890 4038; x_wconf 87' lang='lat' dir='ltr'>accedebant,</span> <span class='ocrx_word' id='word_1_261' title='bbox 914 3976 960 4022; x_wconf 85' lang='lat' dir='ltr'>ex</span> <span class='ocrx_word' id='word_1_262' title='bbox 982 3976 1051 4038; x_wconf 94' lang='lat' dir='ltr'>quo</span> <span class='ocrx_word' id='word_1_263' title='bbox 1078 3959 1283 4038; x_wconf 89' lang='lat' dir='ltr'>praedictus</span> <span class='ocrx_word' id='word_1_264' title='bbox 1308 3959 1346 4022; x_wconf 89' lang='lat' dir='ltr'>P.</span> <span class='ocrx_word' id='word_1_265' title='bbox 1370 3959 1459 4023; x_wconf 86' lang='lat' dir='ltr'>Ruiz</span> <span class='ocrx_word' id='word_1_266' title='bbox 1481 3960 1618 4024; x_wconf 91' lang='lat' dir='ltr'>socium</span> 
     </span>
     <span class='ocr_line' id='line_1_34' title="bbox 386 4055 1618 4147; baseline -0.002 -16"><span class='ocrx_word' id='word_1_267' title='bbox 386 4085 425 4131; x_wconf 88' lang='lat' dir='ltr'>se</span> <span class='ocrx_word' id='word_1_268' title='bbox 440 4065 485 4130; x_wconf 91' lang='lat' dir='ltr'>ad</span> <span class='ocrx_word' id='word_1_269' title='bbox 500 4067 568 4130; x_wconf 92' lang='lat' dir='ltr'>hoc</span> <span class='ocrx_word' id='word_1_270' title='bbox 584 4084 711 4130; x_wconf 91' lang='lat' dir='ltr'>munus</span> <span class='ocrx_word' id='word_1_271' title='bbox 722 4065 986 4131; x_wconf 82' lang='lat' dir='ltr'>confessionum</span> <span class='ocrx_word' id='word_1_272' title='bbox 1001 4065 1099 4129; x_wconf 90' lang='lat' dir='ltr'>Patri</span> <span class='ocrx_word' id='word_1_273' title='bbox 1110 4064 1275 4130; x_wconf 87' lang='lat' dir='ltr'>Navarro</span> <span class='ocrx_word' id='word_1_274' title='bbox 1288 4055 1460 4147; x_wconf 76' lang='lat' dir='ltr'>adjunxit3</span> <span class='ocrx_word' id='word_1_275' title='bbox 1473 4075 1509 4131; x_wconf 91' lang='lat' dir='ltr'>et</span> <span class='ocrx_word' id='word_1_276' title='bbox 1520 4066 1567 4131; x_wconf 91' lang='lat' dir='ltr'>ad</span> <span class='ocrx_word' id='word_1_277' title='bbox 1581 4066 1618 4130; x_wconf 92' lang='lat' dir='ltr'>id</span> 
     </span>
     <span class='ocr_line' id='line_1_35' title="bbox 386 4172 811 4255; baseline -0.007 -16"><span class='ocrx_word' id='word_1_278' title='bbox 386 4173 525 4255; x_wconf 87' lang='lat' dir='ltr'>Hispali</span> <span class='ocrx_word' id='word_1_279' title='bbox 540 4173 669 4238; x_wconf 90' lang='lat' dir='ltr'>missus</span> <span class='ocrx_word' id='word_1_280' title='bbox 685 4172 811 4237; x_wconf 85' lang='lat' dir='ltr'>fuerat.</span> 
     </span>
    </p>

    <p class='ocr_par' dir='ltr' id='par_1_5' title="bbox 429 4278 1618 4362">
     <span class='ocr_line' id='line_1_36' title="bbox 429 4278 1618 4362; baseline 0 -18"><span class='ocrx_word' id='word_1_281' title='bbox 429 4279 517 4344; x_wconf 89' lang='grc'><strong>1398.</strong></span> <span class='ocrx_word' id='word_1_282' title='bbox 561 4279 638 4344; x_wconf 91' lang='lat' dir='ltr'>Hac</span> <span class='ocrx_word' id='word_1_283' title='bbox 654 4280 778 4344; x_wconf 89' lang='lat' dir='ltr'>eadem</span> <span class='ocrx_word' id='word_1_284' title='bbox 794 4290 929 4344; x_wconf 89' lang='lat' dir='ltr'>aestate</span> <span class='ocrx_word' id='word_1_285' title='bbox 950 4279 1125 4346; x_wconf 90' lang='lat' dir='ltr'>admissus</span> <span class='ocrx_word' id='word_1_286' title='bbox 1150 4281 1216 4346; x_wconf 85' lang='lat' dir='ltr'>fuit</span> <span class='ocrx_word' id='word_1_287' title='bbox 1239 4283 1411 4362; x_wconf 84' lang='lat' dir='ltr'>magister</span> <span class='ocrx_word' id='word_1_288' title='bbox 1435 4280 1576 4346; x_wconf 87' lang='lat' dir='ltr'>Madrid</span> <span class='ocrx_word' id='word_1_289' title='bbox 1591 4278 1618 4356; x_wconf 80' lang='lat'>⁴,</span> 
     </span>
    </p>
   </div>
   <div class='ocr_carea' id='block_1_3' title="bbox 426 4523 1619 4797">
    <p class='ocr_par' dir='ltr' id='par_1_6' title="bbox 430 4526 728 4568">
     <span class='ocr_line' id='line_1_37' title="bbox 430 4526 728 4568; baseline 0.003 -1"><span class='ocrx_word' id='word_1_290' title='bbox 430 4526 438 4559; x_wconf 85' lang='lat'><strong>¹</strong></span> <span class='ocrx_word' id='word_1_291' title='bbox 649 4555 655 4568; x_wconf 91' lang='lat'>.</span> <span class='ocrx_word' id='word_1_292' title='bbox 722 4555 728 4568; x_wconf 95' lang='lat'><em>.</em></span> 
     </span>
    </p>

    <p class='ocr_par' dir='ltr' id='par_1_7' title="bbox 426 4523 1619 4721">
     <span class='ocr_line' id='line_1_38' title="bbox 426 4523 1619 4653; baseline 0.001 -15"><span class='ocrx_word' id='word_1_293' title='bbox 426 4594 438 4627; x_wconf 83' lang='lat'><strong>¹</strong></span> <span class='ocrx_word' id='word_1_294' title='bbox 466 4523 816 4650; x_wconf 48' lang='lat' dir='ltr'>glcqefg&#39;omatffidm</span> <span class='ocrx_word' id='word_1_295' title='bbox 835 4603 893 4641; x_wconf 84' lang='lat' dir='ltr'>erat</span> <span class='ocrx_word' id='word_1_296' title='bbox 904 4597 1055 4642; x_wconf 77' lang='lat' dir='ltr'>monasterii</span> <span class='ocrx_word' id='word_1_297' title='bbox 1065 4605 1111 4642; x_wconf 77' lang='lat' dir='ltr'>aut</span> <span class='ocrx_word' id='word_1_298' title='bbox 1121 4603 1276 4653; x_wconf 80' lang='lat' dir='ltr'>patronatus</span> <span class='ocrx_word' id='word_1_299' title='bbox 1283 4597 1327 4653; x_wconf 83' lang='lat' dir='ltr'>jus</span> <span class='ocrx_word' id='word_1_300' title='bbox 1337 4598 1362 4641; x_wconf 89' lang='lat' dir='ltr'>ln</span> <span class='ocrx_word' id='word_1_301' title='bbox 1370 4597 1454 4652; x_wconf 82' lang='lat' dir='ltr'>ipsum</span> <span class='ocrx_word' id='word_1_302' title='bbox 1464 4597 1619 4640; x_wconf 78' lang='lat' dir='ltr'>exercebat.</span> 
     </span>
     <span class='ocr_line' id='line_1_39' title="bbox 426 4666 855 4721; baseline 0.002 -11"><span class='ocrx_word' id='word_1_303' title='bbox 426 4666 438 4698; x_wconf 78' lang='lat'><strong>³</strong></span> <span class='ocrx_word' id='word_1_304' title='bbox 466 4667 532 4711; x_wconf 87' lang='lat' dir='ltr'>Vlde</span> <span class='ocrx_word' id='word_1_305' title='bbox 543 4677 630 4718; x_wconf 80' lang='lat' dir='ltr'>supra.</span> <span class='ocrx_word' id='word_1_306' title='bbox 642 4677 702 4721; x_wconf 73' lang='lat' dir='ltr'>pag.</span> <span class='ocrx_word' id='word_1_307' title='bbox 714 4668 760 4720; x_wconf 89' lang='grc'><strong>113,</strong></span> <span class='ocrx_word' id='word_1_308' title='bbox 772 4679 797 4711; x_wconf 89' lang='lat' dir='ltr'>n.</span> <span class='ocrx_word' id='word_1_309' title='bbox 806 4667 855 4711; x_wconf 84' lang='grc'><strong>310.</strong></span> 
     </span>
    </p>

    <p class='ocr_par' dir='ltr' id='par_1_8' title="bbox 426 4739 1615 4797">
     <span class='ocr_line' id='line_1_40' title="bbox 426 4739 1615 4797; baseline 0.001 -13"><span class='ocrx_word' id='word_1_310' title='bbox 426 4743 438 4777; x_wconf 75' lang='lat'>⁸</span> <span class='ocrx_word' id='word_1_311' title='bbox 465 4739 494 4785; x_wconf 89' lang='lat' dir='ltr'>P.</span> <span class='ocrx_word' id='word_1_312' title='bbox 506 4739 633 4784; x_wconf 81' lang='lat' dir='ltr'>Antonius</span> <span class='ocrx_word' id='word_1_313' title='bbox 643 4739 751 4792; x_wconf 80' lang='lat' dir='ltr'>Madrid,</span> <span class='ocrx_word' id='word_1_314' title='bbox 763 4741 793 4783; x_wconf 77' lang='lat' dir='ltr'>“a</span> <span class='ocrx_word' id='word_1_315' title='bbox 803 4741 878 4795; x_wconf 86' lang='lat' dir='ltr'>quien</span> <span class='ocrx_word' id='word_1_316' title='bbox 889 4740 931 4785; x_wconf 85' lang='lat' dir='ltr'>dlo</span> <span class='ocrx_word' id='word_1_317' title='bbox 941 4742 1099 4786; x_wconf 82' lang='lat' dir='ltr'>nacimlento</span> <span class='ocrx_word' id='word_1_318' title='bbox 1109 4743 1134 4784; x_wconf 90' lang='lat' dir='ltr'>el</span> <span class='ocrx_word' id='word_1_319' title='bbox 1143 4742 1243 4787; x_wconf 79' lang='lat' dir='ltr'>famoso</span> <span class='ocrx_word' id='word_1_320' title='bbox 1252 4741 1342 4797; x_wconf 83' lang='lat' dir='ltr'>Veger</span> <span class='ocrx_word' id='word_1_321' title='bbox 1356 4741 1388 4786; x_wconf 79' lang='lat' dir='ltr'>de</span> <span class='ocrx_word' id='word_1_322' title='bbox 1403 4743 1430 4786; x_wconf 80' lang='lat' dir='ltr'>lu</span> <span class='ocrx_word' id='word_1_323' title='bbox 1445 4739 1573 4794; x_wconf 65' lang='lat' dir='ltr'>Misimus</span> <span class='ocrx_word' id='word_1_324' title='bbox 1583 4741 1615 4785; x_wconf 78' lang='lat' dir='ltr'>de</span> 
     </span>
    </p>
   </div>
   <div class='ocr_carea' id='block_1_4' title="bbox 0 0 1864 5400">
    <p class='ocr_par' dir='ltr' id='par_1_9' title="bbox 0 0 1864 5400">
     <span class='ocr_line' id='line_1_41' title="bbox 0 0 1864 5400; baseline 0 0"><span class='ocrx_word' id='word_1_325' title='bbox 0 0 1864 5400; x_wconf 95' lang='lat' dir='ltr'> </span> 
     </span>
    </p>
   </div>
  </div>
 </body>
</html>
