3717 5400
366 490 420 549 150
822 493 950 554 Cunoa.
972 493 1048 554 Soc.
1069 494 1139 568 Jns.

366 637 480 718 ceptis
490 640 736 716 sacramentis,
749 640 922 703 foeliciter
936 640 1136 720 migrasset,
1150 641 1292 721 quidam
1304 641 1379 720 ejus
1390 639 1511 719 frater,
1524 641 1603 720 qui,

367 744 490 808 eadem
505 745 688 809 inimicitia
703 747 871 826 flagrans,
886 748 921 809 in
937 746 1112 811 Paschate
1128 765 1149 810 a
1163 745 1403 811 Sacramentis
1420 748 1596 811 abstinue-

367 863 434 927 rat,
451 853 531 914 visa
544 852 666 916 fratris
681 855 737 917 sui
752 854 957 917 reductione
980 853 1024 916 ad
1044 853 1246 933 Dominum,
1269 863 1304 918 et
1318 863 1447 929 morte,
1464 855 1595 918 imitari

368 975 449 1020 eum
464 968 498 1021 et
513 959 588 1039 ipse
603 977 711 1022 sanus
725 961 848 1024 voluit.

427 1065 498 1127 426.
543 1065 646 1144 Quod
660 1068 706 1131 ad
721 1067 880 1130 scholam
901 1068 1036 1146 attinet,
1061 1085 1142 1132 cum
1161 1085 1206 1131 ex
1228 1068 1365 1131 duabus
1388 1085 1457 1132 una
1480 1068 1596 1131 confe-

368 1172 568 1250 ctafuisset,
582 1184 616 1236 et
628 1175 744 1238 adhuc
756 1175 996 1238 dilaberentur
1005 1173 1191 1255 [discipuli]
1203 1175 1292 1238 forte
1304 1186 1449 1254 propter
1461 1184 1600 1238 aestum¹

368 1292 540 1358 exparte,
557 1281 606 1343 ita
628 1290 664 1343 ut
685 1281 728 1344 ad
753 1279 790 1342 14
810 1292 929 1345 essent
952 1282 1101 1359 reducti,
1129 1282 1196 1344 hac
1222 1293 1369 1361 accepta
1396 1282 1595 1360 occasione,

367 1387 537 1465 temporis
562 1387 696 1450 scilicet
721 1389 848 1451 aestivi
873 1398 908 1450 et
933 1389 1069 1451 dierum
1085 1389 1352 1466 canicularium,
1367 1388 1598 1451 scholasticos

368 1509 491 1555 omnes
505 1492 713 1557 dimiserunt
728 1505 766 1557 ut
781 1512 903 1558 eorum
924 1495 1031 1559 saluti
1056 1497 1309 1572 consuleretur,
1332 1512 1414 1558 nam
1438 1513 1479 1557 eo
1502 1513 1597 1556 anno

367 1601 573 1677 gravissimi
588 1601 730 1665 fuerunt
745 1613 884 1665 aestus:
900 1614 1025 1682 postea
1042 1619 1128 1665 vero
1144 1619 1182 1664 se
1196 1603 1312 1666 denuo
1327 1603 1448 1665 ludum
1466 1603 1598 1664 littera·

369 1707 459 1770 rium
474 1719 660 1786 aperturos
676 1707 965 1789 [promittebant],
983 1708 1013 1771 si
1033 1719 1151 1771 tamen
1170 1711 1287 1771 locum
1309 1709 1532 1771 commodum
1552 1707 1597 1770 ad

369 1814 509 1876 scholas
524 1815 695 1878 tenendas
709 1815 891 1879 haberent:
908 1816 1002 1878 hanc
1018 1816 1113 1878 enim
1125 1814 1313 1878 formulam
1328 1816 1470 1878 scholas
1485 1815 1596 1877 dimit·

369 1920 476 1995 tendi,
493 1920 605 1984 Roma
621 1921 790 2002 scriptam
806 1941 827 1984 a
848 1922 954 1986 Patre
970 1922 1121 2001 ignatio,
1146 1932 1368 2002 acceperant.
1392 1922 1435 1985 Et
1455 1922 1512 1985 hic
1534 1919 1599 1983 luit

368 2025 447 2090 finis
462 2029 664 2091 scholarum
679 2029 943 2092 Mutinensium.

428 2134 498 2197 427.
542 2136 661 2198 Primo
675 2136 732 2198 die
746 2136 902 2215 Augusti
923 2135 960 2200 P.
983 2135 1131 2214 NataliS,
1149 2135 1205 2198 cui
1225 2136 1453 2198 commissum
1473 2135 1508 2197 id
1527 2133 1598 2196 lue·

370 2249 425 2302 rat
441 2259 461 2302 a
477 2241 582 2303 Patre
596 2241 746 2320 Ignati0,
762 2241 935 2305 Mutinam
950 2245 1161 2322 perveniens
1175 2251 1210 2304 et
1225 2240 1427 2304 difficultate
1440 2239 1598 2303 animad-

371 2364 478 2409 versa
503 2348 683 2411 obtinendi
698 2349 814 2412 locum
840 2350 993 2428 aliquem
1009 2367 1052 2411 ex
1069 2349 1123 2410 his
1146 2348 1190 2411 de
1205 2347 1330 2427 quibus
1350 2349 1538 2426 agebatur,
1557 2363 1607 2409 eo·

371 2454 463 2532 quod
479 2455 676 2518 animarum
692 2473 816 2518 curam
831 2456 1013 2534 haberent,
1030 2457 1148 2535 potius
1165 2456 1321 2518 animum
1337 2471 1415 2516 esse
1436 2453 1602 2534 adjicien-

371 2561 453 2622 dum
468 2563 605 2625 censuit
620 2563 665 2624 ad
681 2562 829 2644 alicujus
841 2564 966 2626 domus
981 2563 1206 2641 emptionem;
1224 2572 1258 2623 et
1270 2561 1344 2640 jam
1355 2577 1396 2623 ea
1412 2560 1455 2623 de
1467 2577 1504 2623 re
1517 2560 1600 2622 ami·

372 2667 404 2730 ci
420 2667 552 2748 aliquot
566 2670 768 2750 spirituales
782 2670 948 2750 agebant,
973 2669 1080 2733 immo
1097 2669 1140 2731 de
1156 2668 1261 2732 domo
1285 2667 1438 2747 quadam
1452 2667 1600 2731 emenda

371 2776 463 2837 inter
477 2777 574 2856 ipsos
589 2787 816 2856 convenerat;
834 2785 869 2841 et
881 2778 965 2839 licet
979 2777 1111 2839 nostris
1126 2792 1168 2838 ea
1184 2792 1255 2837 non
1269 2776 1436 2853 placeret,
1454 2784 1488 2836 et
1503 2774 1601 2837 mini·

372 2899 428 2944 me
443 2883 597 2946 omnium
613 2882 711 2947 Patri
725 2884 855 2961 Natali,
877 2882 972 2963 quod
992 2884 1143 2963 pretium
1163 2891 1256 2945 esset
1275 2882 1499 2943 commodum
1522 2898 1603 2945 eam

374 3000 545 3069 emerunt;
562 3008 646 3053 nam
660 2992 690 3053 si
704 2992 817 3054 nostri
831 2993 965 3054 nollent
988 3006 1067 3052 eam
1087 2986 1284 3064 admittere,
1307 2988 1435 3067 aliquis
1454 3004 1575 3051 eorum
1593 2988 1603 3019 ⁶

374 3097 441 3158 sibi
456 3114 535 3159 eam
549 3106 627 3160 erat
640 3107 853 3161 retenturus.

413 3203 484 3266 428.
527 3204 713 3287 Judicabat
728 3215 845 3268 autern
860 3204 897 3268 P.
914 3204 1062 3283 NataliS,
1085 3215 1180 3267 statu
1200 3202 1303 3283 hujus
1326 3201 1501 3281 collegioli
1522 3218 1603 3263 con·

373 3312 541 3390 siderato,
558 3314 616 3374 vel
631 3311 826 3375 curandum
849 3329 927 3375 esse
947 3310 1117 3375 Societati
1139 3320 1178 3373 ut
1196 3309 1279 3373 illud
1300 3310 1464 3389 erigeret,
1486 3308 1605 3370 missis

374 3420 546 3499 operariis
558 3435 599 3481 ac
610 3420 820 3499 praesertim
831 3420 1034 3495 lectoribus,
1049 3420 1105 3481 vel
1116 3416 1355 3481 reducendum
1367 3432 1445 3477 esse
1457 3414 1502 3477 ad
1515 3414 1604 3476 duos

375 3536 512 3589 tantum
526 3526 748 3604 sacerdoteS,
765 3526 822 3588 vel
837 3542 946 3587 unum
962 3534 1116 3600 tantum,
1134 3524 1266 3587 scholis
1281 3538 1428 3602 prorsus
1442 3520 1600 3583 sublatis,

434 3632 504 3694 429,
549 3630 602 3694 De
618 3649 704 3694 cura
718 3643 836 3694 autem
851 3646 1107 3693 conversarum
1121 3628 1351 3710 relinquenda
1368 3628 1545 3706 agendum
1560 3642 1608 3687 eo

375 3748 532 3818 tempore
547 3755 618 3800 non
633 3738 780 3815 censuit,
797 3736 880 3817 quia
895 3735 1084 3800 Societatis
1100 3736 1204 3799 amici
1216 3751 1347 3814 magna
1363 3752 1408 3797 ex
1424 3744 1523 3813 parte
1536 3732 1604 3795 hac

375 3846 514 3908 ratione
529 3846 768 3924 supersessuri
784 3843 995 3906 videbantur
1011 3862 1031 3907 a
1047 3843 1151 3906 rebus
1166 3841 1314 3921 Collegii
1339 3839 1605 3921 promovendis,

376 3968 459 4014 nam
474 3952 566 4013 bona
582 3968 666 4031 pars
681 3966 803 4013 eorum
816 3951 861 4012 ad
872 3950 1126 4013 monasterium
1139 3965 1394 4011 conversarum
1406 3945 1604 4025 juvandum

377 4067 477 4121 erant
493 4058 670 4138 propensi.

437 4164 507 4229 430.
551 4164 669 4229 Rediit
684 4174 803 4228 autem
816 4163 855 4226 P.
873 4162 1013 4226 Natalis
1028 4162 1241 4241 Ferrariam,
1255 4172 1291 4225 ut
1303 4179 1384 4225 cum
1396 4160 1497 4223 Duce
1512 4157 1613 4221 vide·

378 4284 432 4337 ret
447 4274 531 4353 quid
546 4283 667 4353 posset
691 4270 782 4349 fieri;
799 4280 834 4333 et
855 4286 937 4333 cum
953 4271 1060 4332 nollet
1080 4269 1223 4331 omnino
1244 4268 1326 4331 Dux
1341 4268 1489 4347 relinqui
1510 4264 1608 4328 Muti·

378 4398 489 4443 nense
503 4378 713 4456 Collegium,
731 4387 765 4440 et
787 4377 990 4457 scripsisset
1006 4376 1050 4439 ad
1071 4376 1353 4439 Gubernatorem
1369 4386 1405 4437 ut
1420 4373 1551 4436 nostris
1565 4374 1616 4434 lo-

381 4590 593 4600 -.-....——--

418 4728 428 4763 ¹
458 4726 617 4771 Amicorum?
