3717 5400
845 479 909 539 Au.
932 481 1001 539 1555
1482 479 1542 541 459

301 622 490 703 offerebat,
516 624 692 703 homineS,
719 634 864 705 propter
885 626 1049 690 sinistros
1072 642 1234 689 rumores
1259 625 1416 704 auditoS,
1444 628 1541 691 male

302 730 507 808 sentientes
521 731 828 796 informationibus
840 734 936 795 veris
951 732 997 795 ad
1012 734 1195 797 meliorem
1206 732 1314 796 animi
1324 734 1540 800 sententiam

302 838 552 916 transferendi;
568 840 734 919 quamvis
758 840 943 903 accidebat
965 842 1222 904 obtrectatores
1241 838 1342 919 pejus
1361 839 1429 903 sibi
1447 840 1541 920 ipsis

302 961 411 1024 quarn
426 943 595 1009 Societati
611 948 807 1023 consulere,
821 956 860 1010 ut
871 945 1002 1010 accidit
1016 944 1112 1010 Patri
1128 947 1239 1025 Cano,
1256 945 1355 1026 cujus
1369 947 1537 1027 obloquia

304 1050 348 1115 de
362 1050 539 1115 Societate
551 1052 654 1116 valde
667 1052 991 1135 PrincipiJoannae
1003 1054 1269 1134 displicuerunt;
1287 1054 1378 1117 sicut
1393 1065 1427 1117 et
1443 1054 1538 1131 allia,

293 1156 430 1243 ‚quibus
446 1160 626 1223 temeritas
641 1158 858 1239 hujusmodi,
875 1170 913 1223 ut
933 1161 1091 1241 ipsorum
1106 1168 1186 1224 utar
1201 1161 1395 1239 vocabulo,
1412 1161 1540 1225 odiosa.

303 1274 393 1343 erat;
408 1263 578 1329 Societati
594 1276 712 1330 autem
726 1267 813 1331 nihil
828 1285 976 1347 prorsus
987 1268 1119 1331 nocuit.
1135 1268 1256 1347 Aliqui
1277 1278 1394 1331 autem
1410 1285 1455 1331 ex
1472 1266 1536 1331 Pa·

304 1371 416 1435 tribus
431 1370 589 1451 ejusdem
604 1372 763 1452 Ordinis,
780 1374 907 1454 quibus
920 1375 1160 1439 fundamentis
1174 1376 1344 1439 niteretur
1360 1373 1396 1438 P.
1415 1374 1541 1439 Canus

301 1479 396 1541 scire
411 1481 611 1559 voluerunt,
628 1492 662 1544 et
677 1492 750 1545 tam
765 1482 843 1545 sine
855 1481 1087 1546 fundamento
1102 1483 1160 1545 illa
1177 1499 1255 1545 esse
1274 1482 1539 1560 intellexerunt,

306 1598 344 1648 ut
360 1587 646 1666 compatiendum
670 1588 852 1652 videretur
865 1599 938 1652 tam
955 1589 1094 1653 erudito
1105 1590 1196 1667 viro,
1215 1590 1309 1669 quod
1320 1589 1407 1652 talia
1418 1591 1536 1670 loque·

302 1702 412 1755 reiut.

366 1798 453 1862 1243.
496 1799 705 1864 Auctoritas
729 1811 859 1878 autem,
877 1820 984 1883 quam
1000 1802 1037 1866 P.
1061 1802 1296 1867 Prouincialis
1315 1803 1410 1883 apud
1431 1802 1534 1882 regni

305 1921 472 1985 proceres
485 1907 638 1971 habebat
652 1919 688 1971 et
702 1909 810 1973 etiam
826 1909 921 1989 apud
935 1909 1132 1973 mediocres
1147 1919 1181 1973 et
1196 1909 1336 1973 infimae
1353 1922 1459 1973 notae
1471 1911 1536 1974 ho-

302 2013 428 2091 mines,
445 2029 613 2093 magnam
627 2015 662 2077 ei
675 2032 828 2079 messem
843 2015 981 2095 piorum
1001 2034 1148 2097 operum
1167 2016 1369 2097 praebebat,
1390 2016 1473 2081 dum
1488 2016 1534 2081 ad

303 2137 382 2183 eum
399 2118 557 2199 cujusvis
567 2121 780 2185 conditionis
795 2123 956 2187 homines
971 2122 1179 2203 confugiunt
1198 2123 1337 2187 consilii
1362 2133 1396 2187 et
1411 2124 1534 2187 auxilii

303 2244 429 2306 causa;
446 2238 480 2291 et
495 2245 577 2291 cum
592 2230 791 2309 exemplum
816 2228 991 2309 Principis
1011 2229 1171 2312 Joannae
1190 2240 1224 2293 et
1245 2231 1392 2309 egregia
1406 2230 1535 2310 guber-

302 2334 399 2397 natio
410 2351 602 2413 regnorum
613 2335 753 2398 illorum
765 2337 891 2399 merito
903 2336 1127 2415 probaretur,
1141 2354 1222 2401 cum
1235 2336 1418 2418 potissima
1428 2354 1537 2417 quae-

302 2458 371 2521 que
392 2458 473 2504 cum
496 2441 603 2505 Patre
617 2444 739 2505 Araoz
758 2444 1121 2513 communicaremus.
1150 2461 1221 2507 non
1242 2444 1380 2507 fructus
1404 2461 1534 2525 expers

301 2558 380 2611 erat
394 2548 429 2612 in
455 2548 636 2613 hominum
658 2550 933 2628 existimatione,
959 2549 1045 2630 ejns,
1073 2551 1228 2630 inquam,
1249 2550 1396 2629 fructuS,
1414 2552 1474 2631 qui
1488 2568 1538 2618 ex.

302 2654 396 2718 bona
411 2655 716 2720 administratione
727 2654 956 2737 Reipublicae
972 2657 1195 2737 sequebatur.

366 2763 455 2828 1244.
499 2762 786 2827 concionabatur
806 2781 871 2844 pro
888 2780 954 2828 suo
974 2782 1072 2829 more
1092 2765 1127 2827 in
1147 2765 1292 2846 palatim
1313 2783 1394 2830 cum
1414 2774 1534 2832 autem

301 2871 380 2951 ipso
403 2871 459 2934 die
485 2869 544 2934 S.t¹
566 2869 766 2935 Sebastiani
785 2889 850 2951 pro
875 2871 1046 2935 concione
1071 2872 1203 2936 diceret
1221 2889 1326 2952 quam
1351 2874 1537 2952 singulare

301 2977 511 3042 beneficium
525 2977 650 3056 Regno
665 2977 904 3057 Portugalliae
916 2978 1015 3043 Deus
1031 2979 1094 3042 tali
1105 2977 1160 3042 die
1176 2981 1393 3057 contulisset,
1410 2980 1533 3043 haere·

302 3086 384 3150 dem
397 3087 501 3164 regni
515 3086 673 3148 tribuens
689 3085 939 3151 Sebastianum
950 3087 1102 3167 primum
1114 3086 1189 3168 ejus
1201 3087 1363 3164 nominis
1377 3104 1421 3150 ac
1432 3086 1533 3150 Priu-

303 3192 393 3272 cipis
406 3192 579 3273 Joannae,
595 3209 685 3272 quae
700 3205 784 3256 tunc
798 3192 935 3271 aderat,
958 3193 1079 3272 filium,
1094 3194 1147 3258 sic
1166 3193 1333 3257 derebus
1352 3193 1470 3258 multis
1486 3193 1534 3259 ad

301 3299 523 3380 spiritualem
543 3297 742 3380 profectum
763 3301 1006 3380 spectantibus
1028 3298 1167 3379 Regum
1186 3310 1221 3364 et
1245 3299 1532 3364 Gubernatorum

301 3409 439 3470 locutus
454 3416 518 3484 est,
531 3417 571 3470 ut
581 3424 704 3470 omnes
725 3407 871 3470 mirifice
897 3417 932 3470 et
957 3408 1155 3472 doctrinam
1176 3418 1212 3470 et
1229 3407 1369 3471 dicendi
1389 3405 1534 3472 modurn

300 3514 497 3578 laudarent.
513 3511 584 3577 Sed
599 3514 789 3594 praecipue
804 3512 1010 3577 Praefectus
1030 3515 1165 3593 palatii,
1187 3515 1309 3594 magni
1326 3513 1448 3594 iudicii
1461 3514 1533 3592 vir,

301 3619 389 3684 nihil
412 3637 570 3700 unquam
588 3620 713 3683 melius
737 3637 775 3683 se
790 3619 971 3684 audivisse
994 3620 1205 3700 affirmabat;
1227 3633 1262 3684 et
1282 3621 1449 3699 Praelati,
1471 3622 1532 3701 qui

300 3726 461 3805 aderant,
475 3744 555 3790 cum
568 3744 613 3789 ex
623 3736 797 3805 suggestu
806 3727 1049 3806 descenderet,
1060 3728 1127 3791 hoc
1135 3729 1251 3808 ipsum
1261 3727 1533 3808 exaggerando,

299 3833 532 3897 hortabantur
548 3844 587 3897 ut
601 3846 766 3913 pergeret
778 3835 821 3897 de
836 3844 910 3897 tam
919 3834 1133 3898 necessariis
1144 3834 1365 3899 documentis
1377 3835 1423 3898 ad
1437 3851 1534 3900 com-

303 3957 407 4004 mune
422 3941 553 4004 bonum
568 3951 602 4004 et
617 3941 831 4020 particulare
846 3942 1047 4006 animarum
1062 3941 1248 4006 disserere.

363 4047 452 4111 1245.
496 4046 691 4112 Consilium
706 4058 824 4111 autem
844 4049 955 4128 ipsius
970 4049 1006 4112 in
1024 4050 1129 4112 rebus
1150 4049 1298 4129 agendis
1319 4050 1407 4114 tanti
1426 4049 1534 4112 facie·

300 4155 386 4218 bant
401 4172 568 4234 proceres
582 4153 658 4235 ejus
673 4155 804 4233 curiae,
818 4164 856 4219 ut
867 4156 998 4219 bonum
1012 4142 1214 4220 suc'cessum
1234 4165 1317 4219 tunc
1332 4168 1533 4237 sperarent,

299 4279 382 4325 cum
414 4262 572 4342 ipsorum
606 4263 751 4343 negotia
783 4262 859 4343 eius
888 4261 1022 4342 judicio
1053 4272 1088 4326 et
1117 4265 1372 4344 approbatione
1401 4275 1535 4328 tracta-

299 4369 441 4432 bantur.

363 4476 450 4540 1246.
495 4475 627 4542 Rerum
650 4476 839 4542 Societatis
864 4478 969 4542 favor
998 4479 1067 4542 hac
1092 4480 1230 4544 ratione
1255 4481 1469 4560 augebatur,
1496 4491 1534 4546 et

299 4585 398 4645 multi
415 4585 566 4664 collegia
581 4599 616 4648 et
636 4585 761 4648 domus
786 4587 898 4650 variis
918 4587 955 4650 in
980 4587 1068 4649 loeis
1090 4587 1314 4667 expetebant,
1341 4588 1385 4651 de
1404 4588 1535 4669 quibus

266 4681 269 4689 ’
299 4689 448 4754 inferius
463 4693 581 4772 aliqua
596 4693 725 4756 dicam.
741 4692 835 4757 Inter
851 4695 951 4772 alios,
973 4693 1276 4776 Archiepiscopus
1295 4695 1532 4776 Hispalensis,
