3717 5400
375 482 411 541 44
636 467 637 472 ¹
835 481 964 545 Curios.
984 483 1061 546 Soc.
1082 485 1152 559 Jas.
1188 521 1191 525 ν

374 638 528 694 aetatem
543 631 729 708 accedens,
751 632 836 695 etin
857 631 1124 696 humanioribus
1142 631 1268 697 litteris
1288 634 1458 712 eruditus,
1486 637 1608 716 oppidi

374 736 563 802 Choloredi
577 738 614 801 in
628 737 772 820 Alpium
788 737 983 802 confinibus
999 737 1162 803 dominus
1178 738 1199 819 ';
1215 741 1286 820 qui,
1308 750 1347 805 ut
1361 750 1545 806 strenuum
1566 760 1606 806 se

374 846 587 924 praebuerat
599 845 636 909 in
662 846 904 910 saecularibus
929 847 1037 910 rebus
1061 864 1143 910 cum
1164 846 1201 910 in
1214 849 1358 912 saeculo
1382 857 1601 928 versaretur,

374 951 435 1030 ita,
451 968 532 1015 cum
547 969 611 1033 per
625 962 850 1016 sacramenta
866 963 900 1016 et
916 953 1115 1017 orationem
1129 970 1173 1017 ac
1191 953 1335 1019 demum
1350 971 1414 1034 per
1439 956 1602 1036 spiritua·

373 1057 421 1122 lia
435 1059 605 1122 exercitia
620 1076 641 1122 a
657 1058 810 1124 Domino
829 1059 894 1123 iuit
915 1059 1122 1140 illustratuS,
1139 1061 1341 1125 valedicere
1355 1063 1420 1125 toti
1435 1062 1518 1126 huic
1529 1080 1606 1126 sae·

372 1167 451 1229 culo
467 1183 510 1229 ac
524 1164 677 1229 Domino
692 1167 867 1230 inservire
881 1166 1051 1245 decrevit;
1069 1177 1104 1230 et
1119 1168 1171 1231 sic
1187 1167 1277 1232 ursit
1292 1172 1508 1233 avunculum
1524 1179 1604 1250 post

370 1274 481 1336 multa
503 1269 634 1352 jejunia
660 1282 694 1336 et
716 1271 906 1348 orationes,
937 1282 976 1336 ut
1002 1274 1113 1354 ipsius
1137 1274 1417 1339 benedictionem
1438 1276 1605 1357 impetra·

372 1379 476 1445 verit.

430 1486 481 1552 83.
524 1487 614 1552 Cum
639 1488 715 1568 ipso
741 1487 786 1552 ad
811 1486 1026 1552 Societatem
1047 1489 1198 1553 accessit
1220 1487 1362 1568 juvenis
1387 1491 1542 1571 quidam,
1565 1492 1602 1554 in

371 1593 638 1659 humanioribus
652 1595 778 1658 litteris
792 1595 962 1674 eruditus,
979 1596 1120 1658 nomine
1134 1593 1311 1676 Josephus
1322 1595 1520 1675 Fabricius,
1540 1598 1600 1679 qui

371 1711 455 1765 natu
470 1702 641 1766 minorem
655 1701 802 1765 fratrem
818 1700 862 1764 D.
878 1701 1089 1782 Hieronymi
1104 1701 1116 1733 ¹
1138 1703 1233 1766 domi
1254 1702 1472 1766 instituebat.
1496 1703 1601 1767 Prius

370 1809 438 1872 hoc
452 1810 530 1889 ipso
544 1827 638 1873 anno
652 1808 664 1840 ‘
680 1809 856 1874 admissus
881 1809 1008 1888 iuerat,
1031 1813 1218 1891 praeclaro
1240 1810 1382 1889 ingenio
1405 1820 1439 1873 et
1461 1809 1602 1875 dotibus

368 1917 561 1996 praeditus
578 1915 790 1982 Laurentius
804 1915 982 1996 Maggius‚
999 1917 1127 1981 nobilis
1145 1916 1351 1994 Brixiensis,
1374 1917 1434 1998 qui
1460 1918 1601 1981 abbatis

369 2020 593 2104 Martinengi,
619 2023 746 2088 Nuncii
767 2023 966 2103 Apostolici
989 2025 1083 2104 apud
1110 2022 1363 2103 Imperatorem
1378 2021 1401 2099 ⁸,
1427 2024 1600 2104 sanguine

369 2129 578 2209 conjunctus
592 2131 708 2194 fuerat
723 2141 758 2193 et
771 2130 876 2194 vaide
891 2131 1023 2194 charus
1038 2139 1115 2192 erat
1131 2127 1154 2195 ⁸.

428 2235 479 2300 84.
523 2237 594 2301 Alii
618 2237 725 2301 etiam
740 2239 941 2318 complures
965 2237 1052 2312 itali,
1079 2238 1265 2317 praeclara
1290 2220 1407 2300 indole
1432 2239 1596 2318 praediti,

368 2345 514 2409 admissi
528 2343 680 2420 suerunt,
697 2344 760 2407 sed
775 2353 848 2408 tres
863 2353 923 2406 aut
936 2353 1088 2424 quatuor
1099 2342 1272 2425 germani,
1287 2343 1346 2425 qui
1358 2345 1416 2406 vel
1428 2363 1474 2408 ex
1489 2343 1596 2409 Saxo·

366 2451 426 2515 nia
438 2453 495 2514 vel
506 2451 703 2529 Thuringia
715 2461 748 2514 et
761 2451 839 2514 aliis
850 2451 950 2529 lociS,
964 2451 999 2513 in
1011 2451 1136 2530 quibus
1145 2450 1350 2514 Lutherana
1361 2453 1473 2529 pestis
1484 2468 1597 2531 regna

366 2559 437 2638 bat,
455 2558 500 2621 ad
515 2556 728 2622 Societatem
739 2567 898 2621 nostram
910 2566 1151 2637 accesserunt,
1164 2573 1235 2620 non
1246 2574 1374 2637 parum
1387 2559 1599 2622 consolatio·

365 2665 421 2730 nis
435 2665 567 2731 nostris
582 2665 764 2745 dederunt;
782 2675 817 2730 et
831 2666 893 2745 ita,
906 2665 1071 2746 quamvis
1086 2665 1186 2728 multi
1200 2665 1271 2728 alio
1284 2665 1519 2746 mitterentur,
1535 2684 1598 2730 nu·

365 2790 484 2837 merus
499 2772 634 2837 Romae
648 2790 801 2851 maguus
816 2790 956 2853 semper
970 2773 1266 2837 conservabatur.

423 2878 473 2943 85.
517 2879 607 2944 Cum
621 2879 836 2944 Ratisbonae
847 2880 965 2943 diaeta
979 2879 1191 2943 celebranda
1216 2888 1310 2943 esset
1321 2898 1442 2944 mense
1458 2879 1589 2975 Martio

364 2990 543 3068 sequentis
558 2987 652 3065 anni,
670 2988 716 3051 ad
737 3004 843 3067 quam
867 2986 1068 3051 Cardinalis
1090 2985 1324 3065 Augustanus
1348 2984 1360 3017 ⁶
1386 2985 1592 3052 aPontifice

364 3094 583 3173 mittebatur,
610 3096 678 3157 hac
704 3094 782 3175 ipsa
808 3094 936 3175 hyeme
961 3094 1187 3173 praemonuit
1212 3092 1257 3157 D.
1286 3092 1434 3157 Olavem
1461 3094 1471 3124 ⁷
1499 3095 1593 3159 idem

362 3198 535 3277 Pontifex,
558 3212 595 3265 ut
610 3200 834 3265 cardinalem
856 3200 1102 3279 comitaretur,
1120 3209 1154 3263 et
1180 3200 1229 3263 ita
1253 3218 1334 3263 cum
1356 3200 1510 3281 quodam
1525 3202 1595 3264 alio

362 3308 528 3387 theologo
542 3325 726 3388 german0,
751 3310 815 3371 sub
840 3308 946 3371 finem
971 3306 1074 3386 hujus
1100 3308 1195 3384 anni,
1221 3307 1266 3370 ad
1282 3307 1539 3387 prosectionem
1554 3327 1593 3374 se

363 3414 591 3496 praeparavit
607 3413 630 3474 ⁸.

403 3657 411 3690 ¹
442 3654 572 3707 coleredo,
581 3668 634 3707 sen,
645 3662 672 3699 ιιι
684 3657 716 3699 ab
728 3654 786 3699 aliis
796 3654 928 3708 scribitur,
946 3654 1088 3706 Colloredo,
1102 3654 1251 3709 oppidulum
1266 3661 1306 3698 est
1322 3662 1348 3698 et
1363 3656 1501 3699 castellum
1519 3656 1545 3700 lu
1561 3666 1593 3699 ea

362 3728 465 3773 dominil
477 3730 537 3773 ollm
547 3729 634 3773 veneti
644 3734 719 3783 parte
730 3739 796 3782 quae
807 3726 888 3771 Frluii
900 3727 1003 3782 dicitur,
1014 3727 1101 3779 altum,
1117 3728 1183 3770 unde
1193 3727 1320 3781 originem
1335 3734 1361 3771 et
1369 3739 1461 3771 nomen
1476 3728 1548 3771 ducit
1556 3728 1594 3772 ia·

361 3800 432 3844 milia
445 3799 576 3851 Coloredo,
586 3812 651 3855 quae
662 3799 750 3853 plures
759 3799 837 3843 rebus
847 3799 872 3842 ln
884 3798 994 3843 Austris
1006 3807 1032 3842 et
1046 3799 1071 3842 ln
1090 3797 1168 3843 ltalia
1182 3798 1265 3853 gestis
1282 3799 1397 3853 insigues
1412 3800 1484 3843 viros
1501 3798 1591 3844 edidit.

361 3870 399 3916 Ci.
411 3872 483 3916 curn.
494 3882 525 3915 ιιι
535 3872 641 3924 Joauurs
653 3872 749 3923 Βιιιιν,
765 3870 910 3914 Theatrum
926 3870 1004 3914 Orbis
1014 3874 1152 3914 terrarum
1163 3881 1210 3913 seu
1221 3871 1298 3913 Atlas
1309 3881 1404 3923 novus,
1412 3877 1484 3926 part.
1496 3882 1535 3915 ιιι.

401 3944 413 3975 ¹
441 3943 472 3986 D.
483 3942 633 3999 Hieronymi
644 3944 675 3987 de
686 3942 840 3987 Choloredo.

399 4014 411 4046 ⁸
441 4014 488 4058 Hic
499 4014 604 4068 scripsit
614 4014 647 4057 ad
658 4015 770 4067 paginae
781 4024 854 4058 oram
866 4010 1016 4056 Sacchlnus:
1029 4013 1046 4056 8
1057 4012 1164 4058 Martii.

398 4087 410 4119 ⁴
437 4086 624 4141 “Hieronymus
641 4084 826 4139 Martlneugus,
841 4085 883 4140 qul
901 4092 960 4128 erat
977 4085 1067 4137 abbas,
1082 4086 1278 4137 protonotarius
1297 4086 1455 4140 apostolicus
1470 4088 1493 4138 ι*
1505 4086 1591 4129 Breve

360 4155 421 4209 Julli
431 4155 477 4209 111,
487 4157 514 4200 25
523 4157 623 4211 Aprilis
634 4156 687 4200 1550
693 4156 727 4199 ad
736 4155 927 4201 Ferdinandum
939 4154 950 4199 l
961 4155 1057 4207 datum;
1067 4154 1184 4199 Viennae
1197 4155 1222 4199 in
1236 4157 1345 4200 archivo
1357 4158 1433 4201 aulae
1447 4168 1587 4200 caesareae

358 4226 475 4272 Romana
490 4228 549 4279 1550,
567 4227 644 4271 Fasc.
664 4228 684 4271 2.
700 4239 725 4271 n.
745 4227 804 4281 aba„
821 4228 1035 4275 Basuusssacna.
1053 4226 1085 4270 Β.
1103 4226 1133 4272 Ρ.
1150 4226 1254 4271 Canisr'r'
1270 4228 1406 4281 epistulae
1417 4232 1443 4272 et
1456 4232 1525 4282 acta,
1537 4236 1558 4272 t.
1573 4240 1590 4281 1,

358 4309 418 4355 pag.
429 4299 476 4351 445,
487 4306 575 4344 annot.
586 4298 678 4342 1.-De
688 4310 718 4343 eo
726 4299 781 4352 jam
791 4298 895 4353 saepius
906 4299 1002 4342 mentio
1012 4298 1082 4342 iacta
1094 4304 1134 4342 est
1144 4299 1170 4341 in
1180 4299 1228 4342 hoc
1239 4299 1373 4343 Chronico.

398 4369 409 4402 ³
436 4369 497 4413 ideo
508 4370 538 4413 de
549 4368 685 4413 Laurentii
696 4370 813 4423 ingressu
825 4375 851 4412 et
862 4370 893 4413 de
903 4369 1037 4413 exercitiis
1052 4371 1085 4412 ab
1099 4370 1155 4423 ipso
1172 4369 1278 4414 Abbate
1288 4370 1452 4423 Martinengo
1467 4370 1535 4414 domi
1546 4381 1590 4414 uo·

358 4441 487 4491 straehoc
503 4452 570 4485 anno
585 4441 699 4495 peractis
714 4441 819 4485 curavit
833 4438 952 4493 ignatius
968 4438 1129 4484 Viennenses
1144 4447 1247 4485 nostros
1262 4453 1308 4496 per
1316 4440 1457 4486 Polancum
1464 4441 1590 4485 certiores

358 4512 475 4566 reddere,
486 4519 514 4557 ut
525 4513 656 4557 videbitur
667 4514 692 4555 in
703 4512 778 4556 Nova
787 4512 872 4564 serie,
882 4518 933 4555 etc.

397 4580 410 4616 ⁸
439 4584 499 4627 Otto
510 4583 662 4637 Trnchsess,
674 4584 705 4627 de
716 4594 765 4637 quo
773 4584 827 4638 jam
837 4582 951 4637 saepius.

397 4656 408 4688 ἵ
435 4655 465 4698 Ρ.
476 4654 563 4699 Drem.
573 4654 711 4699 Martinam
723 4655 753 4698 de
765 4653 856 4699 Olave.

397 4726 409 4759 ⁸
437 4725 518 4770 Recte
529 4726 657 4771 Polancus
667 4726 704 4769 ait
714 4725 749 4768 ad
756 4726 954 4783 prosectionem
965 4736 993 4769 se
1001 4728 1190 4781 praeparavit.
1203 4727 1269 4772 Nam
1284 4726 1477 4773 “Ferdinaudus
1487 4727 1498 4772 1
1509 4728 1537 4773 id
1546 4727 1590 4772 Se·
