3717 5400
637 1167 700 1251 DE
726 1167 878 1253 REBUS
905 1169 1104 1252 AFRICAE

321 1727 409 1792 1682.
452 1727 622 1810 Acceptis
643 1731 768 1794 litteris
793 1729 831 1794 P.
856 1730 1012 1795 Cornelii
1028 1728 1037 1762 ¹
1053 1749 1099 1794 ex
1113 1729 1245 1811 Magno
1268 1729 1404 1810 Congo,
1426 1730 1485 1793 de-

257 1846 424 1902 creverat
452 1833 530 1900 Rex
557 1835 798 1918 Portugalliae
824 1837 961 1919 aliquos
986 1854 1032 1904 ex
1055 1837 1189 1903 nostris
1207 1855 1249 1902 eo
1268 1837 1424 1915 mittere3
1452 1845 1487 1900 et

258 1943 470 2023 expectabat
486 1942 523 2006 P.
540 1943 654 2008 Miron
669 1945 943 2025 postulationem
957 1954 1110 2026 quatuor
1122 1945 1348 2025 autquinque
1368 1959 1487 2007 sacer·

259 2049 381 2115 dotum
396 2049 419 2128 ¹,
442 2067 531 2129 quos
556 2048 595 2114 P.
616 2050 801 2116 Cornelius
825 2061 949 2133 optare
974 2051 1175 2132 videbatur,
1200 2061 1239 2116 ut
1265 2051 1367 2132 regni
1391 2050 1485 2114 illius

256 2175 382 2223 curam
397 2158 433 2221 in
449 2157 692 2239 spiritualibus
706 2159 889 2239 haberent,
907 2159 1153 2224 sacerdotibus
1170 2159 1381 2241 quibusdam
1402 2157 1486 2222 inde

259 2263 393 2345 ejectis,
420 2266 480 2345 qul
505 2264 731 2330 offendebant
758 2267 985 2330 vehementer
1011 2283 1187 2330 novorum
1211 2266 1512 2330 christianorum·

259 2371 416 2452 animos,
445 2373 553 2437 immo
578 2373 724 2437 timebat
750 2372 788 2437 P.
815 2374 943 2454 Miron‚
967 2393 1012 2438 ne
1032 2375 1249 2456 Episcopum
1272 2375 1425 2455 aliquem
1440 2371 1486 2436 ad

258 2495 409 2560 regnum
428 2481 496 2543 hoc
516 2481 619 2560 mitti,
640 2481 731 2544 sicut
750 2481 787 2544 in
806 2481 1047 2563 Aethiopiam,
1063 2481 1141 2546 Rex
1155 2491 1308 2563 peteret;
1330 2479 1487 2544 nondum

258 2595 377 2650 tamen
396 2585 475 2650 Rex
494 2587 727 2652 constituerat
746 2589 921 2670 quomodo
942 2606 980 2652 se
1001 2589 1131 2652 babere
1152 2606 1232 2652 cum
1255 2587 1353 2668 Rege
1372 2585 1490 2667 Congi

259 2692 418 2773 deberet;
435 2702 481 2773 et,
496 2695 578 2777 quia
593 2695 698 2759 navis
713 2696 888 2777 quaedam
900 2715 942 2760 eo
964 2695 1181 2776 mittebatur,
1210 2694 1412 2760 admonitus
1434 2705 1490 2758 est

259 2800 297 2865 P.
316 2800 501 2865 Cornelius
516 2812 553 2865 ut
568 2820 606 2865 se
627 2802 794 2883 periculis
814 2804 940 2867 mortis
962 2821 1033 2867 non
1053 2815 1260 2884 exponeret,
1280 2820 1371 2884 quae
1393 2801 1443 2866 illi
1465 2818 1487 2864 a

260 2906 470 2988 quibusdam
484 2908 607 2989 pravis
620 2909 821 2974 hominibus
837 2909 1066 2989 inminebant,
1088 2909 1184 2974 domi
1199 2926 1237 2974 se
1251 2921 1359 2973 noctu
1381 2908 1490 2972 conti·

260 3013 375 3078 nendo
390 3014 402 3047 ⁸
415 3024 449 3078 et
465 3014 590 3079 domus
605 3025 729 3096 portas
744 3017 963 3082 occludendo
978 3016 1003 3083 ⁴.

322 3120 410 3185 1683.
454 3120 523 3186 Sed
545 3140 666 3187 mense
687 3123 883 3190 Februario
899 3123 974 3205 jam
997 3125 1185 3190 videbatur
1206 3142 1248 3188 eo
1269 3125 1373 3206 plane
1392 3124 1489 3187 incli-

217 3220 221 3235 '
258 3246 345 3292 nare
358 3228 446 3309 Rex,
464 3238 502 3292 ut
517 3229 624 3310 aliqui
639 3232 764 3295 saltem
780 3249 824 3295 ex
839 3233 971 3295 nostris
986 3250 1029 3295 eo
1045 3212 1267 3295 mitterentur
1282 3230 1305 3309 ⁸,
1323 3230 1490 3311 quamvis

259 3334 305 3397 ad
325 3352 448 3399 curam
466 3336 664 3400 animarum
679 3337 881 3402 habendam
901 3339 1013 3403 bonos
1035 3340 1173 3420 aliquos
1190 3338 1395 3402 sacerdotes
1415 3354 1491 3401 sae·

260 3442 401 3507 culares
420 3441 620 3507 Cardinalis
641 3444 845 3525 quaerebat,
866 3455 900 3509 et
912 3445 955 3508 de
975 3446 1146 3509 mittendo
1159 3446 1302 3527 proprio
1314 3444 1492 3525 Episcopo

259 3548 387 3629 Congi,
414 3567 493 3613 cum
518 3550 655 3631 Legato
682 3552 793 3633 regi0,
819 3550 1004 3633 Principes
1029 3554 1254 3637 cogitabant.¹
1267 3550 1348 3615 Fuit
1373 3561 1493 3614 autem

259 3654 466 3735 designatus
481 3674 526 3720 ex
541 3659 671 3722 nostris
685 3657 723 3721 P.
743 3658 869 3723 Petrus
886 3660 987 3738 Diaz,
1010 3660 1070 3741 qui
1091 3660 1128 3723 in
1148 3659 1386 3722 conscientiae
1401 3658 1493 3721 casi-

260 3760 326 3825 bus
344 3761 446 3826 valde
471 3774 636 3829 versatus
661 3774 695 3829 et
719 3764 877 3829 eruditus
899 3778 987 3845 erat,
1015 3783 1095 3830 cum
1121 3766 1273 3847 quodam
1295 3766 1364 3829 alio
1380 3765 1492 3829 fratre

259 3867 472 3947 cognomine
487 3868 643 3935 Chalazu
657 3868 681 3951 ⁸3
698 3881 732 3934 et
747 3873 815 3936 hoc
830 3882 907 3936 erat
922 3873 1109 3937 consilium
1124 3872 1233 3951 Regis
1252 3871 1492 3951 Portugalliae

302 4110 311 4143 ἱ
340 4108 612 4155 P.CornelllGome2.

301 4180 313 4213 ἱ
339 4179 454 4236 scillcet,
464 4184 656 4237 postulaturum
666 4190 778 4239 quatuor
787 4190 832 4229 aut
844 4185 954 4240 quinque
964 4185 1124 4229 sacerdotes.

300 4250 313 4285 ⁸
339 4251 669 4299 Mahabetcontlnebont.

299 4322 311 4356 ⁴
338 4322 405 4367 Vide
416 4334 504 4378 snpra.
515 4330 534 4369 t.
546 4336 580 4377 ιν,
591 4338 633 4370 nn.
645 4326 769 4382 lav-129⁶,
780 4328 822 4372 ubl
834 4328 865 4370 de
875 4326 924 4372 huc
936 4326 1056 4371 illesione
1066 4328 1164 4383 agitur,
1173 4328 1356 4383 lmperllmenta
1364 4340 1429 4383 qnae
1437 4340 1492 4374 cor·

258 4392 330 4448 ruptl
347 4396 526 4440 nonnullorum
541 4406 626 4441 mores
642 4396 715 4443 Fidei
728 4398 887 4443 christianae
901 4400 1049 4454 ponebant,
1061 4410 1160 4444 necnon
1177 4398 1295 4455 pericula
1312 4410 1377 4453 quae
1392 4400 1418 4443 ln
1435 4400 1492 4445 dies

260 4464 290 4508 P.
301 4463 421 4511 Cornelio
432 4466 621 4521 impendebant.

300 4534 312 4568 ⁵
339 4535 395 4580 Hoc
405 4538 481 4581 enlxe
492 4537 519 4581 P.
528 4536 663 4583 Cornelius
673 4540 874 4595 efflagitaverat,
885 4546 912 4585 nt
923 4542 1064 4586 remedlnm
1073 4542 1176 4586 unicum
1186 4544 1263 4587 rebus
1270 4544 1412 4597 conglnnls.
1420 4542 1492 4589 Mala

258 4606 336 4661 enlm,
344 4608 436 4662 qulbus
443 4608 468 4653 ln
476 4608 563 4665 conto
570 4610 746 4655 nllllctabatur
753 4612 852 4667 rellgio,
862 4623 894 4655 ex
902 4612 1021 4667 pessimis
1029 4614 1197 4667 quorumdam
1204 4616 1370 4659 sacerdotum
1377 4616 1492 4661 moribus

259 4678 423 4731 potissimum
433 4690 480 4724 ceu
491 4690 523 4724 ex
534 4680 603 4724 lonte
613 4682 802 4730 redundabant.
814 4682 881 4727 Vide
891 4694 979 4739 snpra,
991 4691 1009 4729 t.
1020 4694 1057 4737 lv,
1069 4684 1219 4739 pag.601,n.
1233 4686 1293 4730 1296.

301 4744 315 4777 ⁴
340 4748 390 4794 Hic
401 4750 467 4795 inira
478 4758 589 4797 vocatur
599 4750 736 4798 chaianus.
