3717 5400
389 487 425 550 ti>
845 493 973 554 Canon.
994 492 1072 554 Soc.
1093 493 1154 566 Jss

388 641 494 704 etiam
510 641 704 721 temporale
719 639 917 704 Romanum
932 639 1130 719 Collegium
1156 639 1304 719 accepit.
1332 639 1499 703 Charitas
1524 641 1618 704 enim

388 747 481 812 illius
505 765 587 812 cum
611 748 841 811 intellexisset
866 747 1067 828 penuriam,
1091 764 1198 827 quam
1224 744 1358 810 Romae
1380 747 1492 810 nostri
1511 748 1620 827 patie

387 856 527 933 bantur,
542 853 836 932 benedictionem,
854 863 892 917 ut
904 853 977 933 iam
992 855 1101 918 semel
1116 865 1221 934 atque
1238 853 1366 917 iterum
1381 852 1525 928 fecerat,
1550 853 1617 918 Ro·

389 979 483 1026 mam
497 963 694 1026 transmisit
711 961 731 1021 ¹.

444 1069 495 1132 90.
539 1069 594 1133 Ex
607 1068 766 1148 Collegio
782 1067 997 1132 Germanico
1011 1069 1079 1132 hoc
1095 1087 1188 1132 anno
1201 1084 1273 1131 non
1285 1069 1389 1149 pauci
1401 1068 1555 1131 animum
1569 1068 1614 1131 ad

384 1173 599 1241 Societatem
613 1187 772 1241 nostram
785 1177 989 1258 adjecerunt
1005 1175 1027 1240 '.
1043 1175 1112 1240 Alii
1125 1185 1243 1240 autem
1251 1177 1402 1239 aliarum
1416 1176 1614 1252 nationum,

385 1293 465 1363 post
480 1284 676 1364 spiritualia
691 1285 862 1348 exercitia
878 1283 1056 1362 coniecta,
1073 1284 1203 1363 partim
1226 1282 1272 1345 ad
1291 1293 1462 1360 nostram,
1485 1283 1616 1364 partim

385 1390 431 1455 ad
446 1391 535 1455 alias
550 1392 740 1471 religiones
762 1409 799 1454 se
820 1393 1056 1470 contulerunt,
1078 1391 1208 1471 partim
1228 1391 1263 1452 in
1278 1406 1343 1453 suo
1364 1399 1461 1453 statu
1479 1406 1615 1470 perma-

385 1507 508 1590 nentes
522 1497 598 1579 eJ‘us
612 1499 857 1562 reformationi
878 1515 1023 1579 operam
1037 1497 1220 1561 dederunt.

442 1606 493 1668 91.
537 1605 591 1669 De
607 1606 662 1669 his
676 1615 806 1682 autem,
824 1623 974 1687 quorum
994 1606 1137 1685 saepius
1158 1605 1286 1668 similia
1305 1605 1439 1684 scripta
1459 1614 1551 1675 sunt,
1576 1616 1614 1668 ut

384 1713 427 1776 de
441 1711 687 1793 pacificatione
701 1713 971 1789 discordiarum,
987 1713 1212 1776 morientium
1228 1721 1264 1774 et
1275 1711 1538 1791 aegrotantium
1552 1729 1610 1775 au·

384 1820 489 1896 xiliis,
510 1829 544 1883 et
565 1820 726 1883 doctrina
752 1819 945 1883 christiana
968 1819 1189 1900 explicanda,
1213 1829 1249 1882 et
1272 1818 1350 1883 aliis
1371 1817 1512 1899 pietatis
1536 1818 1612 1882 iun-

384 1927 569 2002 ctionibuS,
586 1927 674 1991 satis
687 1929 733 1990 sit
753 1945 822 1991 uno
837 1928 947 1991 verbo
963 1926 1091 2005 dicere,
1108 1925 1202 2007 quod
1225 1926 1292 1990 hoc
1314 1926 1421 1990 etiam
1441 1942 1546 1998 annu,
1567 1925 1612 1988 si-

382 2043 441 2098 cut
455 2043 490 2098 ct
505 2035 540 2097 in
556 2035 768 2115 praeteritis
784 2033 916 2097 utiliter
931 2033 1044 2097 nostri
1057 2051 1136 2097 sese
1150 2033 1285 2097 Romae
1299 2043 1534 2097 exercuerunt
1550 2030 1572 2094 ⁸.

441 2142 489 2207 92.
531 2141 608 2206 Hac
624 2151 758 2204 aestate
779 2140 981 2206 Cardinalis
1001 2141 1242 2204 Ferrariensis
1262 2137 1411 2220 ‘Tybur
1429 2157 1469 2202 se
1490 2150 1611 2203 contu·

381 2249 483 2324 ierat,
500 2247 545 2312 ad
560 2249 698 2311 calores
717 2248 875 2311 aestivos
899 2247 1074 2322 vitandos;
1091 2248 1192 2327 petiit
1215 2257 1333 2310 autem
1351 2263 1415 2327 per
1435 2247 1573 2310 litteras
1588 2264 1610 2310 a

381 2354 419 2419 P.
437 2354 586 2435 Ignati0,
603 2366 640 2419 ut
656 2356 806 2433 aliquem
830 2357 875 2420 ad
896 2373 934 2419 se
954 2358 1109 2419 mitteret
1128 2356 1427 2429 concionatorem,
1447 2355 1507 2434 qui
1522 2352 1609 2433 jubi-

381 2463 496 2526 laeum
508 2463 607 2526 initio
619 2461 1002 2526 PontificatusaPaulo
1011 2463 1201 2527 IVeditum
1213 2464 1343 2543 populo
1355 2461 1608 2542 promulgaret,

379 2578 413 2631 et
434 2570 479 2632 ad
494 2570 591 2632 illum
605 2570 847 2650 recipiendum
867 2571 1030 2633 homines
1047 2570 1262 2633 hortaretur.
1285 2569 1414 2633 Missus
1433 2580 1487 2632 est
1508 2570 1554 2632 ad
1573 2568 1608 2631 id

379 2673 417 2739 P.
433 2675 645 2741 Benedictus
660 2675 826 2753 PalmiuS,
843 2677 903 2759 qui
915 2695 1023 2758 quam
1033 2677 1176 2757 egregie
1190 2693 1255 2740 suo
1267 2676 1313 2742 sit
1325 2675 1468 2741 functus
1480 2675 1606 2755 officio,

379 2799 459 2845 cum
475 2785 517 2847 de
531 2784 728 2864 Tyburtino
743 2784 900 2864 Collegio
916 2794 1055 2863 agetur,
1072 2785 1230 2848 dicemus
1244 2782 1266 2844 ⁸.

437 2890 488 2953 93.
533 2890 622 2955 Cum
637 2891 823 2954 Ferrariae
839 2890 922 2953 Dux
936 2890 1109 2955 Hercules
1124 2891 1169 2954 ad
1184 2892 1409 2955 salutandum
1423 2891 1607 2957 Summum

378 2994 585 3061 Pontificem
608 2995 757 3060 Paulum
780 2997 831 3061 IV
855 2998 1013 3062 venisset
1033 2996 1057 3076 ⁶,
1080 2997 1118 3061 P.
1140 2998 1310 3077 Ignatius,
1335 3016 1415 3062 eum
1435 3000 1605 3079 invisens,

378 3114 539 3167 amanter
563 3122 645 3167 eum
669 3104 850 3167 admonuit
878 3104 973 3185 quod
996 3114 1121 3169 sancto
1145 3106 1384 3186 inquisitionis
1402 3106 1516 3171 officio
1536 3125 1606 3171 non

377 3211 588 3291 probaretur
603 3211 698 3291 quod
712 3227 907 3273 marranos
923 3210 934 3240 ⁷
950 3212 1004 3289 (ut
1022 3211 1172 3289 vocant)
1188 3212 1224 3290 (i.
1241 3230 1285 3291 e.‚
1302 3212 1362 3295 qui
1376 3224 1456 3293 post
1471 3214 1607 3294 Baptis-

418 3382 424 3411 ¹
454 3379 521 3423 Vide
531 3378 624 3424 Pricis
634 3378 805 3433 historiques,
816 3386 834 3423 t.
845 3390 926 3432 xxxv,
937 3391 996 3434 pag.
1007 3379 1054 3431 255.
1065 3385 1091 3424 et
1104 3379 1199 3424 cartas
1208 3380 1241 3424 tte
1251 3379 1307 3423 San
1324 3378 1445 3434 ignatio,
1460 3390 1479 3427 t.
1494 3394 1529 3436 vr,
1545 3395 1605 3439 pag.

376 3448 417 3493 idi
426 3457 453 3494 et
462 3450 511 3493 t68.

417 3522 428 3553 ²
454 3520 522 3565 Vide
532 3533 620 3577 supra,
631 3532 691 3577 psa.
701 3522 736 3575 25,
748 3534 772 3565 n.
788 3523 827 3567 tt.

416 3593 427 3625 ³
454 3592 495 3637 Ea
504 3596 663 3638 enucleatius
673 3595 787 3647 reperies
797 3595 821 3639 ln
832 3594 930 3638 litteris
941 3594 1078 3639 historicis
1087 3604 1134 3637 seu
1142 3594 1176 3637 de
1186 3604 1290 3639 naeuus
1299 3594 1375 3647 (Vlde
1387 3608 1474 3652 snpra,
1486 3606 1506 3642 t.
1516 3610 1533 3648 l,
1542 3601 1604 3653 pig.

376 3663 423 3715 289.
434 3670 521 3708 annot.
533 3666 561 3717 l),
572 3664 673 3719 quaein
682 3664 758 3709 Nova
769 3664 844 3709 Serie
854 3665 975 3709 edentur.

416 3737 427 3769 ⁴
454 3734 724 3790 HippolltusdeEste.

416 3808 427 3839 ⁵
454 3807 535 3862 Intra,
546 3819 571 3852 n.
584 3808 724 3862 100etseq.

415 3877 427 3910 ὕ
453 3880 587 3924 “Proximo
599 3880 640 3923 dle
643 3908 729 3923 ..........
745 3878 885 3924 Ferrariae
903 3880 963 3925 Dux
979 3880 1059 3925 Panto
1074 3882 1225 3926 clientelare
1236 3881 1346 3926 odicium
1363 3882 1466 3938 detulit,
1482 3888 1561 3937 atque
1575 3883 1602 3926 ln

374 3952 442 3995 tillus
452 3950 500 3995 fide
511 3958 537 3995 et
547 3957 678 4003 potestate
689 3962 792 4006 semper
802 3952 915 3995 tutorum
926 3953 1062 4007 spopondit
1076 3960 1105 3997 ut
1121 3952 1275 3997 confirmant
1292 3954 1383 3997 eadem
1400 3962 1468 3998 acta.
1484 3954 1601 3999 “Rorreae

373 4023 418 4067 die
427 4023 504 4078 Jovis
515 4022 591 4067 XXX
599 4024 703 4067 mensis
713 4022 782 4067 Mati
792 4022 869 4067 MDL
876 4021 900 4066 V
900 4022 961 4078 suit
972 4023 1164 4067 Consistortum
1175 4024 1320 4078 publicum
1334 4026 1363 4069 in
1378 4037 1429 4079 quo
1445 4025 1603 4070 Ittustrtssi·

378 4104 439 4137 mus
449 4092 584 4137 Dominus
593 4092 656 4137 Dux
667 4094 864 4145 Ferrartensts,
874 4097 920 4149 qui
931 4098 1012 4140 antra
1022 4102 1071 4149 pro
1078 4097 1250 4150 praestanda
1259 4097 1410 4141 obedientia
1415 4097 1511 4153 setteis
1519 4108 1603 4142 recor·

375 4166 496 4209 dationis
505 4165 633 4209 Marcetto
643 4165 673 4209 Il
682 4166 718 4209 ad
734 4164 829 4210 Urbem
841 4167 1000 4220 advenerat,
1010 4167 1101 4210 eodem
1112 4167 1241 4212 Marcetto
1252 4170 1364 4222 mortuo,
1375 4168 1532 4214 huiusmodi
1545 4171 1604 4214 obe·

371 4237 503 4281 atentiam
522 4238 548 4280 ei
564 4249 616 4281 non
631 4238 810 4293 praestitam,
829 4241 854 4281 et
870 4238 977 4293 Joanne
992 4238 1073 4282 Petro
1089 4240 1186 4283 divina
1199 4240 1316 4295 favente
1337 4242 1480 4292 sternentia
1493 4241 1602 4297 Episco·

371 4314 405 4363 ρο
416 4308 534 4351 Ostiensi
544 4309 579 4351 ad
589 4309 692 4352 summi
703 4308 874 4363 Apostotatus
885 4311 1001 4365 apicem,
1010 4322 1071 4355 cum
1082 4311 1304 4356 denominatione
1317 4311 1395 4356 Paeti
1405 4312 1498 4369 Papae
1507 4314 1526 4359 I
1529 4314 1552 4358 V
1558 4325 1602 4357 as·

369 4381 487 4435 sumpto,
496 4379 588 4423 hadria
598 4380 677 4434 prius
685 4384 736 4433 per
745 4390 825 4423 suum
846 4380 984 4426 Oratorem
1002 4391 1050 4426 seu
1065 4383 1249 4427 secretarium
1268 4384 1387 4436 etegenti
1401 4387 1531 4439 oratione,
1545 4387 1602 4430 obe·

370 4450 504 4495 atentiam
515 4450 640 4495 devotam
651 4451 738 4495 eidem
750 4450 835 4496 Fauta
843 4455 1086 4508 praemittimus
1102 4456 1215 4508 benigne
1233 4459 1360 4510 exceptus
1376 4460 1439 4511 est„
1453 4457 1600 4509 Rarnecot,

372 4522 492 4567 Annales
502 4522 687 4576 ecctestastici,
698 4533 757 4567 ann.
770 4523 829 4573 limi.
840 4536 863 4569 n.
876 4537 938 4569 xau.

411 4592 421 4624 ²
449 4592 522 4643 “iDel
534 4600 656 4637 anatem
671 4594 738 4643 llt'lil
757 4594 834 4644 tim,
853 4594 952 4638 Maran
970 4596 1043 4651 atita,
1061 4596 1461 4649 Naestroseriorotene.usado
1481 4614 1527 4656 por
1547 4602 1599 4646 San

371 4660 470 4715 Pablo).
481 4674 514 4707 en.
525 4675 542 4719 y
553 4663 571 4709 i.
581 4668 635 4707 ant.
646 4662 759 4707 Persona
771 4664 879 4709 maldita
888 4678 906 4721 y
916 4665 1140 4722 descomotgeda,
1149 4668 1321 4713 Dtcctonario
1330 4671 1364 4714 ete
1372 4671 1398 4714 ta
1409 4671 1507 4725 tengua
1515 4676 1599 4717 caste·

369 4734 445 4778 ttana
455 4740 506 4789 por
515 4734 542 4777 ta
554 4732 623 4777 Reat
635 4733 781 4778 Academia
792 4734 1047 4791 Espartota,12.⁸ed.
1060 4738 1170 4791 Hadrld,
1182 4740 1242 4785 1884.
