3717 5400
398 506 454 564 120
857 500 984 559 Cuaoa.
1007 499 1082 557 Soc.
1104 500 1174 571 Jss.

463 650 551 714 1121.
594 649 663 713 Hic
677 648 716 711 P.
733 648 923 725 AntoniuS,
946 648 1120 727 quamvis,
1143 658 1180 709 ut
1196 646 1321 709 studiis
1336 657 1494 725 vacaret,
1519 666 1627 712 onere

397 757 666 838 gubernationis
680 755 755 835 ejus
770 754 919 834 Collegii
940 754 1110 817 liberatus
1125 754 1252 832 suerat,
1270 765 1307 816 ut
1324 754 1476 817 diximus
1500 754 1519 833 ¹,
1537 756 1629 819 mita

398 878 517 929 tamen
536 862 724 944 prudentia
744 880 786 925 ac
806 862 947 942 spiritu,
972 858 1293 940 superintendentis
1314 861 1468 925 officium
1487 880 1628 927 exerce·

397 973 470 1050 bat,
494 982 528 1034 et
551 971 681 1049 omnia,
707 986 797 1049 quae
819 970 864 1031 ad
884 968 1108 1048 disciplinam
1127 965 1314 1031 Societatis
1334 969 1568 1049 pertinebant,
1592 980 1628 1034 et

396 1081 539 1142 demum
558 1077 603 1140 ad
619 1076 695 1157 ejus
714 1093 957 1156 progressum,
979 1075 1167 1153 diligenter
1188 1076 1378 1137 admodum
1398 1077 1624 1155 observabat,

395 1196 431 1249 et
449 1183 640 1266 aliquando
660 1184 767 1246 etiam
789 1195 931 1245 nostros
950 1182 1023 1245 suis
1042 1182 1349 1246 exhortationibus
1368 1192 1403 1244 et
1417 1200 1488 1246 non
1510 1184 1626 1248 minus

395 1292 603 1357 humilitatis
631 1293 794 1370 exemplo
827 1291 872 1353 ad
902 1291 1035 1369 optima
1064 1307 1223 1369 quaeque
1254 1289 1444 1353 excitabat.
1473 1290 1627 1371 Egregie

392 1401 501 1464 etiam
515 1418 557 1463 eo
572 1409 732 1478 tempore
748 1416 786 1459 se
800 1396 949 1476 gerebat
965 1397 1000 1459 in
1017 1396 1083 1473 his,
1107 1413 1197 1475 quae
1214 1396 1258 1457 ad
1279 1396 1441 1475 spiritum
1456 1408 1490 1459 et
1511 1398 1554 1458 ad
1575 1399 1628 1462 lit·

394 1517 490 1570 teras
505 1506 692 1587 pertinent,
710 1504 753 1567 D.
771 1503 1019 1567 Ferdinandus
1032 1503 1156 1582 Teglio
1173 1503 1200 1579 ¹,
1218 1504 1381 1582 quamvis
1397 1522 1467 1565 non
1482 1504 1574 1567 idem
1590 1506 1625 1569 in

401 1624 550 1693 utroque
565 1612 854 1693 perseverantiae
870 1612 1001 1673 donum
1016 1609 1091 1672 suit.

463 1720 550 1783 1122.
595 1718 751 1798 Quodad
763 1717 973 1797 temporalia
986 1717 1123 1795 attinet,
1137 1715 1416 1781 Salmanticense
1428 1717 1625 1797 Collegium

393 1845 521 1907 parum
537 1826 825 1907 promovebatur,
842 1824 1030 1886 videbatur
1046 1832 1164 1885 autem
1179 1823 1292 1886 eidem
1309 1823 1345 1886 P.
1359 1824 1515 1891 Antonio
1531 1826 1625 1906 quod

391 1935 422 1997 si
438 1932 638 1998 Cardinalis
652 1932 858 2011 Burgensis,
876 1930 919 1993 D.
937 1930 1151 1993 Franciscus
1172 1931 1216 1991 de
1232 1930 1414 2011 lllendoza,
1429 1934 1489 2013 qui
1505 1950 1620 1997 susce·

390 2052 492 2121 perat
514 2041 711 2119 Collegium
736 2038 820 2103 illud
840 2036 1051 2115 dotandum,
1075 2038 1120 2099 ab
1146 2056 1187 2099 ea
1214 2040 1396 2101 voluntate
1422 2040 1618 2117 desisteret,

390 2166 461 2210 non
477 2148 647 2211 defecturi
663 2155 765 2209 eraut
781 2146 851 2221 alii,
869 2145 929 2224 qui
945 2143 1136 2207 dotationis
1148 2145 1371 2224 provinciam
1386 2147 1619 2227 susciperent,

390 2256 489 2318 etita
505 2253 645 2330 accidit3
662 2255 852 2315 cumenim
872 2252 1087 2328 evanuisset,
1111 2262 1148 2313 ut
1168 2251 1330 2330 superius
1345 2252 1499 2315 diximus
1520 2252 1543 2331 ³,
1567 2272 1623 2317 ca·

389 2363 546 2441 pellania
575 2360 750 2441 quaedam
779 2361 1065 2437 octingentorum
1094 2356 1304 2420 ducatorum
1338 2360 1446 2421 annui
1473 2360 1619 2436 redituS,
1654 2430 1657 2442 ,

393 2485 500 2547 quam
515 2466 608 2530 idem
622 2466 822 2531 Cardinalis
836 2466 1049 2527 auctoritate
1066 2464 1274 2544 Apostolica
1290 2466 1461 2545 applicari
1476 2464 1621 2545 fecerat,

390 2575 592 2638 Cardinalis
614 2575 755 2655 quidem
770 2576 845 2653 ipse
867 2574 955 2636 alios
976 2573 1111 2635 reditus
1132 2588 1202 2634 non
1222 2573 1417 2651 applicavit
1440 2572 1461 2652 ⁴;
1479 2575 1542 2637 sed
1564 2576 1622 2638 alii

391 2692 496 2762 atque
519 2681 590 2761 alii,
612 2683 780 2763 temporis
802 2696 982 2757 successu,
1007 2680 1040 2742 id
1067 2679 1239 2754 fecerunt,
1265 2689 1305 2742 ut
1330 2696 1395 2743 suo
1423 2682 1501 2745 loco
1525 2682 1620 2746 vide·

390 2790 496 2851 bitur.

452 2896 495 2958 Et
510 2895 600 2957 haec
616 2894 659 2958 de
675 2895 832 2974 Collegio
847 2894 1132 2958 Salmanticensi.

667 3377 731 3441 DE
752 3375 986 3440 COLLEGIO
1010 3375 1346 3439 llETHYMNENSl

451 3751 538 3814 1123.
582 3751 619 3814 P.
634 3750 860 3830 Seviglianus
872 3750 883 3779 ⁸
895 3752 977 3814 huic
989 3750 1148 3830 Collegio
1158 3751 1418 3831 Methymnensi
1430 3754 1497 3816 hoc
1512 3755 1620 3819 etiam

386 3876 481 3921 anno
494 3858 656 3938 praesuit3
669 3867 703 3920 et
712 3858 863 3938 quidem,
877 3859 972 3936 quod
983 3859 1028 3921 ad
1040 3857 1281 3922 confessiones
1291 3860 1428 3937 attinet,
1439 3877 1621 3941 nunquam

387 3965 518 4027 nostris
539 3964 649 4028 deluit
667 3965 794 4028 messis
816 3965 978 4044 copiosa,
1003 3981 1109 4045 quam
1135 3965 1233 4027 auxit
1260 3966 1391 4045 duplex
1413 3965 1619 4046 jubilaeum,

386 4071 487 4152 cujus
502 4074 702 4146 occasione,
718 4080 757 4133 ut
771 4081 805 4134 et
826 4071 910 4134 alibi
925 4071 1091 4145 diximus,
1114 4073 1356 4136 consessiones
1378 4075 1498 4137 multis
1519 4075 1622 4138 annis

388 4179 622 4256 intermissae,
639 4188 701 4242 aut
712 4179 804 4240 male
815 4178 944 4257 factae,
959 4178 1054 4258 apud
1069 4189 1211 4242 nostros
1227 4179 1409 4243 institutae
1422 4181 1573 4258 luerunt;
1586 4193 1622 4247 et

432 4456 439 4482 ⁸
470 4453 561 4510 Supra.
572 4461 590 4498 t.
601 4465 637 4505 tr,
648 4467 708 4509 pag.
718 4454 767 4506 375,
778 4465 802 4496 n.
812 4453 861 4497 ωδ.

430 4529 441 4557 ²
468 4525 608 4580 Hispanlce
619 4527 678 4570 Don
688 4525 837 4570 Hernando
851 4523 931 4568 retro.
943 4524 1009 4568 Vide
1019 4535 1108 4579 supra.
1119 4532 1138 4568 t.
1149 4535 1184 4578 tv,
1195 4535 1257 4579 pag.
1266 4526 1314 4580 491,
1326 4539 1349 4570 ιι.
1362 4527 1424 4580 1037,
1435 4535 1462 4572 et
1473 4537 1561 4575 annot.
1569 4531 1594 4578 3.

428 4599 440 4631 ⁸
468 4595 535 4640 Vide
544 4607 632 4651 supra,
644 4605 663 4641 t.
675 4609 700 4647 ιι,
712 4608 772 4651 pag.
781 4597 803 4647 9,
814 4607 839 4639 u.
851 4597 883 4647 11,
894 4603 920 4639 et
932 4607 992 4650 pag.
1002 4597 1048 4646 107,
1060 4608 1083 4639 n.
1094 4597 1143 4647 257.
1154 4607 1180 4640 et
1191 4597 1267 4648 inira,
1279 4598 1304 4641 ln
1315 4597 1364 4642 hoc
1374 4605 1392 4642 t.
1405 4612 1429 4654 v,
1442 4612 1466 4645 u.
1479 4601 1539 4646 150.

429 4673 442 4702 ⁴
467 4669 506 4713 De
516 4670 557 4713 his
567 4669 622 4713 lusa
633 4670 770 4722 Polancus,
781 4678 814 4710 ex
825 4679 901 4718 com„
912 4667 985 4712 Patri
997 4669 1110 4712 Antonio
1120 4669 1151 4712 de
1164 4669 1259 4722 Arauz,
1270 4668 1283 4712 3
1293 4669 1412 4721 Januarll
1423 4673 1484 4716 1555.

429 4744 440 4772 ⁵
471 4741 601 4786 P.Petru⁸
611 4740 752 4785 Sevlllano.
