3717 5400
330 466 388 528 156
792 464 921 525 Canon.
943 465 1021 526 Soc.
1041 467 1111 539 Jss.

390 610 460 674 444.
503 609 631 675 Schola
647 611 753 674 etiam
768 626 938 691 prospere
951 610 1176 690 procedebas
1190 609 1447 690 quinquaginta
1466 609 1565 671 scho-

326 721 476 782 lasticos
496 719 660 797 habebat,
684 718 744 798 qui
766 718 818 781 sic
842 717 1090 798 proficiebant,
1111 729 1148 782 ut
1171 717 1279 780 etiam
1304 726 1422 780 aetate
1448 717 1567 779 tenelli

326 824 557 890 admirationi
575 826 706 906 populo
726 834 854 903 essent,
877 824 972 905 quod
992 825 1037 889 ad
1059 825 1194 888 litteras
1209 824 1345 902 attinet;
1365 840 1432 886 nec
1453 823 1568 887 minor

332 944 410 996 erat
430 933 625 1014 spiritualis
646 949 769 996 eorum
790 932 938 996 fructus.
962 933 1006 996 Et
1027 933 1077 996 ita
1101 931 1305 996 scholastici
1329 931 1483 1011 quidam,
1507 929 1566 1011 qui

326 1056 413 1103 cum
425 1038 686 1118 ludimagistro,
706 1039 765 1119 qui
785 1039 970 1119 Argentae
983 1038 1100 1103 fuerat
1121 1056 1214 1102 anno
1234 1038 1472 1117 praecedenti,
1494 1039 1564 1101 alio

325 1156 431 1210 extra
444 1144 644 1226 Argentam
660 1157 923 1223 concesserant,
940 1163 985 1208 ne
999 1162 1155 1226 unquam
1175 1145 1220 1208 ad
1240 1155 1381 1208 nostros
1401 1143 1565 1207 veniendi

321 1252 550 1316 occasionem
565 1253 748 1329 haberent,
764 1253 810 1315 ab
831 1252 965 1316 eisdem
985 1253 1203 1332 parentibuS,
1220 1251 1279 1333 qui
1295 1269 1357 1314 eos
1380 1252 1562 1329 miserant,

327 1361 487 1423 revocati
501 1369 595 1437 sunt;
611 1360 672 1440 qui
684 1357 760 1438 jam
775 1359 942 1423 dolebant
958 1359 1051 1440 quod
1066 1377 1108 1422 eo
1123 1357 1238 1422 fructu
1254 1358 1416 1438 privatos
1435 1359 1566 1421 liberos

325 1466 498 1544 viderent,
523 1483 627 1546 quem
648 1466 841 1547 discipulos
861 1465 978 1530 Patris
997 1465 1164 1530 Andreae
1189 1467 1355 1545 excipere
1382 1463 1561 1529 videbant.

327 1573 470 1636 Dabant
486 1584 604 1637 autem
619 1573 667 1636 illi
684 1575 811 1637 litteris
823 1590 968 1653 operam
985 1590 1066 1637 cum
1081 1589 1212 1652 magna
1224 1573 1420 1649 alacritate;
1436 1573 1560 1636 intere·

324 1690 406 1743 rant
422 1681 579 1760 quotidie
589 1679 712 1759 Sacro,
726 1681 851 1744 diebus
863 1680 963 1744 festis
978 1681 1153 1760 concioni,
1170 1691 1204 1743 et
1219 1681 1367 1758 singulis
1381 1680 1560 1742 mensibus

320 1788 595 1851 confitebantur.
612 1789 734 1869 ltaque
750 1790 866 1852 nullus
878 1786 953 1867 jam
970 1807 1014 1852 ex
1025 1788 1095 1851 illis
1113 1787 1343 1852 ferocissimis
1362 1787 1561 1849 hominibus

325 1895 469 1957 relictus
483 1895 682 1974 videbatur,
698 1895 758 1975 qui
776 1912 848 1957 non
865 1896 1143 1976 conquiesceret,
1160 1903 1195 1957 et
1209 1903 1352 1957 nostros
1374 1894 1560 1957 dilectione

322 2018 368 2063 ac
388 2001 619 2065 veneratione
640 2010 925 2082 prosequeretur;
948 2011 986 2064 ut
1005 2001 1108 2065 facile
1127 2011 1220 2064 esset
1239 2018 1382 2064 manum
1404 1999 1560 2076 Domini,

324 2108 575 2188 protectricem
588 2118 804 2186 nostrorum,
817 2109 853 2170 in
864 2107 932 2172 hac
944 2116 1045 2172 tanta
1057 2109 1218 2172 cordium
1229 2108 1434 2184 mutatione,
1450 2123 1558 2186 agno·

322 2231 438 2278 scere.

384 2320 454 2382 445.
497 2321 555 2385 Ad
570 2320 719 2386 Sacrum
733 2323 841 2386 etiam
855 2321 1071 2386 audiendum
1085 2321 1131 2385 ad
1142 2321 1338 2384 oratorium
1353 2330 1559 2385 nostrorum

322 2427 528 2507 frequentes
546 2428 747 2507 veniebant,
770 2439 804 2492 et
828 2430 909 2511 quia
929 2431 1028 2492 solus
1047 2429 1124 2510 ipse
1146 2427 1180 2491 P.
1205 2427 1369 2491 Andreas
1388 2428 1561 2492 sacerdos

324 2535 374 2598 ibi
388 2543 477 2615 erat,
494 2535 633 2597 mittere
654 2535 698 2598 ad
720 2553 801 2599 eum
820 2536 991 2614 solebant,
1014 2544 1052 2598 ut
1072 2546 1180 2616 quota
1203 2535 1291 2598 hora
1314 2535 1350 2598 id
1364 2546 1458 2597 esset
1473 2535 1561 2598 cele·

320 2642 489 2705 braturus
511 2642 758 2722 intelligerent,
780 2653 818 2707 ut
844 2643 876 2705 ei
902 2643 1124 2707 interessent.
1150 2642 1205 2705 Ex
1228 2641 1284 2705 his
1309 2652 1386 2705 erat
1411 2639 1561 2705 Praetor

322 2750 434 2830 urbiS,
460 2750 519 2829 qui
544 2766 677 2829 magna
702 2768 784 2814 cum
808 2751 996 2814 devotione
1019 2751 1064 2814 ad
1089 2751 1124 2814 id
1149 2749 1362 2813 audiendum
1387 2750 1559 2813 accedere

320 2857 449 2919 solitus
464 2866 551 2921 erat.
574 2854 731 2937 Singulis
753 2866 872 2920 autem
887 2856 1011 2920 diebus
1032 2856 1235 2935 dominiciS,
1259 2864 1295 2919 et
1313 2856 1503 2937 praecipue
1523 2856 1559 2919 in

322 2963 595 3027 solemnioribus
615 2963 726 3041 festis,
749 2962 910 3026 Paschae
931 2964 1086 3043 speciem
1106 2963 1292 3027 multitudo
1317 2961 1559 3027 confitentium

320 3077 358 3132 et
373 3069 711 3133 communicantium
727 3071 763 3133 in
778 3068 846 3133 hoc
861 3071 1019 3133 oratorio
1035 3069 1222 3134 referebat.

384 3175 455 3240 446.
500 3177 610 3241 Auxit
625 3185 743 3241 autem
759 3194 911 3241 messem
929 3188 964 3241 et
984 3177 1053 3255 hic,
1075 3178 1167 3241 sieut
1186 3177 1287 3255 alibi,
1308 3176 1460 3259 Jubilaei
1478 3193 1559 3256 gra·

321 3283 384 3361 tia,
401 3292 435 3346 et
449 3300 597 3363 prorsus
613 3282 651 3347 P.
670 3283 834 3348 Andreas
848 3294 1032 3347 strenuum
1053 3281 1116 3365 [se]
1132 3284 1334 3364 operarium
1350 3285 1557 3363 praestabat

318 3408 403 3453 curn
422 3400 458 3453 et
476 3390 620 3454 scholae
642 3390 875 3465 satisfaceret,
898 3392 935 3453 in
955 3408 1025 3471 qua
1046 3400 1167 3455 tamen
1186 3390 1322 3455 socium
1337 3390 1501 3468 habebat,
1522 3402 1556 3453 et

319 3496 646 3576 praedicationibus
666 3515 708 3560 ac
728 3497 1009 3561 confessionibus
1034 3507 1108 3561 tam
1127 3498 1247 3561 multis
1271 3514 1416 3576 operam
1443 3496 1556 3575 daret;

322 3620 389 3666 nec
414 3604 628 3667 recusabant
653 3602 729 3683 ejus
749 3604 923 3684 discipuli,
952 3620 1056 3686 quern
1076 3614 1345 3684 praeceptorem
1365 3603 1555 3681 habebant,

317 3710 483 3773 eumdem
498 3711 605 3773 etiam
620 3712 752 3774 habere
767 3710 1037 3775 confessarium.

379 3816 450 3879 447.
494 3816 602 3881 Venit
617 3819 725 3881 etiam
740 3817 776 3880 P.
793 3816 931 3881 Natalis
947 3817 1159 3897 Argentum,
1175 3827 1209 3880 et
1221 3815 1295 3896 jam
1310 3816 1480 3881 facultate
1496 3818 1556 3881 ob·

317 3932 417 3987 tenta
441 3940 464 3986 a
484 3922 523 3986 P.
549 3923 689 4003 Ignatio
709 3934 747 3987 ut
767 3924 853 3989 illud
874 3924 1099 4004 collegiolum
1121 3924 1333 4002 firmaretur,
1357 3925 1485 4004 agebat
1512 3926 1556 3989 de

316 4030 426 4094 domo
440 4030 500 4093 illa
516 4028 676 4109 emenda,
696 4048 786 4111 quae
806 4029 874 4111 ipsi
894 4030 1002 4095 etiam
1021 4029 1125 4093 valde
1146 4028 1333 4093 commoda
1353 4030 1554 4111 videbatur,

317 4137 429 4200 etiam
441 4136 485 4198 ad
497 4133 610 4216 majus
623 4138 813 4217 collegium
823 4154 931 4218 quam
943 4137 1028 4200 illud
1039 4138 1196 4200 futurum
1207 4145 1296 4201 erat.
1312 4138 1356 4201 Et
1369 4139 1557 4203 eeclesiam

315 4242 426 4305 etiam
442 4242 571 4306 ibidem
591 4244 777 4307 commode
791 4244 868 4307 fieri
884 4241 1015 4325 [posse]
1033 4244 1251 4308 observavit.

376 4348 448 4411 448.
491 4348 598 4413 Dedit
620 4362 739 4415 autem
761 4352 806 4415 ad
828 4352 1006 4430 integrum
1030 4352 1104 4414 fere
1127 4369 1259 4415 annum
1285 4362 1455 4433 quantum
1483 4352 1554 4416 fru-

316 4456 427 4520 menti
442 4465 477 4519 et
492 4456 568 4520 vini
581 4460 714 4522 nostris
729 4476 818 4539 opus
832 4468 910 4522 erat
930 4458 1133 4522 Cardinalis
1153 4456 1215 4523 85¹
1232 4458 1374 4538 Angeli;
1397 4470 1431 4523 et
1454 4460 1504 4521 ita
1518 4460 1555 4523 in

314 4563 569 4642 temporalibus
594 4574 785 4645 utcumque
803 4565 892 4628 bene
911 4582 949 4628 se
971 4564 1148 4628 habebant
1162 4565 1276 4628 nostri
1296 4564 1551 4645 Argentenses.

317 4669 473 4750 Populus
492 4678 626 4749 autem,
650 4672 709 4752 qui
728 4681 875 4751 gustare
898 4681 1065 4751 coeperat
1087 4670 1363 4751 praedicationis
1383 4672 1556 4752 fructum,
