3717 5400
363 1127 368 1130 ’
430 1167 493 1249 nn
521 1163 767 1248 ruouucu
794 1163 983 1246 llALIAE
1010 1163 1153 1257 ortu
1180 1165 1373 1262 Rotltll,

532 1503 578 1549 Ac
599 1503 796 1550 PRAECIPUE
817 1502 864 1550 DE
885 1501 1059 1548 COLLEGIO
1080 1500 1261 1549 PERUSINO.

346 1917 414 1982 129.
457 1917 496 1981 P.
513 1915 718 1982 Everardus
734 1913 825 1978 ¹hoc
837 1915 945 1978 etiam
955 1933 1050 1979 anno
1062 1914 1221 1994 Collegio
1232 1914 1404 1980 Perusino
1415 1932 1515 1995 prae·

280 2025 361 2104 fuit,
386 2025 423 2088 in
443 2042 514 2104 quo
533 2031 791 2104 paupertatem,
812 2019 875 2084 sed
896 2022 1001 2084 simul
1024 2021 1130 2086 etiam
1151 2021 1221 2085 Dei
1240 2022 1514 2103 providentiam,

281 2133 430 2215 egregie
455 2131 613 2213 experiri
636 2130 747 2194 licuit.
773 2127 971 2208 Quemdam
997 2129 1034 2192 in
1053 2127 1268 2193 Societatem
1290 2128 1391 2194 initio
1411 2127 1516 2208 hujus

280 2241 368 2306 anni
393 2239 535 2303 nomine
564 2236 772 2315 Antonium,
798 2236 1015 2316 perusinum,
1039 2235 1199 2300 admisit:
1215 2237 1389 2317 quosdam
1413 2237 1515 2315 alios,

279 2346 412 2411 ibidem
428 2346 474 2410 ad
494 2343 683 2410 Societatis
702 2342 901 2407 institutum
919 2343 1128 2405 sectandum
1143 2352 1350 2422 commotos,
1366 2341 1517 2407 Romam

279 2453 424 2532 direxit3
439 2461 473 2516 et
485 2453 554 2516 duo
569 2451 683 2514 bonae
695 2448 824 2512 indolis
838 2448 1084 2512 adolescentes
1099 2467 1144 2512 ex
1154 2448 1210 2514 his
1222 2450 1369 2514 admissi
1380 2449 1516 2514 Romae

281 2561 428 2626 luerunt
449 2558 471 2618 ².
515 2579 518 2584 ·

350 2666 417 2732 130.
461 2667 548 2731 Erat
568 2663 692 2747 primis
710 2664 890 2729 mensibus
912 2662 1020 2744 hujus
1041 2664 1125 2728 anni
1147 2666 1354 2745 prolegatus
1374 2665 1517 2747 Episco-

281 2792 352 2856 pus
367 2772 576 2839 Cenetensis
591 2768 614 2848 ³,
631 2778 666 2835 et
681 2770 838 2853 impense
855 2770 1015 2851 Collegio
1029 2770 1201 2836 Perusino
1218 2771 1374 2852 favebat;
1391 2783 1517 2839 etcum

282 2882 388 2947 initio
402 2879 506 2961 hujus
520 2878 605 2943 anni
621 2876 768 2959 jubilaei
788 2878 907 2958 gratia
925 2876 1065 2942 Perusii
1085 2879 1314 2959 obtineretur,
1337 2891 1461 2943 nostro
1482 2882 1518 2944 in

285 2991 432 3069 templo,
455 2987 548 3051 sicut
567 2986 667 3067 aliaS,
690 2992 775 3049 tunc
797 2985 905 3051 etiam
926 2986 1078 3050 obtineri
1098 2986 1223 3065 voluit,
1248 2996 1284 3050 et
1307 2989 1517 3067 praeclarae

283 3096 414 3161 messis
428 3110 539 3159 causa
553 3092 634 3171 luit,
651 3092 781 3157 multas
795 3092 891 3155 enim
905 3092 1044 3156 animas
1058 3092 1181 3156 divina
1195 3093 1336 3157 bonitas
1357 3094 1427 3157 illis
1447 3093 1518 3157 die-

280 3206 350 3267 bus
364 3203 412 3267 ad
425 3200 551 3266 salutis
562 3210 706 3276 statum,
719 3208 922 3263 nostrorum
935 3216 1054 3279 opera,
1068 3200 1222 3279 reduxit;
1235 3210 1271 3263 et
1283 3200 1426 3281 quidem
1437 3218 1518 3265 cum

278 3326 417 3390 magna
443 3307 600 3373 civitatis
624 3305 883 3385 aedificatione;
905 3307 1140 3386 eleemosynis
1161 3307 1269 3371 etiam
1290 3306 1513 3388 quibusdam,

283 3419 353 3482 hac
369 3417 571 3493 occasione,
588 3422 781 3495 paupertas
795 3422 1002 3477 nostrorum
1014 3414 1081 3477 fuit
1094 3432 1141 3477 ex
1154 3424 1256 3494 parte
1270 3415 1469 3480 sublevata.

348 3522 415 3587 131.
460 3520 666 3603 Spiritualia
691 3520 862 3583 exercitia
898 3520 1110 3600 quibusdam
1135 3538 1218 3585 cum
1243 3538 1375 3601 magno
1399 3522 1518 3586 fructu

280 3630 467 3713 proposita
481 3630 633 3694 suerunt.
650 3626 778 3691 Mulier
792 3626 980 3707 quaedam,
997 3644 1124 3706 parum
1138 3628 1286 3691 honeste
1299 3629 1439 3709 vivens,
1455 3647 1517 3693 no-

282 3747 441 3802 strorum
455 3736 626 3816 templum
639 3733 817 3813 ingressa,
834 3751 855 3797 a
870 3734 1025 3813 quodam
1039 3750 1085 3798 ex
1097 3735 1231 3799 nostris
1245 3734 1292 3798 ad
1307 3736 1518 3816 resipiscen-

282 3844 368 3909 dum
382 3853 561 3909 commota
575 3841 652 3921 fuit,
668 3849 704 3904 et
715 3841 797 3904 dote
809 3858 853 3903 ex
866 3841 1102 3921 eleemosynis
1115 3843 1288 3922 quaesita,
1299 3844 1426 3925 nuptui
1449 3854 1517 3907 tra·

281 3950 357 4016 dita
374 3960 440 4016 est.

324 4156 332 4187 ¹
361 4155 390 4199 P.
398 4155 551 4199 Everardun
560 4152 751 4198 Mercurlanus.

323 4229 335 4260 Ι
361 4226 644 4273 DebisltaPolancus.
658 4236 692 4269 ex
706 4236 780 4279 com..
798 4225 872 4269 Patri
889 4224 1027 4270 Everardo
1041 4227 1056 4270 5
1069 4227 1199 4280 Januaril:
1214 4228 1328 4273 “Nonbo
1346 4236 1520 4284 potutoman·

279 4310 343 4345 care
353 4298 379 4343 dl
388 4306 579 4353 acompagnare
587 4302 678 4352 queste
688 4297 713 4341 dl
723 4295 799 4340 Mtro.
810 4296 932 4339 Petronio
942 4308 992 4341 con
1005 4309 1057 4342 una
1066 4306 1158 4343 nostra
1170 4301 1297 4345 adnando
1307 4300 1340 4345 V.
1350 4301 1381 4346 R.
1397 4314 1470 4347 come
1482 4306 1520 4348 ol·

281 4376 324 4415 tre
335 4381 352 4414 a
361 4370 506 4419 cluclnato.
517 4369 535 4414 ll
546 4370 622 4425 quale
635 4376 678 4413 uta
693 4368 719 4412 ln
729 4378 800 4421 casa,
811 4368 891 4412 etlam
906 4367 1055 4414 Lanzllotto
1069 4370 1092 4414 el
1103 4375 1117 4414 e
1127 4372 1236 4416 risoluto
1245 4372 1271 4416 dl
1287 4374 1329 4417 iar
1344 4374 1363 4418 ll
1373 4376 1520 4439 medeslmo,

280 4447 310 4486 et
316 4442 336 4487 ll
345 4443 485 4487 :tredecimo
495 4440 571 4486 Mtro.
582 4440 704 4486 Petronlo
714 4440 758 4494 piu
768 4440 815 4483 elie
826 4440 894 4483 tutti.
906 4440 955 4493 Job
964 4443 1020 4485 solo
1030 4453 1080 4486 non
1091 4447 1105 4486 e
1116 4445 1144 4488 al
1154 4450 1223 4488 tutto
1232 4444 1350 4501 riuolutm
1359 4458 1422 4502 pure
1433 4448 1520 4495 'anche

281 4514 318 4557 lnl
329 4513 449 4558 desidera
459 4524 531 4557 esser
541 4518 673 4559 accetttto
682 4514 725 4557 nel
735 4512 854 4565 collegio,
865 4512 884 4556 ll
893 4513 940 4556 che
950 4514 973 4557 sl
990 4514 1049 4557 lara
1064 4526 1111 4568 per
1127 4517 1228 4561 servire
1238 4517 1264 4561 ln
1274 4520 1360 4573 quello
1372 4526 1400 4563 et
1414 4530 1464 4565 non
1473 4534 1521 4577 per

280 4584 408 4639 studione,
419 4591 445 4629 et
455 4585 491 4629 lul
501 4584 523 4629 sl
533 4590 657 4630 contenta
667 4583 692 4627 dl
703 4585 750 4628 clo.
759 4580 922 4627 Finalmente
934 4589 948 4628 e
959 4586 993 4629 da
1008 4587 1116 4631 credere
1131 4588 1179 4631 che
1188 4590 1251 4633 tutti
1269 4596 1374 4645 quattro
1387 4604 1520 4639 vortanno

285 4656 388 4700 servire
400 4656 475 4701 uDlo
486 4656 520 4701 N.
533 4655 552 4699 S
563 4688 575 4710 „

327 4724 340 4758 ⁸
367 4726 478 4772 Michael
487 4726 553 4771 dela
564 4727 653 4772 Torre.
665 4726 732 4772 Vide
743 4739 832 4784 cupra,
843 4741 902 4784 pag.
911 4730 947 4784 tt,
957 4742 984 4773 n.
996 4730 1031 4783 82,
1043 4740 1131 4777 annot.
1147 4734 1167 4779 1,
