3717 5400
372 447 410 508 86
829 452 957 513 Canon.
978 453 1055 514 Soc.
1077 454 1146 527 Jss.

375 608 483 676 retur,
501 597 636 677 reliquo
652 598 736 660 anni
751 607 909 679 tempore
924 598 1111 663 dominicis
1126 610 1160 663 et
1175 601 1274 664 lestis
1297 601 1421 666 diebus
1441 603 1477 666 id
1496 603 1602 668 fiebat

374 705 410 767 in
430 705 592 782 ecclesia,
620 721 700 767 cum
725 723 746 768 a
770 704 940 785 praelatis
964 709 1022 769 vel
1050 708 1157 770 claris
1178 709 1258 772 aliis
1284 709 1373 772 viris
1397 721 1600 776 nostrorum

374 827 482 891 opera
508 811 764 891 requirebatur.
788 811 832 876 Et
853 829 935 876 cum
956 813 1154 894 Episcopus
1175 815 1383 879 Bertinorae
1407 815 1415 847 ¹
1441 817 1509 880 hoc
1530 817 1600 881 offi-

373 917 467 980 cium
483 935 504 979 a
519 919 651 982 nostris
665 920 841 999 praestari
857 929 1026 1001 optasset,
1043 921 1079 984 id
1094 923 1271 1002 praestitit
1286 923 1324 986 P.
1341 923 1496 1004 Joannes
1511 925 1599 990 Lau·

373 1025 509 1114 rentius
520 1025 702 1103 foeliciter,
719 1026 748 1088 si
764 1045 920 1108 unquam
936 1029 1036 1091 alias
1053 1027 1191 1093 Deinde
1204 1030 1255 1093 2.⁰
1268 1030 1323 1093 die
1335 1030 1545 1096 Emmanuel
1557 1033 1600 1097 de

376 1131 622 1212 Montemajori
636 1133 658 1212 ¹,
676 1133 774 1214 cujus
789 1135 1040 1198 solidissimam
1055 1137 1263 1200 memoriam
1283 1138 1319 1202 in
1335 1140 1497 1218 plurimis
1516 1141 1600 1203 scri·

373 1247 499 1318 pturae
515 1240 604 1302 locis
626 1241 787 1319 citandis
810 1258 901 1321 quae
923 1242 968 1305 ad
987 1260 1063 1306 rem
1078 1244 1320 1324 pertinebant,
1336 1255 1418 1309 sunt
1440 1247 1601 1310 homines

374 1345 550 1410 admirati.
568 1345 688 1410 Tertio
702 1347 759 1410 die
773 1347 929 1430 Joannes
943 1348 1102 1414 Ricasoli
1116 1349 1139 1430 ³,
1156 1351 1374 1431 adolescens,
1395 1353 1455 1433 qui
1474 1354 1601 1417 litteris

373 1453 642 1516 humanioribus
657 1471 801 1534 operam
817 1455 941 1534 dabat,
958 1457 1155 1520 orationem
1171 1459 1293 1522 habuit
1307 1459 1456 1523 latinam
1471 1459 1515 1524 de
1530 1462 1600 1523 lau·

374 1558 475 1623 dibus
489 1559 528 1623 Β.
545 1559 716 1640 Virginis
736 1578 826 1643 quae
840 1563 1047 1642 gratissima
1062 1565 1169 1628 etiarn
1191 1567 1269 1628 loco
1284 1566 1467 1629 concionis
1481 1567 1557 1630 suit.

433 1668 503 1730 215.
548 1667 587 1731 In
601 1667 756 1748 quodam
770 1670 860 1750 loco,
877 1671 951 1734 lere
970 1670 1120 1735 duorum
1143 1672 1279 1736 dierum
1298 1673 1425 1737 itinere
1446 1674 1600 1738 Laureto

374 1775 546 1850 distante,
567 1776 739 1840 intellexit
760 1778 903 1857 quidam
924 1796 969 1841 ex
988 1778 1121 1842 nostris
1142 1780 1406 1859 sacerdotibus,
1428 1797 1506 1844 esse
1526 1781 1600 1844 lere

373 1879 501 1960 viginti
516 1884 595 1963 plus
610 1885 726 1947 minus
740 1901 930 1964 personas,
952 1902 1044 1965 quae
1065 1887 1099 1949 in
1122 1887 1331 1969 mortalibus
1353 1887 1510 1968 peccatis
1527 1887 1601 1968 J'arn

373 1989 492 2052 multis
508 1990 611 2052 annis
630 1991 896 2071 insorduerant,
919 2002 954 2056 et
973 2009 1156 2073 emergere
1178 1993 1320 2074 quidem
1340 1995 1386 2058 ab
1405 1995 1465 2059 illo
1489 2013 1599 2059 coeno

371 2096 572 2176 cupiebant,
589 2107 623 2161 et
637 2097 723 2162 facti
737 2115 799 2161 eas
813 2100 1035 2179 poenitebat;
1054 2101 1118 2164 sed
1137 2101 1227 2164 mori
1247 2102 1380 2181 potius,
1404 2119 1513 2182 quam
1535 2119 1599 2165 suo
1697 2109 1707 2121 ’

370 2205 529 2283 parocho
544 2203 714 2283 confiteri,
731 2206 1001 2270 constituerant.
1019 2207 1209 2272 Consultus
1228 2208 1347 2288 itaque
1361 2208 1426 2272 fuit
1442 2208 1481 2272 Ρ.
1498 2209 1598 2288 lgna·

371 2311 451 2390 tiuS,
468 2322 502 2375 et
518 2329 560 2375 eo
577 2313 818 2377 consentiente
833 2323 995 2378 curatum
1007 2324 1061 2378 est
1072 2325 1110 2378 ut
1122 2315 1250 2397 aliquis
1261 2334 1307 2379 ex
1318 2316 1451 2380 nostris
1462 2334 1504 2380 eo
1516 2318 1595 2380 cha·

373 2419 489 2483 ritatis
509 2419 622 2482 officio
637 2419 856 2500 iungeretur.
1364 2491 1367 2494 ,

431 2525 502 2588 216.
545 2526 623 2590 Hoc
638 2537 806 2591 autumno
822 2529 891 2592 duo
908 2546 953 2592 ex
967 2530 1101 2592 nostris
1116 2530 1163 2593 ad
1178 2530 1371 2595 Castellum
1385 2531 1600 2595 Fichardum

372 2633 534 2715 superius
548 2635 767 2699 nominatum
785 2632 911 2700 ‘missi
930 2635 1089 2715 fuerunt,
1105 2653 1257 2717 quorum
1275 2655 1368 2703 unus
1387 2648 1465 2702 erat
1488 2637 1600 2718 Magi-

370 2750 444 2803 ster
459 2740 665 2805 Emmanuel
680 2726 703 2820 ⁵',
719 2744 778 2823 qui
799 2753 879 2823 post
899 2743 1034 2825 aliquot
1055 2743 1130 2808 dies
1149 2744 1350 2824 redeuntes
1366 2746 1497 2825 partim
1519 2763 1599 2809 con·

371 2846 594 2927 sessionibus
611 2866 701 2930 quae
714 2851 889 2929 plurimae
903 2849 1056 2929 suerunt,
1073 2852 1201 2932 partim
1213 2852 1456 2931 concionibus,
1469 2854 1599 2934 partim

371 2954 555 3018 doctrinae
570 2956 785 3019 christianae
801 2956 1055 3037 explicatione,
1077 2974 1168 3037 quae
1191 2976 1313 3021 coram
1331 2958 1544 3039 Magistratu
1565 2973 1600 3023 et

371 3077 504 3140 magno
519 3080 695 3126 concursu
710 3063 851 3141 fiebant,
869 3065 1038 3144 oppidum
1053 3065 1136 3128 illud
1153 3066 1247 3129 sieut
1260 3067 1402 3130 ineunte
1423 3068 1471 3129 ita
1494 3067 1600 3131 etiam

372 3179 532 3233 vertente
547 3188 641 3233 anno
656 3172 828 3233 consolati
844 3180 938 3250 sunt;
954 3180 989 3233 et
1003 3183 1167 3235 curatum
1181 3183 1235 3236 est
1249 3173 1293 3237 ab
1307 3175 1359 3236 eis
1374 3184 1412 3237 ut
1424 3173 1599 3254 hospitale

370 3276 468 3354 illud,
484 3276 577 3357 quod
593 3294 682 3357 pene
697 3277 895 3341 desolatum
911 3279 1065 3342 diximus
1078 3276 1102 3357 ⁶,
1120 3280 1375 3344 restitueretur.

431 3384 502 3447 217.
546 3384 584 3448 In
600 3385 695 3448 aliud
715 3385 882 3466 oppidum
898 3385 1080 3463 (Montem
1101 3386 1275 3450 Sanctum
1295 3389 1443 3466 vocant)
1463 3388 1533 3454 duo
1555 3406 1601 3452 ex

371 3492 504 3554 nostris
519 3492 586 3554 hoc
599 3494 706 3555 etiam
720 3502 888 3556 autumno
900 3494 999 3558 missi
1011 3495 1164 3572 fuerunt,
1176 3496 1236 3574 qui
1248 3494 1373 3558 decem
1385 3496 1460 3560 dies
1471 3496 1599 3560 ibidem

370 3608 646 3676 commorantes,
663 3599 819 3678 quotidie
835 3600 1079 3663 concionando
1094 3610 1129 3663 et
1149 3601 1403 3665 catechismum
1423 3602 1596 3680 docendo,

371 3706 539 3784 populum
554 3705 650 3769 illum
665 3722 881 3786 magnopere
896 3706 1120 3787 adjuverunt.
1144 3707 1255 3773 Paces
1271 3711 1402 3773 multae
1417 3708 1600 3773 confectae

371 3820 465 3889 sunt,
481 3814 613 3875 multae
627 3813 869 3876 restitutiones
884 3813 1018 3892 laetae,
1035 3815 1135 3877 multi
1155 3814 1214 3895 qui
1235 3832 1350 3878 annos
1371 3816 1541 3896 plurimos
1563 3816 1599 3879 in

372 3928 601 3997 peccatorum
616 3920 870 3983 consuetudine
885 3922 1013 4001 sepulti
1028 3921 1179 3999 fuerant,
1196 3934 1503 3986 sacramentorum
1523 3940 1597 3987 me-

414 4124 421 4156 l
450 4124 599 4168 Ludovicns
610 4123 722 4169 Vannlnl
733 4126 764 4169 de
775 4124 922 4178 Theodulls,
934 4126 1130 4181 Foroiuliensi&

412 4198 423 4227 l
451 4196 479 4239 P.
488 4197 641 4239 Emmanuel
652 4196 746 4239 Gomez
757 4197 788 4240 de
799 4182 985 4254 Montemayof.
996 4199 1038 4253 qnl
1049 4200 1134 4242 soclus
1145 4198 1232 4243 Patris
1242 4198 1373 4256 sylvestri
1384 4199 1496 4244 Landlni
1507 4200 1534 4244 ln
1541 4200 1602 4245 Cor·

373 4270 426 4311 sica
437 4269 531 4311 iuer'at.
544 4266 610 4311 Vide
621 4280 707 4323 supra,
717 4274 734 4312 t.
749 4280 776 4322 u,
787 4280 815 4313 ιιι
825 4276 850 4313 et
861 4280 897 4320 rr,
907 4271 951 4313 ubi
962 4271 993 4313 de
1004 4272 1082 4314 rebus
1092 4270 1213 4315 Corsicae
1223 4282 1308 4315 sermo
1319 4272 1404 4315 lactus
1414 4280 1463 4323 est,
1473 4279 1500 4316 et
1510 4273 1537 4315 ln
1554 4272 1602 4317 hoc

372 4346 392 4384 t.
404 4352 427 4391 v,
445 4340 520 4391 inim.
533 4352 559 4383 n.
571 4338 619 4383 ³0⁶.

413 4412 423 4441 ³
450 4412 488 4456 De
498 4412 545 4455 hoc
555 4412 632 4456 nobili
644 4412 793 4457 Florentino
801 4415 856 4469 Jam
867 4415 962 4458 mentio
972 4416 1044 4459 lacta
1054 4421 1094 4458 est
1108 4415 1212 4469 saeptus
1226 4415 1323 4459 lnt.1u
1337 4423 1363 4460 et
1374 4428 1409 4469 lv,
1425 4423 1451 4460 et
1466 4418 1492 4461 ln
1508 4416 1602 4461 Carras

371 4488 405 4530 de
418 4485 472 4529 San
484 4484 602 4538 Ignacro,
613 4491 631 4528 t.
642 4495 669 4528 ιν
679 4494 705 4529 et
717 4497 741 4529 v.

413 4561 424 4591 Α
451 4558 515 4612 Pag.
525 4556 655 4607 76.ιι.177.

412 4632 423 4663 ὅ
451 4630 529 4681 Idem,
540 4630 582 4684 qnl
593 4640 679 4681 supra,
691 4642 715 4673 n.
726 4630 773 4674 214.

412 4699 424 4735 θ
452 4700 543 4756 Supra,
554 4711 614 4755 pag.
625 4702 658 4751 77.
671 4714 694 4745 n.
709 4702 753 4745 1⁸3.
