3717 5400
369 460 425 519 478
829 458 956 518 Canon.
979 458 1056 517 Soc.
1077 458 1147 532 Jns.

370 605 608 682 scholasticis,
634 622 741 685 quam
759 622 780 667 a
804 604 954 683 civibuS,
975 605 1139 685 quicum
1160 604 1349 685 aliquando
1373 608 1535 671 venirent
1558 610 1605 677 ad

370 712 543 776 lectiones
563 709 760 775 audiendas
786 722 821 774 et
843 711 1110 775 considerarent
1128 712 1272 775 modum
1293 713 1516 793 ingrediendi
1540 732 1603 795 per

372 820 571 883 orationem
585 828 621 883 et
636 818 840 898 egrediendi
855 836 919 898 per
932 818 1093 881 eamdem
1109 816 1130 896 ⁸,
1147 827 1182 881 et
1197 818 1317 882 omnia
1332 836 1423 899 quae
1439 822 1601 900 legeban-

371 935 430 990 tur
445 934 583 1006 puraet
600 934 725 988 sancta
739 942 830 999 esse,
851 942 930 987 cum
953 940 1087 1003 magna
1108 924 1354 989 aedificatione
1375 927 1603 998 recedebant.

371 1031 441 1097 Sed
456 1042 491 1096 et
506 1032 712 1112 spirituales
725 1032 992 1095 exhortationes
1007 1040 1041 1093 et
1058 1032 1233 1111 colloquia
1246 1045 1529 1112 praeceptorum,
1543 1036 1605 1115 qui⁴

371 1140 564 1219 discipulos
580 1137 626 1202 ad
640 1138 790 1201 virtutes
805 1134 1047 1218 capescendas
1061 1148 1096 1202 et
1110 1138 1177 1201 Dei
1192 1139 1377 1203 servitium
1389 1141 1598 1217 incitabant,

370 1246 542 1326 perutiles
555 1254 678 1321 erant;
693 1254 729 1307 ct
742 1262 787 1308 ea
799 1243 844 1308 de
858 1262 897 1308 re
911 1245 1050 1326 publice
1065 1255 1099 1307 et
1114 1245 1281 1326 privatim
1296 1246 1331 1307 in
1351 1247 1496 1310 civitate
1519 1264 1603 1327 age.

371 1353 489 1416 batur.

435 1459 523 1523 1299.
568 1459 734 1539 Quotidie
759 1468 877 1521 autem
902 1458 1107 1521 scholastici
1131 1457 1282 1524 Sacrum
1303 1461 1510 1539 audiebant,
1534 1480 1602 1527 nec·

371 1566 460 1630 satis
474 1567 542 1629 illis
558 1574 636 1629 erat
650 1566 800 1645 singulis
814 1565 994 1628 mensibus
1009 1565 1183 1642 confiteri3
1200 1568 1341 1647 saepius
1356 1568 1391 1631 id
1410 1568 1601 1647 faciebantq

367 1683 403 1737 et
415 1690 538 1736 eorum
549 1670 750 1753 profectum
762 1672 823 1748 illi,
838 1670 967 1751 quibus
982 1672 1080 1752 prius
1093 1682 1200 1735 notus
1213 1684 1302 1750 erat,
1320 1674 1600 1745 admirabantur,

368 1780 442 1844 Nec
454 1780 490 1843 in
502 1779 663 1843 moribus
674 1788 822 1855 tantum,
837 1778 899 1841 sed
911 1779 1019 1842 etiam
1032 1779 1068 1841 in
1079 1779 1217 1858 litteris,
1227 1790 1261 1843 et
1273 1780 1408 1844 duobus
1420 1780 1493 1843 iere
1504 1798 1600 1845 men-

371 1886 470 1950 sibus
481 1903 570 1966 quos
581 1885 697 1948 studio
710 1884 956 1965 impenderant
967 1885 1036 1948 hoc
1048 1904 1142 1949 anno
1154 1888 1247 1966 apud
1259 1898 1412 1964 nostroe,
1425 1890 1503 1968 plus
1513 1887 1598 1952 didi·

368 1994 461 2057 cisse
473 2010 577 2073 quam
595 1993 692 2073 prius
708 1993 847 2071 integro
862 2010 956 2055 anuo
970 1992 1166 2056 didicerant
1178 1992 1390 2057 fatebantur.
1402 1995 1446 2059 Et
1458 2005 1602 2075 praeter

370 2094 1597 2183 disputationesoctavoquoquedie,etgeneralesdecimoquintoquo·

370 2225 439 2288 que
461 2208 518 2271 die
538 2207 692 2277 habitas,
719 2206 783 2269 Dr.
804 2206 916 2270 Aiora
937 2206 961 2284 ¹,
982 2206 1151 2271 Vicarius
1169 2207 1346 2288 Episcopi,
1367 2209 1423 2271 vir
1445 2226 1601 2289 magnae-

366 2314 593 2393 integtitatiS,
619 2313 778 2394 praemia
799 2314 851 2377 eis
870 2314 1103 2393 proponebat,
1126 2314 1187 2393 qui
1210 2314 1247 2377 in
1261 2314 1409 2394 singulis
1425 2316 1602 2381 classibus

368 2422 496 2484 melius
509 2438 547 2483 se
562 2421 771 2499 gessissent,
788 2438 886 2483 more
901 2421 1145 2485 universitatis
1161 2422 1423 2502 complutensis

431 2527 519 2591 1300.
563 2528 666 2592 Initio
692 2527 763 2589 duo
792 2526 1005 2591 Societatem
1034 2528 1187 2609 ingressi
1214 2528 1354 2591 fuerant
1382 2529 1599 2609 Placentiae,

368 2636 538 2699 sacerdos
553 2652 646 2699 unus
659 2652 794 2713 eorum,
810 2635 901 2697 alter
915 2635 1025 2699 laicus
1042 2634 1194 2717 quidem,
1211 2636 1274 2701 sed
1288 2636 1475 2716 theologus
1490 2645 1525 2700 et
1538 2637 1596 2721 Ju-

366 2743 418 2806 ris
431 2741 608 2806 Pontificii
629 2742 779 2821 peritus;
801 2751 950 2824 uterque
972 2743 1161 2807 virbonus
1180 2753 1215 2807 et
1238 2744 1371 2806 talento
1396 2743 1523 2808 idoneo
1549 2744 1593 2808 ad

367 2848 558 2913 Societatis
572 2849 769 2912 ministeria
781 2849 972 2928 praeditus
988 2850 1108 2930 Aliqui
1119 2851 1244 2914 deinde
1256 2868 1327 2914 non
1339 2850 1479 2914 infimae
1489 2862 1598 2916 notae

366 2957 527 3020 homines
551 2956 587 3019 in
608 2954 822 3020 Societatem
843 2956 982 3020 admitti
1004 2959 1184 3038 optabant,
1206 2958 1298 3021 inter
1317 2975 1406 3039 quos
1427 2959 1599 3024 sacerdos

365 3062 511 3144 quidam
527 3063 705 3126 admissus
720 3072 792 3126 est:
808 3064 870 3126 alii
884 3081 966 3127 cum
980 3037 1142 3128 vid'erent
1153 3083 1191 3128 se
1203 3083 1273 3129 non
1286 3066 1434 3142 admitti,
1448 3066 1494 3129 ad
1505 3067 1598 3131 alias

365 3171 560 3249 religiones
575 3187 613 3232 se
627 3179 892 3233 converterunt.
909 3171 965 3233 Ex
979 3171 1203 3235 scholasticis
1216 3172 1326 3253 aliqui
1349 3183 1471 3236 nostro
1495 3173 1594 3237 insti·

365 3287 443 3340 tuto
457 3275 714 3354 afficiebantur,
727 3287 762 3340 et
776 3286 816 3340 ut
827 3276 1096 3340 admitterentur
1108 3290 1249 3342 nostros
1260 3281 1447 3359 urgebant;
1460 3279 1523 3344 sed
1534 3297 1599 3344 eos

365 3394 618 3461 maturescere,
637 3383 887 3447 admissionem
901 3383 1106 3458 differendo,
1122 3385 1343 3466 expediebat.

429 3488 518 3552 1301.
561 3489 713 3569 Quidam
738 3487 805 3552 Dr.
830 3490 960 3570 Ayala,
988 3493 1151 3570 magistri
1176 3492 1304 3556 Avilae
1329 3493 1531 3574 discipulus,
1557 3495 1593 3558 in

364 3598 544 3675 theologia
556 3597 772 3660 scholastica
783 3607 818 3660 et
829 3598 994 3678 positiva,
1009 3615 1114 3678 quam
1126 3611 1269 3677 vocant,
1283 3601 1372 3663 bene
1385 3601 1521 3677 doctuS,
1535 3603 1597 3683 qui

364 3703 543 3783 Compluti
557 3704 846 3782 concionabatur,
862 3715 1052 3785 postquam
1068 3704 1269 3770 Placentiae
1290 3709 1460 3772 exercitia
1476 3725 1592 3773 susce·

364 3811 486 3890 pisset,
516 3809 732 3875 Societatem
760 3811 900 3890 ingredi
922 3811 1081 3876 decrevit
1103 3810 1124 3875 ³.
1152 3813 1303 3893 Quidam
1324 3816 1497 3878 ecclesiae
1517 3813 1590 3880 Sal·

364 3917 596 3980 manticensis
611 3918 864 3997 portionarius
882 3929 919 3982 ut
934 3929 1077 3998 vocant,
1093 3929 1128 3982 et
1143 3920 1343 4000 theologiae
1359 3921 1495 4001 doctor,
1516 3923 1595 3987 Pla-

364 4024 519 4086 centiam
544 4024 614 4086 hoc
639 4040 734 4086 anno
759 4026 867 4087 etiam
890 4026 999 4106 venit,
1021 4035 1059 4089 ut
1081 4043 1119 4089 se
1140 4023 1309 4090 Societati
1324 4028 1436 4105 daret,
1451 4029 1594 4102 interim

403 4267 411 4298 ¹
442 4263 497 4309 Hoc
509 4271 557 4309 est:
569 4267 598 4308 in
610 4276 683 4310 more
691 4267 813 4321 positam
824 4277 883 4311 esse
893 4269 922 4311 in
934 4269 1035 4312 nostrie
1045 4267 1143 4312 scholis
1153 4271 1182 4311 ret
1192 4268 1366 4323 quotidianae
1375 4283 1455 4316 mane
1465 4275 1596 4328 etoespe.

363 4347 393 4380 re
403 4339 613 4381 exercitationes
624 4337 774 4394 brevisusa
782 4345 865 4392 prece
875 4342 902 4382 et
911 4340 1065 4394 inciperent
1074 4342 1100 4382 et
1103 4339 1263 4394 finirentur.

402 4410 415 4440 ¹
441 4408 488 4452 Dr.
499 4408 580 4454 Daue.
588 4407 701 4461 Joennee
711 4409 743 4454 de
753 4410 853 4466 Ayore,
863 4410 906 4465 qul
915 4416 1008 4465 postea
1017 4409 1088 4464 (15671
1096 4410 1145 4455 init
1152 4410 1297 4465 Episcopus
1306 4411 1451 4457 ovetensis.
1461 4413 1598 4470 Accam,

362 4479 380 4521 1.
389 4489 423 4534 c.,
433 4490 490 4534 cap.
502 4490 529 4531 n,
539 4479 554 4535 g
564 4479 587 4531 8,
599 4478 769 4535 cinnameos,
785 4479 853 4526 Vitia
863 4481 907 4525 dei
918 4479 1027 4525 Grande
1036 4479 1091 4524 San
1100 4479 1384 4538 hendecadeBorJ'e,
1393 4483 1480 4539 libre,
1492 4495 1549 4541 cap.
1558 4486 1594 4542 ll,

401 4621 414 4651 ⁸
441 4621 526 4677 liniue
535 4621 606 4667 Drle.
616 4625 705 4682 Apelt
714 4635 765 4669 non
780 4625 896 4670 meminit
909 4623 1008 4676 lluttoe,
1031 4622 1098 4668 Virta
1115 4624 1159 4668 aei
1175 4625 1319 4672 venerante
1332 4630 1410 4682 (nunc
1425 4627 1464 4682 B.)
1474 4625 1596 4672 Maestae

358 4691 437 4747 Jean
446 4693 479 4736 de
489 4693 579 4747 Avila,
588 4704 636 4746 nec
646 4705 755 4751 utquam
765 4696 831 4748 allae
840 4697 995 4741 mentionem
1006 4694 1103 4740 iactam
1112 4696 1262 4752 reperimus.
