3717 5400
396 480 452 540 706
844 474 973 537 ennon.
993 476 1069 537 Soc.
1090 476 1161 551 Jss.

397 626 490 689 citur
504 633 539 689 et
551 642 596 687 ex
609 623 678 687 hoc
693 622 775 686 lacu
787 622 924 686 auctior
937 622 1047 685 multo
1058 621 1210 703 profluit.
1226 620 1404 687 Animalia
1416 624 1464 687 ibi
1475 624 1630 704 plurima

396 733 476 797 visa
492 740 585 810 sunt,
600 745 774 811 gomeras
789 738 934 809 vocant,
958 738 1106 810 aspectu
1126 728 1329 795 foedissima
1345 739 1379 793 et
1397 730 1575 795 horrenda
1590 741 1628 795 et

396 840 485 903 satis
499 853 642 919 magna3
658 846 693 900 et
709 834 840 899 anfibia
854 844 946 912 sunu
963 852 1047 899 narn
1061 836 1193 917 partim
1207 836 1244 899 in
1258 836 1339 900 lacu
1356 837 1528 917 habitant,
1544 854 1625 917 par·

397 947 460 1011 tim
485 961 631 1025 campos
656 942 852 1023 depascunt
868 941 890 1007 ¹.
910 940 1079 1007 Abundat
1104 942 1212 1006 etiam
1232 943 1421 1007 crocodilis
1444 940 1467 1007 ¹.
1491 943 1630 1007 Decem

396 1063 458 1118 aut
473 1050 661 1117 duodecim
668 1050 744 1114 dies
752 1048 855 1131 juxta
869 1048 964 1113 hunc
979 1049 1097 1113 lacum
1108 1050 1229 1129 exegit
1239 1049 1275 1112 in
1287 1048 1471 1131 cujusdam
1481 1051 1629 1114 lusitani

312 1209 316 1215 .
395 1162 474 1227 loco
493 1176 605 1240 usque
627 1157 673 1221 ad
696 1156 825 1221 festum
845 1156 1079 1237 Epiphaniae;
1105 1166 1140 1221 et
1159 1166 1348 1239 postquam
1367 1157 1399 1221 ci
1423 1157 1624 1221 ministrata

396 1279 479 1334 sunt
501 1274 738 1344 sacramenta,
762 1265 808 1329 ad
831 1264 940 1327 aliurn
958 1265 1086 1343 locum,
1111 1265 1254 1328 nornine
1275 1264 1411 1345 Agara,
1434 1264 1495 1328 ubi
1516 1265 1627 1345 aliqui

395 1384 497 1441 erant
517 1374 671 1451 lusitani,
693 1371 804 1435 venit.
826 1371 872 1434 Et
894 1388 976 1435 cum
1001 1370 1107 1451 pauci
1131 1380 1261 1451 essent,
1288 1372 1477 1452 pauciores
1502 1389 1547 1435 ex
1571 1372 1630 1434 eis

395 1481 549 1548 confessi
563 1489 657 1545 sunt.

457 1588 545 1653 1967.
588 1587 710 1667 ltaque
725 1602 807 1649 cum
822 1600 885 1663 per
908 1600 1059 1664 regnum
1078 1584 1162 1649 illud
1177 1594 1318 1649 centum
1340 1585 1484 1649 lusitani
1505 1586 1627 1666 sparsi

395 1698 478 1772 sint,
495 1704 637 1760 eentum
652 1710 697 1757 ex
711 1692 762 1756 eis
777 1690 1020 1755 confessiones
1036 1691 1183 1766 audivit,
1209 1701 1243 1755 et
1262 1693 1307 1756 ad
1322 1710 1384 1756 eos
1399 1693 1628 1773 quaerendos

395 1806 433 1869 in
452 1803 526 1867 suis
544 1802 633 1865 locis
652 1816 695 1863 ac
713 1799 820 1877 villis
843 1798 970 1861 saltem
992 1798 1121 1862 multos
1139 1815 1273 1881 eorum,
1290 1799 1343 1862 ire
1363 1797 1401 1864 P.
1420 1798 1623 1865 Gonzalum

395 1910 564 1994 oportuit.

457 2016 545 2081 1968.
587 2014 743 2079 Baroam
757 2011 839 2076 inde
853 2011 1034 2093 profectus
1049 2019 1114 2090 est,
1132 2012 1257 2076 itinere
1276 2012 1462 2077 duodecim
1482 2014 1624 2077 dierum

397 2126 599 2202 distantem;
622 2119 766 2202 quidam
786 2118 993 2199 Alphonsus
1012 2119 1056 2182 de
1076 2116 1214 2183 Silvcra
1230 2135 1312 2183 cum
1326 2121 1459 2201 aliquot
1475 2122 1626 2185 homini-

395 2233 461 2297 bus
475 2239 617 2296 nostros
631 2226 820 2291 comitatus
831 2235 897 2303 est3
911 2242 995 2288 narn
1009 2242 1073 2306 per
1083 2225 1164 2289 loca
1178 2226 1284 2290 valde
1297 2227 1498 2307 periculosa
1509 2237 1621 2293 trans

395 2340 549 2405 eundum
567 2346 656 2414 erat,
678 2350 769 2415 quae
788 2351 811 2395 a
832 2331 1043 2413 quibusdam
1061 2331 1200 2414 judaeis
1219 2352 1264 2397 ex
1282 2334 1401 2399 vicino
1424 2344 1543 2399 monte
1568 2335 1628 2400 de·

395 2443 654 2519 scendentibus,
677 2450 712 2504 et
733 2440 777 2503 ab
797 2438 877 2502 aliis
899 2438 1111 2519 quibusdam
1126 2438 1227 2519 (quos
1248 2457 1368 2519 agaos
1382 2438 1394 2471 ⁸
1408 2442 1552 2521 vocant)
1573 2443 1624 2507 in·

393 2552 518 2618 testari
539 2550 712 2624 solebant;
734 2555 869 2610 etcum
891 2555 1034 2609 nostros
1059 2546 1104 2609 ad
1129 2562 1256 2609 secura
1281 2548 1359 2610 loca
1385 2547 1627 2627 deduxerunt,

395 2662 538 2728 domum
553 2656 745 2723 redierunt.

390 2819 394 2824 .
457 2767 545 2830 1969.
589 2764 829 2830 Occurrerunt
844 2768 962 2824 autem
977 2761 1108 2824 nostris
1123 2779 1168 2825 ex
1186 2761 1331 2826 civitate
1349 2763 1465 2827 Barna
1488 2764 1625 2844 aliquot

392 2874 536 2940 lusitani
551 2872 624 2953 (qui
637 2873 788 2934 classem
802 2866 983 2948 Pro-regis
997 2866 1117 2932 Indiae
1128 2869 1377 2948 expectabant)
1392 2888 1524 2952 magna
1539 2887 1625 2936 curn

393 2981 539 3061 laetitia;
562 2979 625 3044 sed
645 2987 724 3059 post
743 2992 878 3057 paucos
896 2975 972 3038 dies
994 2974 1211 3039 intellectum
1230 2985 1284 3039 est
1301 2979 1525 3056 praeclusam
1540 2995 1620 3044 esse

393 3089 503 3168 viam,
525 3085 688 3168 quodque
708 3083 787 3148 Rex
800 3081 1013 3162 Aethiopiae
1034 3082 1169 3145 nullum
1193 3099 1238 3146 cx
1262 3083 1427 3147 lusitanis
1448 3086 1627 3150 accedere

394 3197 441 3261 ad
455 3212 554 3259 mare
568 3190 806 3274 permittebat.

456 3299 544 3366 1970.
589 3299 780 3380 Postquam
808 3311 895 3375 ergo
928 3294 1164 3358 lusitanorum
1197 3294 1439 3360 confessiones
1472 3299 1625 3380 audivit,

393 3428 483 3493 quos
497 3410 635 3474 Baroae
646 3403 794 3480 invenit,
808 3403 853 3466 ad
865 3419 965 3465 mare
976 3400 1168 3477 descendit,
1182 3411 1217 3464 et
1228 3401 1356 3482 viginti
1367 3402 1442 3467 dies
1453 3405 1621 3472 nuncium

395 3515 537 3600 aliquod
552 3513 678 3579 classis
689 3510 904 3591 expectavit3
920 3506 983 3571 sed
999 3525 1080 3572 cum
1091 3506 1178 3572 nihil
1192 3508 1440 3590 intelligerent,
1457 3520 1553 3575 retro
1568 3531 1621 3577 re·

394 3625 528 3703 dibant;
552 3631 587 3686 et
606 3637 688 3684 cum
707 3617 810 3681 unius
831 3615 900 3679 diei
918 3614 1043 3678 itinere
1065 3633 1086 3678 a
1107 3615 1197 3678 mari
1219 3616 1440 3697 recesissent,
1464 3628 1547 3682 tunc
1563 3619 1622 3684 de·

432 3863 442 3898 Ι
469 3860 594 3916 Nusplaur
603 3857 680 3914 halus
689 3856 799 3902 nomlnls
807 3865 917 3909 gamm
932 3852 1026 3898 animal
1043 3851 1201 3908 descriptum
1214 3852 1364 3907 reperimus
1375 3853 1421 3898 sed
1436 3855 1503 3900 sorte
1517 3855 1566 3901 hoc
1576 3869 1624 3901 no·

391 3933 460 3981 nine
469 3934 639 3986 deslgnantur
649 3932 765 3986 “mayros
775 3927 892 3972 cavallos
902 3925 1034 3968 marlnhos
1044 3935 1092 3980 qne
1108 3924 1195 3968 saltem
1208 3935 1224 3968 a
1233 3935 1325 3979 pascet
1340 3937 1374 3968 na
1389 3932 1461 3970 terra
1476 3938 1515 3971 em
1526 3929 1626 3984 alnus

391 4009 498 4061 lagares
507 4015 582 4060 muys
592 4012 675 4056 raros,
685 4012 699 4045 e
709 4001 793 4044 farem
802 4000 884 4042 uelles
892 3995 992 4050 grande
1002 3996 1158 4048 destrulcarn
1168 4006 1214 4039 nos
1224 3997 1620 4052 mantlmentos„.-Tsttna-ffl,.

329 4091 333 4098 ·
391 4088 488 4130 uaros.
498 4078 516 4120 1.
523 4087 554 4125 c..
563 4075 607 4119 llb.
616 4085 632 4121 r.
641 4084 699 4128 cap.
708 4072 729 4124 6,
740 4071 783 4115 ubl
793 4073 825 4114 de
836 4070 895 4113 laco
905 4068 1022 4112 Dambea
1035 4077 1121 4112 sermo
1131 4073 1179 4112 est.

429 4148 440 4181 ¹
467 4147 514 4192 its.
525 4141 779 4198 cornatilia—Apud
789 4140 1039 4186 Tarm-neuma.
1049 4138 1065 4181 l.
1077 4147 1109 4190 c..
1120 4137 1223 4182 dicitur:
1234 4135 1314 4182 “Nam
1328 4137 1364 4182 lta
1378 4150 1466 4193 porem
1482 4147 1557 4186 nesta
1566 4142 1621 4186 ala·

389 4229 440 4274 zoa
451 4216 594 4274 (Dambea)
607 4215 768 4270 geralmonte
781 4212 886 4256 solando
898 4209 1029 4264 Lagartos
1039 4221 1053 4252 e
1064 4207 1212 4252 crocodilos
1226 4209 1309 4262 (como
1325 4221 1365 4254 em
1381 4217 1472 4256 curras
1484 4219 1573 4267 partes
1587 4213 1620 4259 do

390 4291 467 4347 Nilo),
481 4300 529 4345 por
543 4289 609 4332 cade
624 4299 639 4332 o
654 4287 721 4343 zado
735 4286 912 4340 alegremenre
927 4282 996 4326 anda
1009 4280 1136 4336 putando
1146 4291 1162 4324 a
1173 4281 1247 4326 relra
1259 4293 1307 4336 que
1322 4293 1350 4326 oe
1360 4281 1394 4326 da
1401 4283 1503 4338 Juutoa
1516 4296 1578 4330 suas
1588 4286 1627 4330 ri·

391 4365 511 4421 beyron.

429 4433 442 4468 ⁸
468 4434 560 4486 Araus
573 4431 738 4486 appellantur
753 4427 821 4484 apud
835 4423 1085 4477 arten-Aruerat,
1098 4426 1116 4470 l.
1131 4439 1164 4480 c..
1178 4435 1235 4480 cap.
1249 4425 1269 4479 ⁶5
1283 4431 1309 4470 et
1322 4426 1441 4480 gentiles.
1457 4437 1507 4472 non
1519 4429 1618 4484 ludaei

384 4515 446 4550 ,esse
456 4503 583 4548 dicuntur.
594 4501 659 4545 Sunt
667 4507 754 4545 tamen
765 4497 845 4553 aliqui
859 4505 955 4550 agnus,
968 4495 1019 4550 vel,
1034 4501 1062 4540 ut
1076 4497 1264 4540 recenlioribus
1274 4497 1370 4552 placet,
1381 4507 1493 4550 aganus,
1504 4499 1547 4554 qul
1562 4511 1619 4554 spe-

388 4575 454 4620 ciem
464 4574 602 4630 quamdam
609 4571 731 4627 ludaisml
745 4571 771 4615 ln
780 4569 834 4614 suls
843 4569 938 4612 rltibus
951 4577 1014 4620 prae
1025 4577 1054 4610 se
1070 4565 1164 4622 lerunt,
1175 4567 1193 4610 ll
1205 4568 1353 4622 praecipue.
1368 4569 1460 4622 qulbus
1475 4580 1566 4614 nomen
1576 4579 1617 4616 est

388 4644 518 4690 Ftlnchas
527 4645 570 4688 vel
581 4643 720 4687 Falachas.
731 4639 797 4685 Vide
807 4638 903 4693 Josaea
912 4637 1033 4690 Hauriat,
1047 4637 1155 4681 Pridres
1164 4637 1211 4682 des
1222 4636 1355 4681 Falacltas
1363 4645 1390 4683 et
1400 4637 1493 4684 Reuue
1503 4641 1550 4684 des
1562 4641 1623 4685 ltu·

386 4718 437 4761 des
446 4717 546 4770 μαίνει,
555 4715 660 4768 passlm.
