3717 5400
829 496 893 555 Aa.
915 496 986 557 1555
1467 497 1524 559 553

287 650 367 705 ctus
382 642 533 722 insignis
547 660 593 705 ex
607 652 810 707 nostrorum
824 660 887 723 per
903 642 1123 707 Gallaeciam
1137 642 1301 707 discursu
1320 654 1355 705 et
1375 660 1521 707 consue·

287 748 334 811 tis
347 746 517 813 Societati
531 748 736 813 ministeriis
750 750 961 830 sperabatur
977 749 999 813 ¹.

353 854 441 921 1517.
485 854 562 920 Hac
579 872 666 937 ergo
683 866 818 921 aestate
833 856 1000 921 convenit
1016 856 1146 921 Comes
1166 873 1247 921 cum
1268 856 1307 921 Ρ.
1326 856 1521 921 Francisco

293 969 331 1025 ut
354 962 487 1027 dotatio
512 964 799 1044 octingentorum
826 964 1038 1029 ducatorum
1066 965 1175 1029 annui
1196 965 1333 1028 reditus
1347 964 1457 1041 tieret,
1487 974 1522 1028 et

287 1069 429 1149 quidem
444 1088 490 1134 ex
503 1070 681 1135 beneficiis
696 1071 752 1135 sui
763 1080 984 1152 patronatus,
1001 1082 1036 1136 et
1049 1072 1154 1135 simul
1168 1089 1250 1136 cum
1261 1071 1438 1152 Episcopo
1450 1071 1523 1135 Au·

291 1176 399 1239 riensi
414 1176 425 1207 ¹
441 1176 518 1255 (sub
534 1175 634 1257 cujus
652 1177 817 1243 Dioecesi
838 1188 892 1241 est
912 1179 1081 1259 oppidum
1101 1178 1233 1243 Montis
1248 1176 1364 1257 Regii)
1380 1178 1522 1259 provin·

293 1283 384 1347 ciam
400 1284 555 1365 suscepit
570 1285 783 1365 impetrandi
802 1303 823 1349 a
845 1282 990 1351 Summo
1013 1285 1185 1350 Pontifice
1204 1287 1297 1349 banc
1318 1285 1522 1366 applicatio·

247 1460 249 1462 ,
291 1407 371 1454 nem
399 1401 432 1454 et
458 1390 670 1455 divisionem
695 1390 771 1473 ejus
796 1393 918 1473 partis,
942 1410 1034 1473 quae
1059 1392 1264 1456 curionibus
1289 1402 1350 1456 aut
1376 1393 1524 1457 vicariis

294 1498 473 1579 perpetuis
487 1508 581 1561 esset
593 1499 822 1579 relinquenda
835 1497 858 1563 ⁸.
871 1500 992 1581 Usque
1002 1500 1093 1563 adeo
1104 1510 1224 1563 autern
1234 1499 1395 1563 fervebat
1406 1500 1443 1562 in
1453 1500 1523 1563 boc

292 1621 399 1685 opere
415 1606 472 1685 pio
494 1605 702 1686 Episcopus,
724 1617 762 1669 ut
781 1615 923 1686 praeter
943 1607 1168 1685 octingentos
1191 1606 1394 1685 praedictos
1416 1608 1524 1670 vellet

291 1712 366 1793 ipse
381 1712 662 1792 quadringentos
677 1730 805 1777 aureos
816 1730 955 1777 annuos
966 1712 1098 1777 addere
1109 1725 1146 1777 ut
1156 1715 1277 1794 plures
1289 1713 1332 1776 de
1345 1702 1522 1777 So'cietate

291 1828 414 1883 nostra
429 1818 559 1883 ibidem
575 1821 765 1883 alerentur.
783 1818 911 1913 Comes
926 1830 1044 1884 autem
1060 1824 1142 1883 cum
1157 1820 1366 1901 quibusdam
1382 1820 1523 1899 reiigio-

289 1926 339 1988 sis
355 1924 455 2007 (quos
476 1926 651 1990 Mercedis
670 1935 802 1991 vocant
822 1936 856 1990 et
872 1926 1106 2006 redemptioni
1121 1927 1345 2007 captivorum
1364 1927 1521 2005 vacant),

289 2032 362 2111 egit
382 2042 420 2095 ut
442 2032 620 2112 quoddam
640 2032 908 2107 monasterium,
931 2032 1094 2113 quodibi
1116 2033 1305 2111 habebant,
1329 2033 1397 2113 ipsi
1418 2034 1522 2098 relin-

289 2148 449 2229 querent,
466 2150 501 2202 et
515 2139 648 2203 eisdem
664 2139 747 2203 alibi
761 2139 906 2203 domum
922 2140 1073 2217 emebat,
1089 2151 1127 2204 ut
1142 2141 1265 2204 statim
1278 2139 1440 2205 Societas
1459 2142 1522 2204 ali·

287 2262 378 2325 quos
403 2263 444 2309 eo
470 2247 608 2309 mittere
634 2257 765 2326 posset.
792 2244 883 2309 Nam
909 2247 1024 2325 primo
1050 2263 1190 2327 quoque
1215 2256 1375 2327 tempore
1397 2264 1520 2311 eorum

290 2352 483 2416 adventum
507 2353 711 2433 expetebat;
739 2353 881 2417 interim
901 2362 1021 2418 autem
1045 2354 1235 2418 erectionis
1261 2371 1303 2417 ac
1330 2354 1522 2418 dotationis

287 2457 489 2539 hujusmodi
504 2469 727 2523 contractum
741 2460 955 2540 stipularunt
965 2470 1000 2523 et
1011 2461 1058 2525 ad
1069 2460 1107 2523 Ρ.
1121 2460 1298 2540 Ignatium
1309 2460 1480 2524 miserunt
1496 2459 1520 2519 ⁴.

330 2566 418 2631 1518.
460 2566 620 2631 Marchio
645 2567 689 2631 de
713 2566 856 2631 Tavora
882 2567 893 2599 ³
918 2568 1081 2632 ducentis
1101 2568 1240 2631 ducatis
1258 2567 1367 2633 annui
1386 2567 1523 2632 reditus

329 2807 338 2843 1
365 2809 433 2854 Vide
444 2821 532 2865 supra.
543 2816 561 2855 t.
570 2819 605 2864 tv,
617 2822 676 2865 pag.
685 2809 735 2864 179,
746 2823 770 2855 n.
782 2809 843 2862 tots.
853 2815 880 2854 et
890 2815 980 2855 annot.
991 2811 1016 2854 8.

326 2880 338 2914 ¹
366 2881 506 2926 Francisco
516 2881 650 2938 idanrique
661 2883 692 2926 de
702 2881 782 2936 Lara,
793 2881 836 2937 qui
847 2894 879 2926 ex
894 2883 1015 2927 auriensi
1027 2881 1149 2936 (Ouarsa)
1159 2881 1320 2938 Episcopatu
1334 2885 1367 2928 ad
1383 2883 1523 2930 Salmanti-

287 2963 389 2998 censem
399 2955 544 2997 translatus
554 2961 593 2997 est
604 2965 671 2996 anno
681 2955 807 3009 sequenti.
818 2952 867 2997 Hic
877 2953 967 2998 Patris
976 2953 1063 2998 Fabro
1073 2955 1256 2998 consuetudine
1266 2967 1327 2999 nsua
1338 2961 1386 3009 est¹
1402 2956 1462 2999 dum
1471 2954 1521 2998 Im·

286 3025 418 3080 peratoris
428 3025 527 3069 curiam
537 3035 605 3068 anno
616 3025 666 3068 tou
677 3027 844 3081 sequebatur.
857 3023 921 3070 Vide
934 3025 1029 3070 Carras
1040 3037 1059 3081 y
1070 3029 1143 3069 utros
1156 3027 1269 3070 escritos
1282 3027 1327 3071 del
1340 3025 1374 3070 B.
1388 3027 1419 3071 P.
1433 3026 1522 3071 Pedro

287 3097 384 3152 aratro,
395 3109 454 3152 pag.
465 3097 493 3142 75
502 3104 528 3141 et
537 3096 570 3142 98.

326 3169 338 3202 ³
364 3169 385 3212 “.
395 3181 446 3226 ...y
460 3179 557 3224 porque
572 3181 603 3212 en
618 3169 721 3224 aqualia
736 3178 814 3212 saron
829 3167 853 3210 ei
869 3167 955 3212 Cende
971 3167 1029 3211 Dou
1044 3169 1142 3212 Alonso
1158 3168 1189 3211 de
1204 3169 1321 3214 Fonseca
1336 3170 1455 3226 (leidiga)
1468 3172 1520 3228 yet

286 3239 381 3295 obispo
392 3241 422 3284 de
435 3239 540 3292 Orense.
552 3239 583 3283 D.
594 3239 735 3284 Francisco
746 3238 879 3293 Maurique
890 3240 920 3282 de
932 3239 1012 3292 Lara,
1023 3241 1110 3284 traian
1120 3241 1200 3294 pieito
1214 3241 1291 3284 sobre
1303 3243 1328 3285 ia
1338 3241 1522 3297 presentacion

286 3313 317 3356 de
327 3313 400 3357 cinco
412 3311 547 3356 beneficius
555 3312 675 3366 onradus,
686 3311 871 3365 pretendiendo
881 3311 947 3355 cada
957 3322 1007 3355 uno
1016 3314 1196 3366 pertenecerle
1206 3315 1222 3356 a
1232 3315 1265 3364 ei.
1276 3313 1370 3358 viendo
1380 3325 1429 3369 que
1440 3310 1521 3357 habia

285 3385 317 3428 de
327 3395 368 3428 ser
378 3395 470 3429 comun
481 3388 497 3428 a
508 3387 598 3427 ambos
608 3384 631 3427 ei
641 3395 688 3438 pro
693 3383 773 3426 vecho
783 3395 832 3438 que
842 3395 870 3426 se
880 3384 1009 3438 esperaba
1020 3383 1050 3426 de
1066 3386 1092 3428 ia
1101 3385 1196 3428 venida
1211 3385 1242 3428 de
1253 3387 1292 3429 los
1306 3392 1425 3429 nuestroa
1435 3388 1451 3427 a
1462 3391 1521 3428 eata

285 3457 376 3508 tierra,
387 3468 414 3500 te
424 3463 594 3500 concertamn
604 3469 621 3513 y
632 3455 825 3499 determinaron
835 3455 865 3498 de
876 3455 969 3498 fundar
979 3465 1014 3498 an
1023 3453 1129 3508 Coiegio
1140 3457 1171 3498 de
1182 3458 1208 3499 ia
1219 3455 1370 3511 Campania.
1384 3469 1432 3510 qne
1448 3456 1520 3500 iueee

285 3528 542 3574 comoseminariode
551 3535 606 3572 este
617 3526 783 3583 Obispado;y
795 3527 917 3571 tratando
926 3533 1021 3570 estasu
1030 3527 1233 3572 determinacion
1241 3539 1289 3572 con
1297 3530 1321 3572 ei
1332 3528 1359 3572 Ρ.
1369 3527 1522 3582 Franciseo,

285 3611 313 3642 se
323 3599 440 3643 vinieron
452 3605 467 3644 a
478 3600 601 3644 convenit
612 3612 629 3656 y
640 3607 777 3642 concertat
788 3609 817 3642 en
829 3600 855 3642 ia
871 3599 989 3641 erecciou
999 3598 1040 3642 dei
1052 3597 1157 3652 Coieoeio
1168 3611 1215 3643 con
1226 3601 1265 3643 las
1275 3599 1478 3654 capitulationes
1487 3600 1521 3643 ai·

286 3673 414 3728 adientes,
424 3683 496 3716 como
507 3675 563 3715 mas
574 3673 589 3714 a
600 3671 624 3715 ia
636 3672 710 3723 iarga
721 3682 749 3713 se
757 3671 891 3714 contienen
902 3681 933 3712 en
944 3681 996 3713 una
1006 3671 1143 3723 caeritum,
1154 3683 1202 3725 que
1213 3683 1240 3714 se
1251 3675 1343 3725 otorgo
1349 3683 1382 3714 en
1390 3673 1416 3716 la
1426 3671 1521 3716 ciudad
1604 3691 1609 3702 ·

285 3743 317 3788 do
326 3743 453 3798 Santiago
462 3751 523 3788 ante
534 3743 648 3798 Rodrigo
659 3743 747 3796 Perea.
758 3751 860 3787 notario
870 3742 1014 3795 apostolico
1025 3755 1042 3798 y
1053 3745 1118 3793 real,
1131 3755 1196 3800 enyo
1207 3745 1323 3788 traslado
1332 3748 1390 3787 esta
1400 3754 1432 3786 en
1442 3744 1467 3787 ei
1476 3753 1520 3788 ar·

286 3816 362 3860 chivo
373 3817 403 3859 de
414 3823 469 3860 este
481 3815 610 3870 Colania„
620 3815 764 3866 Vatnrrm.
775 3813 892 3866 Colegros
902 3815 935 3856 de
947 3813 1068 3865 castilio,
1075 3813 1179 3868 Coiegr'o
1189 3816 1222 3859 de
1232 3815 1378 3869 Monterey.

327 3887 338 3920 ⁴
364 3887 432 3932 Vide
444 3894 531 3931 annot.
541 3887 749 3942 praecedentem.

325 3960 337 3992 ὅ
365 3959 489 4012 Quamvis
502 3971 516 4002 a
529 3958 632 4002 Poianci
640 3959 748 4002 librario
765 3959 813 4003 hoc
823 3970 915 4003 nomen
925 3959 1005 4002 scribi
1020 3960 1104 4003 soleat
1120 3957 1141 4000 Τ
1140 3968 1233 4008 avora,
1242 3959 1309 4012 quod
1319 3959 1426 4004 lusitani
1434 3961 1521 4016 cuina-

284 4032 345 4076 dam
363 4031 434 4075 fluvii
450 4042 541 4074 nomen
560 4037 642 4074 estet
658 4031 851 4074 marchionatus
872 4031 1006 4085 enjusdam
1020 4031 1129 4084 insigne,
1144 4031 1230 4074 nulius
1240 4031 1374 4074 dubitandi
1389 4032 1461 4076 iocus
1477 4042 1518 4077 est

284 4105 345 4159 qain
356 4103 537 4157 intelligendus
547 4103 582 4146 sit
592 4103 708 4148 Marrhio
723 4103 754 4147 de
764 4103 878 4152 Tavara.
889 4103 1064 4146 Beruardmus
1078 4103 1109 4145 de
1124 4102 1260 4155 Pimentei;
1270 4113 1330 4146 nant
1344 4105 1374 4157 ia,
1390 4105 1463 4159 cujus
1476 4105 1520 4151 bic

284 4175 312 4220 iit
323 4186 417 4230 sermo,
428 4176 543 4220 amicitia
552 4177 705 4230 coniunctus
715 4183 773 4219 erat
783 4175 857 4219 Patri
868 4175 1010 4218 Francisco
1019 4174 1199 4228 Borgiatvide
1210 4173 1406 4225 Crauruaooai.
1418 4187 1448 4228 c,
1460 4187 1520 4230 pas·

283 4247 350 4302 simi,
361 4249 386 4292 in
397 4249 470 4292 curia
481 4247 609 4302 Principis
618 4247 733 4300 Joannae
744 4249 901 4292 versabatur
911 4247 1014 4300 (Supra.
1025 4258 1085 4301 pag.
1094 4247 1144 4298 136,
1154 4258 1178 4289 n.
1189 4245 1243 4290 1170
1252 4253 1278 4290 et
1290 4247 1359 4300 1171),
1374 4247 1522 4302 Septiman-

283 4331 328 4364 cas
338 4320 494 4364 Vallisoleto
505 4333 532 4363 ae
541 4321 691 4364 conferebat
701 4320 833 4373 (Litterae
843 4317 1074 4371 Quadrimestres,
1081 4326 1100 4361 t.
1108 4329 1147 4371 tu,
1155 4329 1215 4372 pag.
1223 4318 1281 4371 bidb
1289 4329 1355 4372 quse
1363 4321 1448 4364 omnia
1457 4331 1518 4366 non·

283 4391 331 4436 nisi
343 4403 421 4446 supra
433 4393 502 4436 dicto
512 4391 672 4435 Bernardino
683 4391 713 4434 de
727 4389 853 4435 Pimentel
869 4391 1035 4434 conveniunt.
1047 4390 1121 4433 Addo
1136 4390 1202 4444 quod
1219 4390 1413 4434 marchionatus
1429 4392 1460 4435 de
1470 4391 1520 4437 Ta·

283 4471 356 4508 vora.
369 4463 394 4506 in
405 4461 550 4515 Lusitania,
563 4473 611 4506 non
622 4468 683 4506 ante
693 4473 787 4506 annum
799 4462 851 4505 1669
861 4471 964 4505 erectus
974 4469 1023 4504 est.
1033 4460 1068 4505 “0
1080 4461 1114 4504 i.⁰
1122 4472 1245 4516 marqnea
1255 4463 1287 4504 de
1297 4460 1403 4505 Tavora
1411 4461 1520 4508 ioiLnia

285 4534 399 4576 Aivares
409 4533 440 4577 de
451 4533 564 4577 Tavora.
576 4533 655 4577 conde
666 4535 697 4576 de
709 4533 733 4578 S,
742 4533 807 4586 Joao
817 4534 850 4578 da
862 4533 1011 4588 Pesqueira.
1019 4533 1082 4577 seito
1093 4544 1140 4587 por
1149 4532 1181 4576 D.
1191 4531 1276 4576 Pedro
1286 4531 1343 4584 11‚a
1353 4534 1416 4578 idde
1425 4541 1519 4589 aposto

284 4603 317 4648 de
334 4605 393 4648 1669.
409 4605 531 4649 Faiiecen
548 4605 579 4649 de
597 4613 679 4649 morte
697 4606 831 4660 repentina
847 4617 886 4650 em
901 4615 962 4650 uma
979 4617 1027 4649 sua
1041 4605 1131 4659 quinta
1146 4616 1192 4649 noa
1206 4606 1362 4649 arrabaidea
1375 4605 1407 4649 de
1421 4605 1519 4652 Liaboa

285 4677 395 4732 (campo
407 4677 540 4732 Peqaeno)
550 4689 565 4721 a
576 4677 642 4720 iude
652 4679 794 4722 novembro
805 4679 836 4722 de
847 4679 905 4722 1672.
917 4677 964 4722 Foi
975 4680 1072 4732 cabera
1080 4679 1103 4721 d’
1109 4685 1166 4722 esta
1173 4679 1334 4724 nobilissima
1342 4679 1519 4732 familia........

284 4747 414 4802 Bassum,
427 4748 558 4802 Porrugar
569 4750 684 4802 antigoe
695 4751 831 4802 noodrrno,
842 4757 860 4793 t.
872 4761 906 4804 ra,
917 4750 950 4796 ad
961 4761 1053 4794 vocem
1067 4749 1181 4794 deora.
