<?xml version="1.0" encoding="UTF-8"?>
<!DOCTYPE html PUBLIC "-//W3C//DTD XHTML 1.0 Transitional//EN"
    "http://www.w3.org/TR/xhtml1/DTD/xhtml1-transitional.dtd">
<html xmlns="http://www.w3.org/1999/xhtml" xml:lang="en" lang="en">
 <head>
  <title>
</title>
<meta http-equiv="Content-Type" content="text/html;charset=utf-8" />
  <meta name='ocr-system' content='tesseract 3.04.00' />
  <meta name='ocr-capabilities' content='ocr_page ocr_carea ocr_par ocr_line ocrx_word'/>
</head>
<body>
  <div class='ocr_page' id='page_1' title='image "./vitaignatiiloio01polagoog_0344.png"; bbox 0 0 3717 5400; ppageno 0'>
   <div class='ocr_carea' id='block_1_1' title="bbox 374 462 1159 536">
    <p class='ocr_par' dir='ltr' id='par_1_1' title="bbox 374 462 1159 536">
     <span class='ocr_line' id='line_1_1' title="bbox 374 462 1159 536; baseline -0.006 -9"><span class='ocrx_word' id='word_1_1' title='bbox 374 465 438 527; x_wconf 77' lang='grc'>’338</span> <span class='ocrx_word' id='word_1_2' title='bbox 841 466 970 526; x_wconf 75' lang='lat' dir='ltr'>Canon.</span> <span class='ocrx_word' id='word_1_3' title='bbox 991 462 1068 523; x_wconf 88' lang='lat' dir='ltr'><strong>Soc.</strong></span> <span class='ocrx_word' id='word_1_4' title='bbox 1090 471 1159 536; x_wconf 76' lang='lat' dir='ltr'>jas.</span> 
     </span>
    </p>
   </div>
   <div class='ocr_carea' id='block_1_2' title="bbox 349 609 1618 4121">
    <p class='ocr_par' dir='ltr' id='par_1_2' title="bbox 380 609 1618 1442">
     <span class='ocr_line' id='line_1_2' title="bbox 383 609 1616 693; baseline 0.002 -18"><span class='ocrx_word' id='word_1_5' title='bbox 383 615 430 677; x_wconf 87' lang='lat' dir='ltr'>tri</span> <span class='ocrx_word' id='word_1_6' title='bbox 444 621 576 676; x_wconf 89' lang='lat' dir='ltr'>vocant</span> <span class='ocrx_word' id='word_1_7' title='bbox 595 611 617 691; x_wconf 87' lang='lat'>¹)</span> <span class='ocrx_word' id='word_1_8' title='bbox 633 613 889 693; x_wconf 89' lang='lat' dir='ltr'>pervenissent,</span> <span class='ocrx_word' id='word_1_9' title='bbox 907 609 984 691; x_wconf 89' lang='lat' dir='ltr'>ejus</span> <span class='ocrx_word' id='word_1_10' title='bbox 998 610 1216 690; x_wconf 63' lang='lat' dir='ltr'>Praefectus</span> <span class='ocrx_word' id='word_1_11' title='bbox 1233 613 1291 675; x_wconf 89' lang='lat' dir='ltr'>vir</span> <span class='ocrx_word' id='word_1_12' title='bbox 1304 612 1437 692; x_wconf 92' lang='lat' dir='ltr'>probus</span> <span class='ocrx_word' id='word_1_13' title='bbox 1452 624 1487 677; x_wconf 90' lang='lat' dir='ltr'>et</span> <span class='ocrx_word' id='word_1_14' title='bbox 1502 615 1616 678; x_wconf 89' lang='lat' dir='ltr'>erudi·</span> 
     </span>
     <span class='ocr_line' id='line_1_3' title="bbox 382 717 1618 800; baseline 0.001 -16"><span class='ocrx_word' id='word_1_15' title='bbox 382 731 456 800; x_wconf 78' lang='lat' dir='ltr'>tuS,</span> <span class='ocrx_word' id='word_1_16' title='bbox 484 730 518 783; x_wconf 90' lang='lat' dir='ltr'>et</span> <span class='ocrx_word' id='word_1_17' title='bbox 540 720 716 800; x_wconf 86' lang='lat' dir='ltr'>insignem</span> <span class='ocrx_word' id='word_1_18' title='bbox 739 719 904 783; x_wconf 87' lang='lat' dir='ltr'>affectum</span> <span class='ocrx_word' id='word_1_19' title='bbox 926 720 963 782; x_wconf 92' lang='lat' dir='ltr'>in</span> <span class='ocrx_word' id='word_1_20' title='bbox 984 717 1201 783; x_wconf 86' lang='lat' dir='ltr'><strong>Societatem</strong></span> <span class='ocrx_word' id='word_1_21' title='bbox 1226 735 1368 798; x_wconf 68' lang='lat' dir='ltr'>gerens</span> <span class='ocrx_word' id='word_1_22' title='bbox 1395 722 1572 800; x_wconf 92' lang='lat' dir='ltr'>precibus,</span> <span class='ocrx_word' id='word_1_23' title='bbox 1596 740 1618 785; x_wconf 92' lang='lat' dir='ltr'>a</span> 
     </span>
     <span class='ocr_line' id='line_1_4' title="bbox 383 825 1615 908; baseline 0.001 -18"><span class='ocrx_word' id='word_1_24' title='bbox 383 827 558 908; x_wconf 85' lang='lat' dir='ltr'>Magistro</span> <span class='ocrx_word' id='word_1_25' title='bbox 573 825 730 890; x_wconf 90' lang='lat' dir='ltr'>Roberto</span> <span class='ocrx_word' id='word_1_26' title='bbox 750 825 988 889; x_wconf 88' lang='lat' dir='ltr'>contendebat</span> <span class='ocrx_word' id='word_1_27' title='bbox 1009 835 1048 888; x_wconf 90' lang='lat' dir='ltr'>ut</span> <span class='ocrx_word' id='word_1_28' title='bbox 1070 825 1140 888; x_wconf 91' lang='lat' dir='ltr'>duo</span> <span class='ocrx_word' id='word_1_29' title='bbox 1162 827 1205 890; x_wconf 91' lang='lat' dir='ltr'>de</span> <span class='ocrx_word' id='word_1_30' title='bbox 1227 835 1351 890; x_wconf 91' lang='lat' dir='ltr'>nostra</span> <span class='ocrx_word' id='word_1_31' title='bbox 1373 826 1552 891; x_wconf 88' lang='lat' dir='ltr'>Societate</span> <span class='ocrx_word' id='word_1_32' title='bbox 1573 846 1615 892; x_wconf 92' lang='lat' dir='ltr'>eo</span> 
     </span>
     <span class='ocr_line' id='line_1_5' title="bbox 382 931 1615 1014; baseline 0 -16"><span class='ocrx_word' id='word_1_33' title='bbox 382 936 617 1012; x_wconf 81' lang='lat' dir='ltr'>mitterentur,</span> <span class='ocrx_word' id='word_1_34' title='bbox 633 935 692 1014; x_wconf 91' lang='lat' dir='ltr'>qui</span> <span class='ocrx_word' id='word_1_35' title='bbox 704 933 918 996; x_wconf 90' lang='lat' dir='ltr'>erudiendae</span> <span class='ocrx_word' id='word_1_36' title='bbox 930 931 1127 1012; x_wconf 78' lang='lat' dir='ltr'>iuventutis</span> <span class='ocrx_word' id='word_1_37' title='bbox 1139 950 1263 996; x_wconf 91' lang='lat' dir='ltr'>curam</span> <span class='ocrx_word' id='word_1_38' title='bbox 1274 935 1506 1014; x_wconf 87' lang='lat' dir='ltr'>susciperent,</span> <span class='ocrx_word' id='word_1_39' title='bbox 1520 945 1555 998; x_wconf 87' lang='lat' dir='ltr'>et</span> <span class='ocrx_word' id='word_1_40' title='bbox 1567 937 1615 998; x_wconf 90' lang='lat' dir='ltr'>al·</span> 
     </span>
     <span class='ocr_line' id='line_1_6' title="bbox 381 1040 1614 1121; baseline 0.001 -17"><span class='ocrx_word' id='word_1_41' title='bbox 381 1053 435 1105; x_wconf 90' lang='lat' dir='ltr'>ter</span> <span class='ocrx_word' id='word_1_42' title='bbox 450 1044 575 1106; x_wconf 89' lang='lat' dir='ltr'>saltem</span> <span class='ocrx_word' id='word_1_43' title='bbox 591 1041 703 1104; x_wconf 90' lang='lat' dir='ltr'>divini</span> <span class='ocrx_word' id='word_1_44' title='bbox 716 1040 818 1104; x_wconf 87' lang='lat' dir='ltr'>verbi</span> <span class='ocrx_word' id='word_1_45' title='bbox 833 1040 1068 1104; x_wconf 90' lang='lat' dir='ltr'>ministerium</span> <span class='ocrx_word' id='word_1_46' title='bbox 1082 1042 1206 1118; x_wconf 91' lang='lat' dir='ltr'>obiret,</span> <span class='ocrx_word' id='word_1_47' title='bbox 1221 1040 1348 1120; x_wconf 90' lang='lat' dir='ltr'>quibus</span> <span class='ocrx_word' id='word_1_48' title='bbox 1360 1043 1543 1121; x_wconf 84' lang='lat' dir='ltr'>propriam</span> <span class='ocrx_word' id='word_1_49' title='bbox 1556 1043 1614 1105; x_wconf 90' lang='lat' dir='ltr'>do-</span> 
     </span>
     <span class='ocr_line' id='line_1_7' title="bbox 381 1147 1614 1229; baseline -0.001 -16"><span class='ocrx_word' id='word_1_50' title='bbox 381 1167 477 1213; x_wconf 91' lang='lat' dir='ltr'>mum</span> <span class='ocrx_word' id='word_1_51' title='bbox 492 1148 538 1212; x_wconf 89' lang='lat' dir='ltr'>ad</span> <span class='ocrx_word' id='word_1_52' title='bbox 552 1148 802 1226; x_wconf 90' lang='lat' dir='ltr'>habitandum,</span> <span class='ocrx_word' id='word_1_53' title='bbox 818 1147 954 1210; x_wconf 88' lang='lat' dir='ltr'>victum</span> <span class='ocrx_word' id='word_1_54' title='bbox 968 1157 1003 1211; x_wconf 94' lang='lat' dir='ltr'>et</span> <span class='ocrx_word' id='word_1_55' title='bbox 1016 1149 1201 1228; x_wconf 88' lang='lat' dir='ltr'>vestitum,</span> <span class='ocrx_word' id='word_1_56' title='bbox 1224 1149 1299 1212; x_wconf 89' lang='lat' dir='ltr'>suis</span> <span class='ocrx_word' id='word_1_57' title='bbox 1313 1148 1500 1228; x_wconf 90' lang='lat' dir='ltr'>impendiis</span> <span class='ocrx_word' id='word_1_58' title='bbox 1514 1149 1614 1229; x_wconf 91' lang='lat' dir='ltr'>polli-</span> 
     </span>
     <span class='ocr_line' id='line_1_8' title="bbox 380 1254 1614 1336; baseline 0.001 -18"><span class='ocrx_word' id='word_1_59' title='bbox 380 1258 539 1319; x_wconf 89' lang='lat' dir='ltr'>cebatur.</span> <span class='ocrx_word' id='word_1_60' title='bbox 556 1254 627 1319; x_wconf 90' lang='lat' dir='ltr'>Sed</span> <span class='ocrx_word' id='word_1_61' title='bbox 642 1256 688 1319; x_wconf 91' lang='lat' dir='ltr'>ad</span> <span class='ocrx_word' id='word_1_62' title='bbox 707 1254 745 1317; x_wconf 35' lang='lat' dir='ltr'>Pv.</span> <span class='ocrx_word' id='word_1_63' title='bbox 767 1254 1017 1333; x_wconf 88' lang='lat' dir='ltr'>Paschasium,</span> <span class='ocrx_word' id='word_1_64' title='bbox 1041 1263 1081 1317; x_wconf 91' lang='lat' dir='ltr'>ut</span> <span class='ocrx_word' id='word_1_65' title='bbox 1095 1254 1341 1335; x_wconf 88' lang='lat' dir='ltr'>Praepositum</span> <span class='ocrx_word' id='word_1_66' title='bbox 1365 1271 1484 1335; x_wconf 91' lang='lat' dir='ltr'>suum,</span> <span class='ocrx_word' id='word_1_67' title='bbox 1507 1273 1614 1336; x_wconf 82' lang='lat' dir='ltr'>nego·</span> 
     </span>
     <span class='ocr_line' id='line_1_9' title="bbox 381 1361 776 1442; baseline -0.005 -16"><span class='ocrx_word' id='word_1_68' title='bbox 381 1364 470 1426; x_wconf 88' lang='lat' dir='ltr'>tium</span> <span class='ocrx_word' id='word_1_69' title='bbox 485 1364 554 1426; x_wconf 90' lang='lat' dir='ltr'>hoc</span> <span class='ocrx_word' id='word_1_70' title='bbox 568 1363 626 1425; x_wconf 88' lang='lat' dir='ltr'>ille</span> <span class='ocrx_word' id='word_1_71' title='bbox 641 1361 776 1442; x_wconf 86' lang='lat' dir='ltr'>rejecit.</span> 
     </span>
    </p>

    <p class='ocr_par' dir='ltr' id='par_1_3' title="bbox 349 1468 1614 3140">
     <span class='ocr_line' id='line_1_10' title="bbox 440 1468 1613 1551; baseline 0 -18"><span class='ocrx_word' id='word_1_72' title='bbox 440 1469 510 1533; x_wconf 88' lang='lat'>908.</span> <span class='ocrx_word' id='word_1_73' title='bbox 554 1469 635 1551; x_wconf 92' lang='lat' dir='ltr'>Ipso</span> <span class='ocrx_word' id='word_1_74' title='bbox 661 1470 696 1531; x_wconf 93' lang='lat' dir='ltr'>in</span> <span class='ocrx_word' id='word_1_75' title='bbox 719 1469 845 1532; x_wconf 90' lang='lat' dir='ltr'>itinere</span> <span class='ocrx_word' id='word_1_76' title='bbox 873 1468 1189 1531; x_wconf 88' lang='lat' dir='ltr'>commendaverat</span> <span class='ocrx_word' id='word_1_77' title='bbox 1217 1468 1415 1549; x_wconf 88' lang='lat' dir='ltr'>Episcopus</span> <span class='ocrx_word' id='word_1_78' title='bbox 1439 1469 1613 1548; x_wconf 85' lang='lat' dir='ltr'>Magistro</span> 
     </span>
     <span class='ocr_line' id='line_1_11' title="bbox 380 1575 1614 1657; baseline -0.001 -17"><span class='ocrx_word' id='word_1_79' title='bbox 380 1577 535 1642; x_wconf 88' lang='lat' dir='ltr'>Roberto</span> <span class='ocrx_word' id='word_1_80' title='bbox 558 1578 759 1640; x_wconf 91' lang='lat' dir='ltr'>orationem</span> <span class='ocrx_word' id='word_1_81' title='bbox 774 1576 809 1638; x_wconf 95' lang='lat' dir='ltr'>in</span> <span class='ocrx_word' id='word_1_82' title='bbox 830 1575 967 1655; x_wconf 91' lang='lat' dir='ltr'>synodo</span> <span class='ocrx_word' id='word_1_83' title='bbox 983 1575 1209 1638; x_wconf 87' lang='lat' dir='ltr'>sacerdotum</span> <span class='ocrx_word' id='word_1_84' title='bbox 1228 1576 1352 1638; x_wconf 88' lang='lat' dir='ltr'>haberi</span> <span class='ocrx_word' id='word_1_85' title='bbox 1372 1576 1514 1640; x_wconf 91' lang='lat' dir='ltr'>solitam</span> <span class='ocrx_word' id='word_1_86' title='bbox 1533 1587 1614 1657; x_wconf 95' lang='lat' dir='ltr'>post</span> 
     </span>
     <span class='ocr_line' id='line_1_12' title="bbox 380 1681 1613 1763; baseline -0.002 -14"><span class='ocrx_word' id='word_1_87' title='bbox 380 1683 638 1762; x_wconf 89' lang='lat' dir='ltr'>Pentecostem,</span> <span class='ocrx_word' id='word_1_88' title='bbox 656 1684 750 1763; x_wconf 90' lang='lat' dir='ltr'>quod</span> <span class='ocrx_word' id='word_1_89' title='bbox 770 1699 899 1745; x_wconf 91' lang='lat' dir='ltr'>munus</span> <span class='ocrx_word' id='word_1_90' title='bbox 917 1682 954 1744; x_wconf 92' lang='lat' dir='ltr'>in</span> <span class='ocrx_word' id='word_1_91' title='bbox 974 1699 1013 1744; x_wconf 90' lang='lat' dir='ltr'>se</span> <span class='ocrx_word' id='word_1_92' title='bbox 1032 1683 1184 1761; x_wconf 85' lang='lat' dir='ltr'>recepit;</span> <span class='ocrx_word' id='word_1_93' title='bbox 1205 1681 1267 1744; x_wconf 91' lang='lat' dir='ltr'>sed</span> <span class='ocrx_word' id='word_1_94' title='bbox 1286 1699 1366 1745; x_wconf 91' lang='lat' dir='ltr'>cum</span> <span class='ocrx_word' id='word_1_95' title='bbox 1389 1694 1514 1763; x_wconf 90' lang='lat' dir='ltr'>postea</span> <span class='ocrx_word' id='word_1_96' title='bbox 1533 1702 1613 1748; x_wconf 92' lang='lat' dir='ltr'>eam</span> 
     </span>
     <span class='ocr_line' id='line_1_13' title="bbox 379 1788 1612 1869; baseline -0.002 -13"><span class='ocrx_word' id='word_1_97' title='bbox 379 1810 503 1856; x_wconf 90' lang='lat' dir='ltr'>curam</span> <span class='ocrx_word' id='word_1_98' title='bbox 523 1792 625 1854; x_wconf 87' lang='lat' dir='ltr'>alteri</span> <span class='ocrx_word' id='word_1_99' title='bbox 646 1790 897 1854; x_wconf 84' lang='lat' dir='ltr'>demandatam</span> <span class='ocrx_word' id='word_1_100' title='bbox 918 1807 940 1852; x_wconf 90' lang='lat' dir='ltr'>a</span> <span class='ocrx_word' id='word_1_101' title='bbox 960 1788 1108 1853; x_wconf 89' lang='lat' dir='ltr'>Vicario</span> <span class='ocrx_word' id='word_1_102' title='bbox 1130 1788 1299 1869; x_wconf 86' lang='lat' dir='ltr'>Episcopi</span> <span class='ocrx_word' id='word_1_103' title='bbox 1324 1791 1540 1869; x_wconf 85' lang='lat' dir='ltr'>rescivisset,</span> <span class='ocrx_word' id='word_1_104' title='bbox 1567 1809 1612 1854; x_wconf 90' lang='lat' dir='ltr'>ne</span> 
     </span>
     <span class='ocr_line' id='line_1_14' title="bbox 349 1896 1611 1980; baseline -0.002 -17"><span class='ocrx_word' id='word_1_105' title='bbox 349 1919 354 1927; x_wconf 82' lang='grc'>’</span> <span class='ocrx_word' id='word_1_106' title='bbox 377 1900 473 1980; x_wconf 90' lang='lat' dir='ltr'>quod</span> <span class='ocrx_word' id='word_1_107' title='bbox 488 1898 737 1962; x_wconf 87' lang='lat' dir='ltr'>offendiculum</span> <span class='ocrx_word' id='word_1_108' title='bbox 752 1905 934 1978; x_wconf 88' lang='lat' dir='ltr'>pateretur</span> <span class='ocrx_word' id='word_1_109' title='bbox 948 1897 990 1974; x_wconf 88' lang='lat' dir='ltr'>is,</span> <span class='ocrx_word' id='word_1_110' title='bbox 1008 1896 1067 1976; x_wconf 91' lang='lat' dir='ltr'>qui</span> <span class='ocrx_word' id='word_1_111' title='bbox 1082 1912 1209 1958; x_wconf 90' lang='lat' dir='ltr'>munus</span> <span class='ocrx_word' id='word_1_112' title='bbox 1220 1896 1305 1959; x_wconf 93' lang='lat' dir='ltr'>illud</span> <span class='ocrx_word' id='word_1_113' title='bbox 1320 1907 1537 1976; x_wconf 87' lang='lat' dir='ltr'>susceperat,</span> <span class='ocrx_word' id='word_1_114' title='bbox 1552 1916 1611 1979; x_wconf 89' lang='lat' dir='ltr'>pa·</span> 
     </span>
     <span class='ocr_line' id='line_1_15' title="bbox 378 2002 1610 2087; baseline -0.003 -16"><span class='ocrx_word' id='word_1_115' title='bbox 378 2009 431 2070; x_wconf 89' lang='lat' dir='ltr'>cis</span> <span class='ocrx_word' id='word_1_116' title='bbox 445 2014 634 2087; x_wconf 89' lang='lat' dir='ltr'>praetextu</span> <span class='ocrx_word' id='word_1_117' title='bbox 650 2003 820 2083; x_wconf 79' lang='lat' dir='ltr'>legitime,</span> <span class='ocrx_word' id='word_1_118' title='bbox 839 2003 883 2066; x_wconf 92' lang='lat' dir='ltr'>ab</span> <span class='ocrx_word' id='word_1_119' title='bbox 898 2002 1076 2083; x_wconf 90' lang='lat' dir='ltr'>Episcopo</span> <span class='ocrx_word' id='word_1_120' title='bbox 1098 2003 1303 2082; x_wconf 89' lang='lat' dir='ltr'>impetravit</span> <span class='ocrx_word' id='word_1_121' title='bbox 1317 2013 1365 2081; x_wconf 91' lang='lat' dir='ltr'>ut,</span> <span class='ocrx_word' id='word_1_122' title='bbox 1388 2004 1446 2066; x_wconf 93' lang='lat' dir='ltr'>cui</span> <span class='ocrx_word' id='word_1_123' title='bbox 1461 2003 1535 2082; x_wconf 76' lang='lat' dir='ltr'>eius</span> <span class='ocrx_word' id='word_1_124' title='bbox 1550 2004 1610 2067; x_wconf 92' lang='lat' dir='ltr'>Vi·</span> 
     </span>
     <span class='ocr_line' id='line_1_16' title="bbox 377 2111 1611 2190; baseline -0.002 -13"><span class='ocrx_word' id='word_1_125' title='bbox 377 2114 498 2177; x_wconf 89' lang='lat' dir='ltr'>carius</span> <span class='ocrx_word' id='word_1_126' title='bbox 511 2130 586 2175; x_wconf 87' lang='lat' dir='ltr'>rem</span> <span class='ocrx_word' id='word_1_127' title='bbox 602 2111 828 2174; x_wconf 87' lang='lat' dir='ltr'>commiserat</span> <span class='ocrx_word' id='word_1_128' title='bbox 845 2120 879 2173; x_wconf 96' lang='lat' dir='ltr'>et</span> <span class='ocrx_word' id='word_1_129' title='bbox 894 2111 1093 2172; x_wconf 89' lang='lat' dir='ltr'>orationem</span> <span class='ocrx_word' id='word_1_130' title='bbox 1108 2119 1313 2190; x_wconf 88' lang='lat' dir='ltr'>paraverat,</span> <span class='ocrx_word' id='word_1_131' title='bbox 1325 2111 1357 2173; x_wconf 91' lang='lat' dir='ltr'>ei</span> <span class='ocrx_word' id='word_1_132' title='bbox 1369 2111 1501 2175; x_wconf 90' lang='lat' dir='ltr'>habere</span> <span class='ocrx_word' id='word_1_133' title='bbox 1513 2112 1611 2175; x_wconf 92' lang='lat' dir='ltr'>illam</span> 
     </span>
     <span class='ocr_line' id='line_1_17' title="bbox 379 2217 1610 2300; baseline -0.002 -17"><span class='ocrx_word' id='word_1_134' title='bbox 379 2221 517 2300; x_wconf 89' lang='lat' dir='ltr'>publice</span> <span class='ocrx_word' id='word_1_135' title='bbox 533 2219 666 2281; x_wconf 87' lang='lat' dir='ltr'>liceret.</span> <span class='ocrx_word' id='word_1_136' title='bbox 683 2217 762 2298; x_wconf 93' lang='lat' dir='ltr'>Jam</span> <span class='ocrx_word' id='word_1_137' title='bbox 781 2234 840 2280; x_wconf 90' lang='lat' dir='ltr'>res</span> <span class='ocrx_word' id='word_1_138' title='bbox 862 2234 904 2279; x_wconf 90' lang='lat' dir='ltr'>eo</span> <span class='ocrx_word' id='word_1_139' title='bbox 925 2227 1168 2295; x_wconf 88' lang='lat' dir='ltr'>processerat,</span> <span class='ocrx_word' id='word_1_140' title='bbox 1190 2227 1230 2279; x_wconf 94' lang='lat' dir='ltr'>ut</span> <span class='ocrx_word' id='word_1_141' title='bbox 1248 2217 1341 2280; x_wconf 89' lang='lat' dir='ltr'>idem</span> <span class='ocrx_word' id='word_1_142' title='bbox 1361 2217 1530 2281; x_wconf 90' lang='lat' dir='ltr'>Vicarius</span> <span class='ocrx_word' id='word_1_143' title='bbox 1552 2218 1610 2281; x_wconf 90' lang='lat' dir='ltr'>de·</span> 
     </span>
     <span class='ocr_line' id='line_1_18' title="bbox 375 2323 1608 2405; baseline -0.002 -14"><span class='ocrx_word' id='word_1_144' title='bbox 375 2328 556 2392; x_wconf 89' lang='lat' dir='ltr'>nuntiaret</span> <span class='ocrx_word' id='word_1_145' title='bbox 571 2327 613 2401; x_wconf 92' lang='lat' dir='ltr'>ei,</span> <span class='ocrx_word' id='word_1_146' title='bbox 631 2327 691 2405; x_wconf 92' lang='lat' dir='ltr'>qui</span> <span class='ocrx_word' id='word_1_147' title='bbox 707 2325 905 2387; x_wconf 90' lang='lat' dir='ltr'>orationem</span> <span class='ocrx_word' id='word_1_148' title='bbox 919 2332 997 2386; x_wconf 91' lang='lat' dir='ltr'>erat</span> <span class='ocrx_word' id='word_1_149' title='bbox 1012 2323 1215 2402; x_wconf 90' lang='lat' dir='ltr'>habiturus,</span> <span class='ocrx_word' id='word_1_150' title='bbox 1237 2333 1275 2386; x_wconf 93' lang='lat' dir='ltr'>ut</span> <span class='ocrx_word' id='word_1_151' title='bbox 1290 2325 1335 2387; x_wconf 94' lang='lat' dir='ltr'>ab</span> <span class='ocrx_word' id='word_1_152' title='bbox 1350 2343 1393 2387; x_wconf 90' lang='lat' dir='ltr'>ea</span> <span class='ocrx_word' id='word_1_153' title='bbox 1408 2325 1608 2403; x_wconf 89' lang='lat' dir='ltr'>desisteret;</span> 
     </span>
     <span class='ocr_line' id='line_1_19' title="bbox 376 2430 1611 2510; baseline -0.002 -11"><span class='ocrx_word' id='word_1_154' title='bbox 376 2436 441 2499; x_wconf 90' lang='lat' dir='ltr'>sed</span> <span class='ocrx_word' id='word_1_155' title='bbox 463 2434 625 2496; x_wconf 88' lang='lat' dir='ltr'>omnibus</span> <span class='ocrx_word' id='word_1_156' title='bbox 647 2433 768 2495; x_wconf 88' lang='lat' dir='ltr'>nervis</span> <span class='ocrx_word' id='word_1_157' title='bbox 794 2430 977 2494; x_wconf 88' lang='lat' dir='ltr'>contendit</span> <span class='ocrx_word' id='word_1_158' title='bbox 1002 2430 1175 2510; x_wconf 83' lang='lat' dir='ltr'>Magister</span> <span class='ocrx_word' id='word_1_159' title='bbox 1198 2430 1375 2494; x_wconf 86' lang='lat' dir='ltr'>Robertus</span> <span class='ocrx_word' id='word_1_160' title='bbox 1397 2442 1436 2494; x_wconf 92' lang='lat' dir='ltr'>ut</span> <span class='ocrx_word' id='word_1_161' title='bbox 1456 2445 1611 2497; x_wconf 85' lang='lat' dir='ltr'>mentem</span> 
     </span>
     <span class='ocr_line' id='line_1_20' title="bbox 378 2538 1609 2622; baseline -0.002 -17"><span class='ocrx_word' id='word_1_162' title='bbox 378 2541 546 2622; x_wconf 89' lang='lat' dir='ltr'>Episcopi</span> <span class='ocrx_word' id='word_1_163' title='bbox 561 2539 767 2618; x_wconf 88' lang='lat' dir='ltr'>inflecteret,</span> <span class='ocrx_word' id='word_1_164' title='bbox 784 2540 904 2602; x_wconf 89' lang='lat' dir='ltr'>multis</span> <span class='ocrx_word' id='word_1_165' title='bbox 920 2538 1180 2602; x_wconf 87' lang='lat' dir='ltr'>admirantibus</span> <span class='ocrx_word' id='word_1_166' title='bbox 1196 2547 1231 2600; x_wconf 93' lang='lat' dir='ltr'>et</span> <span class='ocrx_word' id='word_1_167' title='bbox 1242 2539 1346 2602; x_wconf 91' lang='lat' dir='ltr'>simul</span> <span class='ocrx_word' id='word_1_168' title='bbox 1362 2541 1609 2604; x_wconf 85' lang='lat' dir='ltr'>commendan-</span> 
     </span>
     <span class='ocr_line' id='line_1_21' title="bbox 377 2644 1607 2729; baseline -0.002 -15"><span class='ocrx_word' id='word_1_169' title='bbox 377 2651 469 2714; x_wconf 91' lang='lat' dir='ltr'>tibus</span> <span class='ocrx_word' id='word_1_170' title='bbox 482 2647 576 2729; x_wconf 90' lang='lat' dir='ltr'>quod</span> <span class='ocrx_word' id='word_1_171' title='bbox 591 2647 684 2710; x_wconf 89' lang='lat' dir='ltr'>ultro</span> <span class='ocrx_word' id='word_1_172' title='bbox 700 2646 857 2710; x_wconf 90' lang='lat' dir='ltr'>oblatum</span> <span class='ocrx_word' id='word_1_173' title='bbox 872 2645 1044 2708; x_wconf 90' lang='lat' dir='ltr'>honorem</span> <span class='ocrx_word' id='word_1_174' title='bbox 1060 2645 1105 2708; x_wconf 94' lang='lat' dir='ltr'>ab</span> <span class='ocrx_word' id='word_1_175' title='bbox 1116 2644 1295 2726; x_wconf 90' lang='lat' dir='ltr'>Episcopo</span> <span class='ocrx_word' id='word_1_176' title='bbox 1312 2647 1415 2709; x_wconf 90' lang='lat' dir='ltr'>alteri</span> <span class='ocrx_word' id='word_1_177' title='bbox 1430 2648 1607 2728; x_wconf 89' lang='lat' dir='ltr'>cessisset,</span> 
     </span>
     <span class='ocr_line' id='line_1_22' title="bbox 376 2752 1608 2837; baseline 0 -17"><span class='ocrx_word' id='word_1_178' title='bbox 376 2774 482 2837; x_wconf 88' lang='lat' dir='ltr'>quem</span> <span class='ocrx_word' id='word_1_179' title='bbox 509 2754 642 2819; x_wconf 91' lang='lat' dir='ltr'>ambire</span> <span class='ocrx_word' id='word_1_180' title='bbox 660 2753 790 2816; x_wconf 91' lang='lat' dir='ltr'>ibidem</span> <span class='ocrx_word' id='word_1_181' title='bbox 813 2753 980 2831; x_wconf 91' lang='lat' dir='ltr'>precibus</span> <span class='ocrx_word' id='word_1_182' title='bbox 1003 2761 1037 2814; x_wconf 90' lang='lat' dir='ltr'>et</span> <span class='ocrx_word' id='word_1_183' title='bbox 1057 2752 1235 2832; x_wconf 90' lang='lat' dir='ltr'>obsequiis</span> <span class='ocrx_word' id='word_1_184' title='bbox 1255 2754 1315 2816; x_wconf 91' lang='lat' dir='ltr'>alii</span> <span class='ocrx_word' id='word_1_185' title='bbox 1336 2755 1508 2818; x_wconf 88' lang='lat' dir='ltr'>solebant.</span> <span class='ocrx_word' id='word_1_186' title='bbox 1529 2754 1608 2820; x_wconf 93' lang='lat' dir='ltr'>Non</span> 
     </span>
     <span class='ocr_line' id='line_1_23' title="bbox 375 2858 1607 2942; baseline -0.001 -16"><span class='ocrx_word' id='word_1_187' title='bbox 375 2873 495 2927; x_wconf 90' lang='lat' dir='ltr'>tamen</span> <span class='ocrx_word' id='word_1_188' title='bbox 507 2861 673 2924; x_wconf 90' lang='lat' dir='ltr'>immunis</span> <span class='ocrx_word' id='word_1_189' title='bbox 685 2860 827 2922; x_wconf 91' lang='lat' dir='ltr'>omnino</span> <span class='ocrx_word' id='word_1_190' title='bbox 841 2860 956 2922; x_wconf 91' lang='lat' dir='ltr'>evasit</span> <span class='ocrx_word' id='word_1_191' title='bbox 968 2859 1140 2938; x_wconf 84' lang='lat' dir='ltr'>magister</span> <span class='ocrx_word' id='word_1_192' title='bbox 1151 2858 1339 2937; x_wconf 78' lang='lat' dir='ltr'>RobertuS,</span> <span class='ocrx_word' id='word_1_193' title='bbox 1349 2878 1432 2924; x_wconf 93' lang='lat' dir='ltr'>nam</span> <span class='ocrx_word' id='word_1_194' title='bbox 1444 2864 1607 2942; x_wconf 84' lang='lat' dir='ltr'>proximo</span> 
     </span>
     <span class='ocr_line' id='line_1_24' title="bbox 377 2965 1607 3049; baseline 0.001 -17"><span class='ocrx_word' id='word_1_195' title='bbox 377 2969 523 3033; x_wconf 92' lang='lat' dir='ltr'>Octobri</span> <span class='ocrx_word' id='word_1_196' title='bbox 541 2986 659 3031; x_wconf 89' lang='lat' dir='ltr'>mense</span> <span class='ocrx_word' id='word_1_197' title='bbox 677 2966 744 3029; x_wconf 92' lang='lat' dir='ltr'>hoc</span> <span class='ocrx_word' id='word_1_198' title='bbox 760 2983 888 3029; x_wconf 92' lang='lat' dir='ltr'>munus</span> <span class='ocrx_word' id='word_1_199' title='bbox 903 2983 942 3028; x_wconf 91' lang='lat' dir='ltr'>se</span> <span class='ocrx_word' id='word_1_200' title='bbox 957 2965 1155 3028; x_wconf 88' lang='lat' dir='ltr'>subiturum</span> <span class='ocrx_word' id='word_1_201' title='bbox 1176 2966 1212 3028; x_wconf 92' lang='lat' dir='ltr'>in</span> <span class='ocrx_word' id='word_1_202' title='bbox 1230 2967 1299 3029; x_wconf 90' lang='lat' dir='ltr'>alia</span> <span class='ocrx_word' id='word_1_203' title='bbox 1315 2969 1453 3048; x_wconf 89' lang='lat' dir='ltr'>synodo</span> <span class='ocrx_word' id='word_1_204' title='bbox 1468 2972 1607 3049; x_wconf 90' lang='lat' dir='ltr'>pollice·</span> 
     </span>
     <span class='ocr_line' id='line_1_25' title="bbox 375 3074 577 3140; baseline -0.015 0"><span class='ocrx_word' id='word_1_205' title='bbox 375 3077 407 3140; x_wconf 92' lang='lat' dir='ltr'>ri</span> <span class='ocrx_word' id='word_1_206' title='bbox 422 3076 540 3140; x_wconf 90' lang='lat' dir='ltr'>debuit</span> <span class='ocrx_word' id='word_1_207' title='bbox 555 3074 577 3137; x_wconf 81' lang='grc'>’.</span> 
     </span>
    </p>

    <p class='ocr_par' dir='ltr' id='par_1_4' title="bbox 370 3178 1608 4121">
     <span class='ocr_line' id='line_1_26' title="bbox 415 3178 1608 3263; baseline 0 -16"><span class='ocrx_word' id='word_1_208' title='bbox 415 3182 486 3247; x_wconf 88' lang='lat'><strong>909.</strong></span> <span class='ocrx_word' id='word_1_209' title='bbox 530 3182 618 3245; x_wconf 92' lang='lat' dir='ltr'>Cum</span> <span class='ocrx_word' id='word_1_210' title='bbox 634 3181 680 3244; x_wconf 91' lang='lat' dir='ltr'>ad</span> <span class='ocrx_word' id='word_1_211' title='bbox 695 3180 864 3260; x_wconf 91' lang='lat' dir='ltr'>oppidum</span> <span class='ocrx_word' id='word_1_212' title='bbox 885 3178 1102 3258; x_wconf 92' lang='lat' dir='ltr'>Euscopiam</span> <span class='ocrx_word' id='word_1_213' title='bbox 1122 3180 1373 3260; x_wconf 80' lang='lat' dir='ltr'>(Beoreghart</span> <span class='ocrx_word' id='word_1_214' title='bbox 1395 3181 1407 3213; x_wconf 82' lang='lat'>³</span> <span class='ocrx_word' id='word_1_215' title='bbox 1423 3186 1531 3263; x_wconf 84' lang='lat' dir='ltr'>vulgo</span> <span class='ocrx_word' id='word_1_216' title='bbox 1546 3204 1608 3247; x_wconf 86' lang='lat' dir='ltr'>vo·</span> 
     </span>
     <span class='ocr_line' id='line_1_27' title="bbox 375 3285 1607 3369; baseline 0.002 -16"><span class='ocrx_word' id='word_1_217' title='bbox 375 3290 471 3369; x_wconf 89' lang='lat' dir='ltr'>cant)</span> <span class='ocrx_word' id='word_1_218' title='bbox 487 3288 556 3351; x_wconf 65' lang='grc' dir='ltr'>24.α</span> <span class='ocrx_word' id='word_1_219' title='bbox 571 3286 656 3366; x_wconf 87' lang='lat' dir='ltr'>Maji</span> <span class='ocrx_word' id='word_1_220' title='bbox 674 3286 935 3365; x_wconf 88' lang='lat' dir='ltr'>pervenissent,</span> <span class='ocrx_word' id='word_1_221' title='bbox 957 3285 1017 3348; x_wconf 92' lang='lat' dir='ltr'>ubi</span> <span class='ocrx_word' id='word_1_222' title='bbox 1036 3285 1236 3366; x_wconf 90' lang='lat' dir='ltr'>Episcopus</span> <span class='ocrx_word' id='word_1_223' title='bbox 1255 3288 1375 3351; x_wconf 87' lang='lat' dir='ltr'>sedem</span> <span class='ocrx_word' id='word_1_224' title='bbox 1393 3289 1502 3369; x_wconf 85' lang='lat' dir='ltr'>figere</span> <span class='ocrx_word' id='word_1_225' title='bbox 1526 3310 1607 3355; x_wconf 91' lang='lat' dir='ltr'>con-</span> 
     </span>
     <span class='ocr_line' id='line_1_28' title="bbox 374 3392 1607 3478; baseline 0.002 -18"><span class='ocrx_word' id='word_1_226' title='bbox 374 3396 503 3474; x_wconf 90' lang='lat' dir='ltr'>suevit,</span> <span class='ocrx_word' id='word_1_227' title='bbox 521 3394 691 3475; x_wconf 89' lang='lat' dir='ltr'>postridie</span> <span class='ocrx_word' id='word_1_228' title='bbox 707 3392 798 3471; x_wconf 90' lang='lat' dir='ltr'>(dies</span> <span class='ocrx_word' id='word_1_229' title='bbox 816 3392 910 3455; x_wconf 90' lang='lat' dir='ltr'>enim</span> <span class='ocrx_word' id='word_1_230' title='bbox 925 3400 1003 3454; x_wconf 88' lang='lat' dir='ltr'>erat</span> <span class='ocrx_word' id='word_1_231' title='bbox 1018 3392 1244 3471; x_wconf 83' lang='lat' dir='ltr'>dominicus),</span> <span class='ocrx_word' id='word_1_232' title='bbox 1262 3395 1414 3473; x_wconf 90' lang='lat' dir='ltr'>primam</span> <span class='ocrx_word' id='word_1_233' title='bbox 1429 3397 1465 3460; x_wconf 92' lang='lat' dir='ltr'>in</span> <span class='ocrx_word' id='word_1_234' title='bbox 1484 3415 1607 3478; x_wconf 89' lang='lat' dir='ltr'>paroe-</span> 
     </span>
     <span class='ocr_line' id='line_1_29' title="bbox 376 3498 1606 3580; baseline 0.001 -13"><span class='ocrx_word' id='word_1_235' title='bbox 376 3505 431 3567; x_wconf 91' lang='lat' dir='ltr'>cia</span> <span class='ocrx_word' id='word_1_236' title='bbox 447 3502 540 3566; x_wconf 92' lang='lat' dir='ltr'>illius</span> <span class='ocrx_word' id='word_1_237' title='bbox 556 3502 623 3563; x_wconf 92' lang='lat' dir='ltr'>loci</span> <span class='ocrx_word' id='word_1_238' title='bbox 640 3499 763 3563; x_wconf 91' lang='lat' dir='ltr'>habuit</span> <span class='ocrx_word' id='word_1_239' title='bbox 779 3498 987 3562; x_wconf 91' lang='lat' dir='ltr'>concionem</span> <span class='ocrx_word' id='word_1_240' title='bbox 1007 3515 1131 3562; x_wconf 90' lang='lat' dir='ltr'>coram</span> <span class='ocrx_word' id='word_1_241' title='bbox 1145 3500 1310 3580; x_wconf 91' lang='lat' dir='ltr'>Episcopi</span> <span class='ocrx_word' id='word_1_242' title='bbox 1326 3502 1461 3567; x_wconf 86' lang='lat' dir='ltr'>familia</span> <span class='ocrx_word' id='word_1_243' title='bbox 1483 3514 1518 3567; x_wconf 92' lang='lat' dir='ltr'>et</span> <span class='ocrx_word' id='word_1_244' title='bbox 1539 3505 1606 3569; x_wconf 83' lang='lat' dir='ltr'>ire·</span> 
     </span>
     <span class='ocr_line' id='line_1_30' title="bbox 374 3604 1605 3693; baseline 0 -18"><span class='ocrx_word' id='word_1_245' title='bbox 374 3610 606 3693; x_wconf 90' lang='lat' dir='ltr'>quentissima</span> <span class='ocrx_word' id='word_1_246' title='bbox 632 3608 814 3670; x_wconf 91' lang='lat' dir='ltr'>hominurn</span> <span class='ocrx_word' id='word_1_247' title='bbox 840 3605 955 3683; x_wconf 88' lang='lat' dir='ltr'>turba,</span> <span class='ocrx_word' id='word_1_248' title='bbox 982 3614 1017 3667; x_wconf 89' lang='lat' dir='ltr'>et</span> <span class='ocrx_word' id='word_1_249' title='bbox 1042 3604 1244 3671; x_wconf 88' lang='lat' dir='ltr'>auditorum</span> <span class='ocrx_word' id='word_1_250' title='bbox 1269 3611 1512 3674; x_wconf 92' lang='lat' dir='ltr'>consolatione</span> <span class='ocrx_word' id='word_1_251' title='bbox 1533 3630 1605 3676; x_wconf 91' lang='lat' dir='ltr'>non</span> 
     </span>
     <span class='ocr_line' id='line_1_31' title="bbox 374 3712 1605 3798; baseline 0.001 -16"><span class='ocrx_word' id='word_1_252' title='bbox 374 3719 517 3797; x_wconf 82' lang='lat' dir='ltr'>exigua.</span> <span class='ocrx_word' id='word_1_253' title='bbox 534 3714 682 3791; x_wconf 88' lang='lat' dir='ltr'>Deinde,</span> <span class='ocrx_word' id='word_1_254' title='bbox 700 3713 892 3776; x_wconf 86' lang='lat' dir='ltr'>comitante</span> <span class='ocrx_word' id='word_1_255' title='bbox 908 3713 1046 3775; x_wconf 90' lang='lat' dir='ltr'>medico</span> <span class='ocrx_word' id='word_1_256' title='bbox 1062 3712 1242 3794; x_wconf 87' lang='lat' dir='ltr'>Episcopi,</span> <span class='ocrx_word' id='word_1_257' title='bbox 1264 3715 1449 3781; x_wconf 90' lang='lat' dir='ltr'>Billionem</span> <span class='ocrx_word' id='word_1_258' title='bbox 1470 3727 1605 3798; x_wconf 89' lang='lat' dir='ltr'>postre-</span> 
     </span>
     <span class='ocr_line' id='line_1_32' title="bbox 372 3819 1604 3901; baseline 0 -12"><span class='ocrx_word' id='word_1_259' title='bbox 372 3844 432 3889; x_wconf 90' lang='lat' dir='ltr'>ma</span> <span class='ocrx_word' id='word_1_260' title='bbox 447 3826 503 3888; x_wconf 90' lang='lat' dir='ltr'>die</span> <span class='ocrx_word' id='word_1_261' title='bbox 519 3822 603 3901; x_wconf 78' lang='lat' dir='ltr'>Maii</span> <span class='ocrx_word' id='word_1_262' title='bbox 623 3823 805 3900; x_wconf 83' lang='lat' dir='ltr'>ingressus</span> <span class='ocrx_word' id='word_1_263' title='bbox 821 3829 884 3883; x_wconf 91' lang='lat' dir='ltr'>est.</span> <span class='ocrx_word' id='word_1_264' title='bbox 907 3820 1039 3882; x_wconf 87' lang='lat' dir='ltr'>Ibidem</span> <span class='ocrx_word' id='word_1_265' title='bbox 1059 3819 1156 3883; x_wconf 83' lang='lat' dir='ltr'>feriis</span> <span class='ocrx_word' id='word_1_266' title='bbox 1177 3820 1403 3888; x_wconf 90' lang='lat' dir='ltr'>Pentecostes</span> <span class='ocrx_word' id='word_1_267' title='bbox 1417 3826 1604 3889; x_wconf 88' lang='lat' dir='ltr'>conciona-</span> 
     </span>
     <span class='ocr_line' id='line_1_33' title="bbox 371 3927 1604 4007; baseline 0.002 -11"><span class='ocrx_word' id='word_1_268' title='bbox 371 3935 486 3997; x_wconf 90' lang='lat' dir='ltr'>batur.</span> <span class='ocrx_word' id='word_1_269' title='bbox 504 3931 676 3994; x_wconf 91' lang='lat' dir='ltr'>Triduum</span> <span class='ocrx_word' id='word_1_270' title='bbox 692 3937 809 3991; x_wconf 87' lang='lat' dir='ltr'>autem</span> <span class='ocrx_word' id='word_1_271' title='bbox 825 3928 861 3990; x_wconf 93' lang='lat' dir='ltr'>in</span> <span class='ocrx_word' id='word_1_272' title='bbox 877 3946 918 3989; x_wconf 86' lang='lat' dir='ltr'>ca</span> <span class='ocrx_word' id='word_1_273' title='bbox 931 3927 1019 3989; x_wconf 89' lang='lat' dir='ltr'>urbe</span> <span class='ocrx_word' id='word_1_274' title='bbox 1031 3930 1265 3992; x_wconf 89' lang='lat' dir='ltr'>concionatus</span> <span class='ocrx_word' id='word_1_275' title='bbox 1277 3944 1341 4007; x_wconf 89' lang='lat' dir='ltr'>est,</span> <span class='ocrx_word' id='word_1_276' title='bbox 1356 3950 1437 3995; x_wconf 91' lang='lat' dir='ltr'>cum</span> <span class='ocrx_word' id='word_1_277' title='bbox 1447 3934 1604 3998; x_wconf 85' lang='lat' dir='ltr'>maximo</span> 
     </span>
     <span class='ocr_line' id='line_1_34' title="bbox 370 4035 1604 4121; baseline 0.001 -18"><span class='ocrx_word' id='word_1_278' title='bbox 370 4040 489 4121; x_wconf 91' lang='lat' dir='ltr'>populi</span> <span class='ocrx_word' id='word_1_279' title='bbox 507 4038 673 4100; x_wconf 86' lang='lat' dir='ltr'>confluxu</span> <span class='ocrx_word' id='word_1_280' title='bbox 689 4045 723 4097; x_wconf 90' lang='lat' dir='ltr'>et</span> <span class='ocrx_word' id='word_1_281' title='bbox 739 4036 928 4115; x_wconf 89' lang='lat' dir='ltr'>applausu,</span> <span class='ocrx_word' id='word_1_282' title='bbox 952 4035 1041 4097; x_wconf 89' lang='lat' dir='ltr'>adeo</span> <span class='ocrx_word' id='word_1_283' title='bbox 1059 4046 1095 4096; x_wconf 92' lang='lat' dir='ltr'>ut</span> <span class='ocrx_word' id='word_1_284' title='bbox 1116 4053 1187 4097; x_wconf 89' lang='lat' dir='ltr'>non</span> <span class='ocrx_word' id='word_1_285' title='bbox 1209 4038 1373 4101; x_wconf 88' lang='lat' dir='ltr'>deessent</span> <span class='ocrx_word' id='word_1_286' title='bbox 1394 4040 1453 4119; x_wconf 91' lang='lat' dir='ltr'>qui</span> <span class='ocrx_word' id='word_1_287' title='bbox 1474 4042 1604 4104; x_wconf 88' lang='lat' dir='ltr'>clama·</span> 
     </span>
    </p>
   </div>
   <div class='ocr_carea' id='block_1_3' title="bbox 381 4199 576 4208">
    <p class='ocr_par' dir='ltr' id='par_1_5' title="bbox 381 4199 576 4208">
     <span class='ocr_line' id='line_1_35' title="bbox 381 4199 576 4208; baseline -0.005 0"><span class='ocrx_word' id='word_1_288' title='bbox 381 4199 576 4208; x_wconf 74' lang='lat'><strong>-—-———--</strong></span> 
     </span>
    </p>
   </div>
   <div class='ocr_carea' id='block_1_4' title="bbox 367 4272 1606 4757">
    <p class='ocr_par' dir='ltr' id='par_1_6' title="bbox 367 4272 1606 4615">
     <span class='ocr_line' id='line_1_36' title="bbox 411 4272 1606 4337; baseline 0.004 -16"><span class='ocrx_word' id='word_1_289' title='bbox 411 4280 418 4309; x_wconf 79' lang='lat'><strong>¹</strong></span> <span class='ocrx_word' id='word_1_290' title='bbox 449 4278 553 4321; x_wconf 81' lang='lat' dir='ltr'>Rectlor</span> <span class='ocrx_word' id='word_1_291' title='bbox 570 4284 595 4318; x_wconf 87' lang='lat' dir='ltr'>et</span> <span class='ocrx_word' id='word_1_292' title='bbox 611 4276 715 4319; x_wconf 83' lang='lat' dir='ltr'>brevior</span> <span class='ocrx_word' id='word_1_293' title='bbox 728 4275 770 4317; x_wconf 82' lang='lat' dir='ltr'>via</span> <span class='ocrx_word' id='word_1_294' title='bbox 787 4274 895 4317; x_wconf 82' lang='lat' dir='ltr'>Parisiis</span> <span class='ocrx_word' id='word_1_295' title='bbox 911 4272 1105 4317; x_wconf 84' lang='lat' dir='ltr'>Claramonrem</span> <span class='ocrx_word' id='word_1_296' title='bbox 1122 4276 1240 4320; x_wconf 81' lang='lat' dir='ltr'>euntibus</span> <span class='ocrx_word' id='word_1_297' title='bbox 1251 4278 1296 4321; x_wconf 83' lang='lat' dir='ltr'>lna</span> <span class='ocrx_word' id='word_1_298' title='bbox 1313 4279 1391 4323; x_wconf 82' lang='lat' dir='ltr'>inisse</span> <span class='ocrx_word' id='word_1_299' title='bbox 1407 4282 1518 4334; x_wconf 84' lang='lat' dir='ltr'>videtur,</span> <span class='ocrx_word' id='word_1_300' title='bbox 1529 4294 1606 4337; x_wconf 77' lang='lat' dir='ltr'>quae,</span> 
     </span>
     <span class='ocr_line' id='line_1_37' title="bbox 368 4344 1605 4408; baseline 0.005 -16"><span class='ocrx_word' id='word_1_301' title='bbox 368 4356 474 4404; x_wconf 75' lang='lat' dir='ltr'>praeter</span> <span class='ocrx_word' id='word_1_302' title='bbox 486 4349 538 4392; x_wconf 80' lang='lat' dir='ltr'>alia</span> <span class='ocrx_word' id='word_1_303' title='bbox 548 4349 630 4401; x_wconf 81' lang='lat' dir='ltr'>plura,</span> <span class='ocrx_word' id='word_1_304' title='bbox 643 4346 777 4401; x_wconf 84' lang='lat' dir='ltr'>sequentia</span> <span class='ocrx_word' id='word_1_305' title='bbox 788 4346 895 4399; x_wconf 79' lang='lat' dir='ltr'>attingit</span> <span class='ocrx_word' id='word_1_306' title='bbox 904 4347 969 4388; x_wconf 81' lang='lat' dir='ltr'>loca:</span> <span class='ocrx_word' id='word_1_307' title='bbox 979 4344 1192 4397; x_wconf 84' lang='lat' dir='ltr'>Fontalnebleau,</span> <span class='ocrx_word' id='word_1_308' title='bbox 1201 4348 1334 4403; x_wconf 85' lang='lat' dir='ltr'>Nemonrs,</span> <span class='ocrx_word' id='word_1_309' title='bbox 1343 4351 1493 4407; x_wconf 70' lang='lat' dir='ltr'>llontargls,</span> <span class='ocrx_word' id='word_1_310' title='bbox 1503 4354 1605 4408; x_wconf 81' lang='lat' dir='ltr'>Brlare,</span> 
     </span>
     <span class='ocr_line' id='line_1_38' title="bbox 370 4416 1604 4480; baseline 0.005 -16"><span class='ocrx_word' id='word_1_311' title='bbox 370 4421 470 4476; x_wconf 86' lang='lat' dir='ltr'>Neuvy.</span> <span class='ocrx_word' id='word_1_312' title='bbox 481 4418 576 4471; x_wconf 74' lang='lat' dir='ltr'>lieven,</span> <span class='ocrx_word' id='word_1_313' title='bbox 587 4420 613 4461; x_wconf 85' lang='lat' dir='ltr'>la</span> <span class='ocrx_word' id='word_1_314' title='bbox 624 4418 740 4471; x_wconf 79' lang='lat' dir='ltr'>Charite,</span> <span class='ocrx_word' id='word_1_315' title='bbox 749 4416 858 4471; x_wconf 85' lang='lat' dir='ltr'>Nevers,</span> <span class='ocrx_word' id='word_1_316' title='bbox 867 4416 906 4460; x_wconf 78' lang='lat' dir='ltr'>St.</span> <span class='ocrx_word' id='word_1_317' title='bbox 917 4416 1012 4459; x_wconf 82' lang='lat' dir='ltr'>Pierre</span> <span class='ocrx_word' id='word_1_318' title='bbox 1023 4416 1048 4459; x_wconf 82' lang='lat' dir='ltr'>le</span> <span class='ocrx_word' id='word_1_319' title='bbox 1056 4416 1180 4466; x_wconf 76' lang='lat' dir='ltr'>Mottlier,</span> <span class='ocrx_word' id='word_1_320' title='bbox 1188 4418 1305 4475; x_wconf 84' lang='lat' dir='ltr'>hloulins,</span> <span class='ocrx_word' id='word_1_321' title='bbox 1315 4421 1352 4465; x_wconf 88' lang='lat' dir='ltr'>St.</span> <span class='ocrx_word' id='word_1_322' title='bbox 1362 4422 1497 4474; x_wconf 82' lang='lat' dir='ltr'>Pourcain,</span> <span class='ocrx_word' id='word_1_323' title='bbox 1507 4425 1604 4480; x_wconf 83' lang='lat' dir='ltr'>Ganat,</span> 
     </span>
     <span class='ocr_line' id='line_1_39' title="bbox 370 4486 1604 4547; baseline 0.005 -12"><span class='ocrx_word' id='word_1_324' title='bbox 370 4490 453 4539; x_wconf 87' lang='lat' dir='ltr'>Riom.</span> <span class='ocrx_word' id='word_1_325' title='bbox 464 4490 605 4533; x_wconf 80' lang='lat' dir='ltr'>clermont.</span> <span class='ocrx_word' id='word_1_326' title='bbox 615 4488 653 4531; x_wconf 88' lang='lat' dir='ltr'>La</span> <span class='ocrx_word' id='word_1_327' title='bbox 665 4489 769 4532; x_wconf 82' lang='lat' dir='ltr'>France</span> <span class='ocrx_word' id='word_1_328' title='bbox 779 4488 868 4531; x_wconf 67' lang='lat' dir='ltr'>divisa</span> <span class='ocrx_word' id='word_1_329' title='bbox 876 4493 931 4541; x_wconf 82' lang='lat' dir='ltr'>par</span> <span class='ocrx_word' id='word_1_330' title='bbox 940 4486 1126 4530; x_wconf 81' lang='lat' dir='ltr'>Provincesou</span> <span class='ocrx_word' id='word_1_331' title='bbox 1137 4488 1366 4537; x_wconf 80' lang='lat' dir='ltr'>Gouvernements</span> <span class='ocrx_word' id='word_1_332' title='bbox 1374 4496 1530 4547; x_wconf 78' lang='lat' dir='ltr'>militaires,</span> <span class='ocrx_word' id='word_1_333' title='bbox 1538 4507 1604 4541; x_wconf 82' lang='lat' dir='ltr'>avec</span> 
     </span>
     <span class='ocr_line' id='line_1_40' title="bbox 367 4558 1266 4615; baseline 0 -9"><span class='ocrx_word' id='word_1_334' title='bbox 367 4564 409 4607; x_wconf 81' lang='lat' dir='ltr'>les</span> <span class='ocrx_word' id='word_1_335' title='bbox 420 4562 530 4611; x_wconf 84' lang='lat' dir='ltr'>Routes,</span> <span class='ocrx_word' id='word_1_336' title='bbox 540 4562 675 4604; x_wconf 73' lang='lat' dir='ltr'>dressdo...</span> <span class='ocrx_word' id='word_1_337' title='bbox 684 4566 738 4615; x_wconf 83' lang='lat' dir='ltr'>par</span> <span class='ocrx_word' id='word_1_338' title='bbox 747 4560 772 4602; x_wconf 86' lang='lat' dir='ltr'>le</span> <span class='ocrx_word' id='word_1_339' title='bbox 783 4560 824 4601; x_wconf 85' lang='lat' dir='ltr'>Sr.</span> <span class='ocrx_word' id='word_1_340' title='bbox 835 4558 962 4614; x_wconf 81' lang='lat' dir='ltr'>Janvr&#39;er,</span> <span class='ocrx_word' id='word_1_341' title='bbox 972 4558 1164 4613; x_wconf 67' lang='lat' dir='ltr'>Geograpam</span> <span class='ocrx_word' id='word_1_342' title='bbox 1178 4560 1266 4606; x_wconf 76' lang='lat' dir='ltr'>Paris.</span> 
     </span>
    </p>

    <p class='ocr_par' dir='ltr' id='par_1_7' title="bbox 409 4631 696 4678">
     <span class='ocr_line' id='line_1_41' title="bbox 409 4631 696 4678; baseline 0 -3"><span class='ocrx_word' id='word_1_343' title='bbox 409 4634 420 4665; x_wconf 82' lang='lat'><strong>¹</strong></span> <span class='ocrx_word' id='word_1_344' title='bbox 448 4631 696 4678; x_wconf 63' lang='lat' dir='ltr'>Vldcinira.n,934.</span> 
     </span>
    </p>

    <p class='ocr_par' dir='ltr' id='par_1_8' title="bbox 409 4702 845 4757">
     <span class='ocr_line' id='line_1_42' title="bbox 409 4702 845 4757; baseline -0.007 -9"><span class='ocrx_word' id='word_1_345' title='bbox 409 4705 421 4736; x_wconf 81' lang='lat'><strong>³</strong></span> <span class='ocrx_word' id='word_1_346' title='bbox 449 4702 499 4757; x_wconf 90' lang='lat' dir='ltr'>Sic;</span> <span class='ocrx_word' id='word_1_347' title='bbox 511 4708 550 4746; x_wconf 87' lang='lat' dir='ltr'>est</span> <span class='ocrx_word' id='word_1_348' title='bbox 561 4712 649 4746; x_wconf 87' lang='lat' dir='ltr'>autern</span> <span class='ocrx_word' id='word_1_349' title='bbox 660 4702 845 4756; x_wconf 77' lang='lat' dir='ltr'>Beauregard.</span> 
     </span>
    </p>
   </div>
   <div class='ocr_carea' id='block_1_5' title="bbox 0 0 1864 5400">
    <p class='ocr_par' dir='ltr' id='par_1_9' title="bbox 0 0 1864 5400">
     <span class='ocr_line' id='line_1_43' title="bbox 0 0 1864 5400; baseline 0 6"><span class='ocrx_word' id='word_1_350' title='bbox 0 0 1864 5400; x_wconf 95' lang='lat' dir='ltr'> </span> 
     </span>
    </p>
   </div>
  </div>
 </body>
</html>
