3717 5400
796 502 860 560 Aa.
883 503 954 560 tan
1434 502 1491 563 393

255 663 340 711 sare
355 647 449 712 soliti
463 659 575 723 erant,
592 657 627 711 et
642 664 789 712 causam
804 649 873 712 litis
888 649 924 711 in
940 647 1260 729 Archiepiscopum
1277 652 1316 712 et'
1334 646 1410 728 ejus
1425 648 1487 712 Vi·

257 755 395 818 carium
410 754 617 836 rejiciebant
634 755 656 818 ¹.

323 861 411 925 1062.
454 861 572 926 Tenor
587 879 674 940 ergo
690 863 806 941 edicti,
824 863 917 944 quod
933 863 1137 944 praedictus
1152 863 1320 927 Vicarius
1331 863 1489 926 Genera-

259 970 303 1032 lis
318 970 451 1034 nostris
465 970 577 1050 portis
591 968 713 1048 affixit,
731 970 788 1033 hic
802 981 890 1034 erat.
910 969 1020 1050 “Quia
1035 971 1177 1052 quidam
1191 970 1324 1048 clerici,
1342 969 1488 1050 propria

256 1077 481 1155 auctoritate,
499 1079 694 1158 postposito
709 1077 776 1141 Dei
790 1079 927 1154 timore,
956 1079 1083 1142 missas
1107 1078 1283 1153 dicebant,
1306 1076 1487 1158 praedica-

257 1183 345 1247 bant
370 1195 405 1247 et
429 1195 652 1248 sacramenta
680 1185 927 1248 ministrabant
953 1185 989 1248 in
1014 1183 1162 1266 profana
1189 1184 1343 1265 quadam
1368 1185 1486 1263 domo,

261 1291 356 1370 quod
378 1292 617 1372 praecipiebat
640 1293 802 1355 omnibus
824 1292 1035 1356 Rectoribus
1055 1302 1089 1354 et
1109 1291 1266 1355 Vicariis
1290 1304 1328 1354 ut
1352 1293 1388 1354 in
1414 1292 1488 1356 suis

255 1399 421 1462 ecclesiis
446 1399 666 1478 publicarent
690 1417 734 1461 nc
760 1401 946 1479 quisquam
972 1398 1018 1462 ad
1044 1399 1186 1479 aliquod
1209 1417 1255 1462 ex
1280 1399 1488 1465 ministeriis

259 1505 452 1584 praedictis
468 1507 503 1568 in
518 1506 660 1569 domum
676 1506 896 1585 praedictam
911 1507 1066 1583 veniret,
1082 1517 1117 1568 et
1138 1507 1168 1569 si
1184 1508 1262 1586 quis
1278 1507 1380 1569 aliter
1394 1505 1487 1569 face-

259 1624 313 1676 ret
327 1613 363 1676 in
379 1614 783 1677 excommunicationem
802 1614 1005 1691 incideret,

323 1720 409 1784 1063.
454 1719 534 1784 Fuit
549 1731 668 1783 autem
683 1720 750 1784 hoc
765 1722 947 1784 decretum
962 1739 1095 1801 magno
1109 1721 1321 1785 offendiculo
1336 1723 1486 1800 civitati;

259 1839 390 1892 etcum
408 1827 552 1892 Pro-rex
569 1840 604 1890 et
619 1828 680 1891 alii
693 1828 854 1908 primarii
868 1828 938 1890 viri
957 1832 1099 1908 saepius
1120 1839 1324 1893 nostrorum
1345 1830 1487 1893 nomine

255 1953 281 1997 a
296 1935 443 1999 Vicario
458 1937 697 2016 postulassent
712 1945 750 1998 ut
765 1935 850 1998 illud
865 1937 1020 1999 edictum
1035 1949 1234 2013 revocaret,
1256 1947 1290 1999 et
1312 1937 1357 2000 ad
1378 1937 1414 2000 id
1435 1937 1488 2000 lit·

257 2053 356 2106 teras
370 2041 598 2122 Apostolicas
612 2041 799 2106 Societatis
814 2044 1052 2120 ostenderent,
1069 2044 1255 2124 exquibus
1277 2045 1321 2107 de
1339 2043 1487 2107 faculta-

259 2160 306 2226 te,
324 2166 429 2230 quam
443 2150 631 2228 habebant,
649 2160 840 2229 constaret,
867 2151 1004 2214 litteras
1025 2152 1165 2231 quidem
1189 2151 1332 2214 retinuit
1354 2151 1487 2230 aliquot

254 2256 335 2319 dies
346 2266 381 2320 et
396 2255 537 2321 officiali
548 2256 819 2338 Archiepiscopi
831 2258 995 2336 ostendit;
1008 2275 1191 2339 nunquam
1203 2269 1321 2321 tamen
1332 2257 1488 2320 edictum

260 2380 432 2426 revocare
446 2365 569 2427 voluit.
586 2363 776 2444 Suspendit
790 2374 909 2428 tamen
924 2364 1001 2445 ejus
1015 2365 1289 2445 publicationem
1310 2381 1372 2444 per
1391 2365 1489 2427 vica·

258 2471 333 2534 rios
348 2472 384 2534 in
399 2472 560 2535 ecclesiis
579 2470 795 2551 faciendam,
813 2482 847 2536 et
866 2489 947 2536 cum
967 2483 1147 2553 peteretur
1165 2472 1319 2536 facultas
1337 2470 1383 2534 ad
1405 2488 1486 2535 con·

255 2577 471 2641 cionandum
486 2595 551 2658 pro
567 2579 604 2642 P.
622 2577 832 2657 Santander,
850 2589 884 2642 et
905 2580 1046 2661 quidem
1067 2596 1139 2642 non
1160 2580 1280 2657 semel,
1304 2595 1485 2659 nunquam

255 2704 338 2749 eam
352 2686 463 2749 voluit
478 2687 690 2766 concedere;
706 2687 870 2769 quamvis
891 2688 1128 2766 examinator,
1153 2704 1257 2768 quem
1276 2686 1487 2767 designabat

258 2792 562 2874 Archiepiscopus
582 2795 613 2872 (a
634 2812 704 2875 quo
725 2796 836 2858 noluit
856 2795 893 2859 P.
918 2794 1056 2858 Roman
1079 2805 1240 2859 nostrum
1261 2794 1486 2857 concionato-

259 2915 334 2962 rem
351 2900 572 2979 examinari),
595 2900 684 2963 dixit
707 2903 947 2965 necessariam
970 2902 1071 2965 nobis
1093 2920 1164 2965 non
1186 2920 1264 2965 esse
1285 2900 1486 2981 huiusmodi

257 3004 476 3085 facultatem,
495 3018 528 3070 et
543 3009 591 3072 ita
608 3009 840 3071 concionatus
855 3019 908 3072 est
919 3010 956 3071 in
971 3009 1094 3072 eodem
1109 3023 1230 3073 nostro
1246 3011 1390 3088 sacello,
1407 3026 1488 3073 cum

259 3115 347 3177 satis
367 3132 497 3195 magna
518 3116 719 3178 auditorum
740 3115 939 3196 frequentia
959 3128 994 3179 et
1013 3116 1274 3194 satisfactione;
1295 3118 1359 3181 sed
1381 3116 1487 3179 valde

255 3224 426 3286 commoti
440 3223 580 3287 fuerunt
597 3224 805 3302 adversarii,
823 3236 858 3287 et
877 3223 1046 3287 Vicarius
1068 3224 1254 3289 Generalis
1276 3242 1379 3287 suum
1400 3222 1487 3287 illud

257 3329 424 3409 edictum,
435 3330 529 3410 quod
539 3348 750 3411 suspensum
762 3342 849 3409 erat,
859 3332 1034 3407 publicari
1043 3331 1146 3411 jussit
1158 3333 1194 3395 in
1202 3332 1367 3395 omuibus
1378 3331 1488 3393 eccle·

257 3436 332 3501 siis.
349 3438 459 3521 Jussit
474 3438 581 3501 etiam
598 3438 900 3519 archiepiscopus
911 3440 1044 3502 eisdem
1059 3439 1271 3502 Rectoribus
1282 3448 1316 3501 et
1331 3438 1489 3502 Vicariis

259 3554 297 3606 ut
312 3545 423 3608 verbo
437 3545 575 3626 publice
586 3546 810 3610 declararent
822 3564 894 3624 eos,
911 3548 972 3627 qui
983 3547 1102 3609 animo
1115 3547 1291 3611 diabolico
1304 3548 1366 3625 (sic
1378 3548 1428 3610 illi
1439 3550 1488 3609 lo·

257 3652 469 3730 quebantur)
491 3652 536 3716 ad
561 3655 731 3716 sacellum
756 3654 944 3718 Societatis
968 3654 1083 3717 ierant
1108 3668 1188 3735 post
1207 3656 1361 3736 primum
1388 3656 1486 3719 illum

258 3758 363 3835 diem,
380 3776 450 3839 quo
465 3758 618 3823 edictum
634 3759 778 3824 affixum
793 3770 885 3838 erat,
909 3740 1277 3825 excommunicatione
1298 3763 1489 3826 innodatos

262 3882 359 3943 csse;
375 3883 466 3947 quae
480 3884 539 3929 res
553 3868 722 3931 scandalo
738 3870 841 3946 plena
857 3868 937 3946 fuit;
963 3879 998 3930 et
1019 3886 1092 3948 eos,
1118 3870 1177 3949 qui
1198 3870 1332 3933 nostris
1352 3868 1487 3932 addicti

258 3984 373 4049 erant,
390 3990 435 4035 ex
450 3974 611 4037 ecclesiis
622 3974 695 4036 suis
706 3972 892 4053 ejiciebant
905 3992 986 4038 cum
997 3976 1204 4055 ignominia;
1218 3988 1252 4039 et
1264 3977 1308 4040 ab
1320 3977 1382 4056 eiS,
1396 3994 1488 4057 quos

257 4079 503 4156 absolvebant,
528 4078 766 4157 juramentum
787 4082 979 4161 exigebant
998 4084 1093 4163 quod
1114 4082 1159 4145 ad
1180 4094 1322 4147 nostros
1342 4085 1487 4147 venturi

257 4202 330 4247 non
345 4198 478 4263 essent;
495 4198 637 4267 tamque
652 4190 779 4266 gravia
794 4186 885 4251 falsa
900 4189 1102 4253 testimonia
1118 4190 1160 4253 de
1175 4192 1308 4255 nostris
1322 4190 1485 4254 diceban-

300 4535 309 4568 ί
337 4534 489 4581 inconcinne
500 4538 564 4581 satia
574 4538 640 4581 haec
653 4538 724 4581 dicta
734 4542 801 4587 sunt,
812 4548 859 4582 nec
869 4540 940 4581 clare
954 4548 1046 4582 sensus
1060 4546 1179 4595 apparet:
1194 4552 1286 4585 verum
1300 4542 1322 4586 sl
1337 4544 1490 4599 conjectura

256 4606 332 4651 nobis
342 4610 379 4653 utl
389 4609 476 4661 liceat,
485 4620 516 4653 ea
526 4610 563 4653 lta
571 4620 764 4664 exponeremus:
780 4610 831 4652 alii
845 4620 878 4653 ex
892 4610 1092 4661 ecclesiasticis,
1106 4613 1153 4665 qut
1169 4617 1271 4657 nostres
1281 4615 1310 4658 in
1324 4614 1375 4658 hac
1385 4615 1434 4659 lite
1445 4617 1492 4659 ad·

254 4680 395 4723 uersarios
404 4690 433 4723 se
444 4680 612 4733 exhibebant,
623 4690 754 4725 excusare
761 4690 841 4723 suum
852 4682 954 4735 agendi
963 4684 1072 4727 modum
1082 4684 1158 4727 soliti
1167 4688 1256 4738 erant,
1265 4698 1376 4731 causam
1387 4688 1449 4732 litis
1460 4690 1490 4732 fn

256 4750 496 4807 Archiepiscopum
505 4758 531 4798 et
541 4756 600 4809 ejus
615 4753 752 4797 vicarium
764 4755 919 4811 rejiciendo.
