<?xml version="1.0" encoding="UTF-8"?>
<!DOCTYPE html PUBLIC "-//W3C//DTD XHTML 1.0 Transitional//EN"
    "http://www.w3.org/TR/xhtml1/DTD/xhtml1-transitional.dtd">
<html xmlns="http://www.w3.org/1999/xhtml" xml:lang="en" lang="en">
 <head>
  <title>
</title>
<meta http-equiv="Content-Type" content="text/html;charset=utf-8" />
  <meta name='ocr-system' content='tesseract 3.04.00' />
  <meta name='ocr-capabilities' content='ocr_page ocr_carea ocr_par ocr_line ocrx_word'/>
</head>
<body>
  <div class='ocr_page' id='page_1' title='image "./vitaignatiiloio01polagoog_0295.png"; bbox 0 0 3717 5400; ppageno 0'>
   <div class='ocr_carea' id='block_1_1' title="bbox 820 494 1517 555">
    <p class='ocr_par' dir='ltr' id='par_1_1' title="bbox 820 494 1517 555">
     <span class='ocr_line' id='line_1_1' title="bbox 820 494 1517 555; baseline 0.009 -6"><span class='ocrx_word' id='word_1_1' title='bbox 820 495 884 550; x_wconf 84' lang='lat' dir='ltr'><strong>Au.</strong></span> <span class='ocrx_word' id='word_1_2' title='bbox 906 495 978 554; x_wconf 78' lang='lat'>1555</span> <span class='ocrx_word' id='word_1_3' title='bbox 1459 494 1517 555; x_wconf 72' lang='lat'><strong>‘289</strong></span> 
     </span>
    </p>
   </div>
   <div class='ocr_carea' id='block_1_2' title="bbox 276 637 1514 1038">
    <p class='ocr_par' dir='ltr' id='par_1_2' title="bbox 276 637 1514 934">
     <span class='ocr_line' id='line_1_2' title="bbox 276 637 1511 734; baseline 0.002 -32"><span class='ocrx_word' id='word_1_4' title='bbox 276 639 441 720; x_wconf 70' lang='lat' dir='ltr'><strong>‘viomagi</strong></span> <span class='ocrx_word' id='word_1_5' title='bbox 456 637 616 703; x_wconf 84' lang='lat' dir='ltr'>Societas</span> <span class='ocrx_word' id='word_1_6' title='bbox 631 639 888 718; x_wconf 88' lang='lat' dir='ltr'><strong>admitteretur;</strong></span> <span class='ocrx_word' id='word_1_7' title='bbox 905 639 968 702; x_wconf 90' lang='lat' dir='ltr'><strong>sed</strong></span> <span class='ocrx_word' id='word_1_8' title='bbox 982 648 1049 704; x_wconf 80' lang='lat' dir='ltr'><strong>ne&#39;c</strong></span> <span class='ocrx_word' id='word_1_9' title='bbox 1064 640 1278 720; x_wconf 84' lang='lat' dir='ltr'><strong>Noviomagi</strong></span> <span class='ocrx_word' id='word_1_10' title='bbox 1293 644 1363 705; x_wconf 81' lang='lat' dir='ltr'><strong>nec&#39;</strong></span> <span class='ocrx_word' id='word_1_11' title='bbox 1374 641 1511 734; x_wconf 74' lang='lat' dir='ltr'><strong>Tyllae,</strong></span> 
     </span>
     <span class='ocr_line' id='line_1_3' title="bbox 285 745 1514 826; baseline 0.001 -15"><span class='ocrx_word' id='word_1_12' title='bbox 285 746 344 811; x_wconf 91' lang='lat' dir='ltr'><strong>ubi</strong></span> <span class='ocrx_word' id='word_1_13' title='bbox 365 746 473 810; x_wconf 89' lang='lat' dir='ltr'><strong>etiam</strong></span> <span class='ocrx_word' id='word_1_14' title='bbox 494 747 626 810; x_wconf 88' lang='lat' dir='ltr'><strong>nostris</strong></span> <span class='ocrx_word' id='word_1_15' title='bbox 647 748 790 813; x_wconf 90' lang='lat' dir='ltr'><strong>domum</strong></span> <span class='ocrx_word' id='word_1_16' title='bbox 812 745 1017 826; x_wconf 87' lang='lat' dir='ltr'><strong>offerebant,</strong></span> <span class='ocrx_word' id='word_1_17' title='bbox 1043 765 1101 810; x_wconf 91' lang='lat' dir='ltr'><strong>res</strong></span> <span class='ocrx_word' id='word_1_18' title='bbox 1123 748 1212 811; x_wconf 89' lang='lat' dir='ltr'><strong>adeo</strong></span> <span class='ocrx_word' id='word_1_19' title='bbox 1233 757 1454 812; x_wconf 83' lang='lat' dir='ltr'>maturuerat</span> <span class='ocrx_word' id='word_1_20' title='bbox 1477 759 1514 812; x_wconf 91' lang='lat' dir='ltr'><strong>ut</strong></span> 
     </span>
     <span class='ocr_line' id='line_1_4' title="bbox 285 853 1140 934; baseline 0.001 -18"><span class='ocrx_word' id='word_1_21' title='bbox 285 854 397 917; x_wconf 88' lang='lat' dir='ltr'><strong>nostri</strong></span> <span class='ocrx_word' id='word_1_22' title='bbox 412 853 562 933; x_wconf 87' lang='lat' dir='ltr'><strong>collegia</strong></span> <span class='ocrx_word' id='word_1_23' title='bbox 576 853 707 916; x_wconf 81' lang='lat' dir='ltr'>ibidem</span> <span class='ocrx_word' id='word_1_24' title='bbox 722 853 927 934; x_wconf 90' lang='lat' dir='ltr'><strong>accipienda</strong></span> <span class='ocrx_word' id='word_1_25' title='bbox 944 865 1140 918; x_wconf 86' lang='lat' dir='ltr'><strong>censerent.</strong></span> 
     </span>
    </p>

    <p class='ocr_par' dir='ltr' id='par_1_3' title="bbox 345 959 958 1038">
     <span class='ocr_line' id='line_1_5' title="bbox 345 959 958 1038; baseline -0.008 -14"><span class='ocrx_word' id='word_1_26' title='bbox 345 961 389 1024; x_wconf 91' lang='lat' dir='ltr'><strong>Et</strong></span> <span class='ocrx_word' id='word_1_27' title='bbox 404 961 493 1023; x_wconf 91' lang='lat' dir='ltr'><strong>haec</strong></span> <span class='ocrx_word' id='word_1_28' title='bbox 509 960 552 1022; x_wconf 91' lang='lat' dir='ltr'><strong>de</strong></span> <span class='ocrx_word' id='word_1_29' title='bbox 568 959 772 1024; x_wconf 86' lang='lat' dir='ltr'><strong>Coloniensi</strong></span> <span class='ocrx_word' id='word_1_30' title='bbox 787 959 958 1038; x_wconf 84' lang='lat' dir='ltr'><strong>collegio.</strong></span> 
     </span>
    </p>
   </div>
   <div class='ocr_carea' id='block_1_3' title="bbox 590 1385 1217 1453">
    <p class='ocr_par' dir='ltr' id='par_1_4' title="bbox 590 1385 1217 1453">
     <span class='ocr_line' id='line_1_6' title="bbox 590 1385 1217 1453; baseline 0.003 -3"><span class='ocrx_word' id='word_1_31' title='bbox 590 1387 653 1451; x_wconf 87' lang='lat' dir='ltr'><strong>DF.</strong></span> <span class='ocrx_word' id='word_1_32' title='bbox 675 1385 909 1452; x_wconf 90' lang='lat' dir='ltr'><strong>COLLEGIO</strong></span> <span class='ocrx_word' id='word_1_33' title='bbox 932 1385 1217 1453; x_wconf 80' lang='lat' dir='ltr'><strong>LOVANIENSI</strong></span> 
     </span>
    </p>
   </div>
   <div class='ocr_carea' id='block_1_4' title="bbox 282 1707 1533 4574">
    <p class='ocr_par' dir='ltr' id='par_1_5' title="bbox 282 1707 1533 4574">
     <span class='ocr_line' id='line_1_7' title="bbox 349 1707 1518 1788; baseline 0.002 -18"><span class='ocrx_word' id='word_1_34' title='bbox 349 1707 418 1772; x_wconf 88' lang='lat'><strong>788.</strong></span> <span class='ocrx_word' id='word_1_35' title='bbox 462 1709 614 1773; x_wconf 88' lang='lat' dir='ltr'><strong>Lovanii</strong></span> <span class='ocrx_word' id='word_1_36' title='bbox 628 1718 780 1788; x_wconf 89' lang='lat' dir='ltr'><strong>quatuor</strong></span> <span class='ocrx_word' id='word_1_37' title='bbox 800 1709 1004 1773; x_wconf 80' lang='lat' dir='ltr'><strong>sacerdotes</strong></span> <span class='ocrx_word' id='word_1_38' title='bbox 1026 1711 1137 1773; x_wconf 87' lang='lat' dir='ltr'><strong>nostri</strong></span> <span class='ocrx_word' id='word_1_39' title='bbox 1152 1718 1264 1773; x_wconf 90' lang='lat' dir='ltr'><strong>erant:</strong></span> <span class='ocrx_word' id='word_1_40' title='bbox 1287 1726 1379 1772; x_wconf 91' lang='lat' dir='ltr'><strong>unus</strong></span> <span class='ocrx_word' id='word_1_41' title='bbox 1393 1726 1518 1772; x_wconf 86' lang='lat' dir='ltr'><strong>eorum</strong></span> 
     </span>
     <span class='ocr_line' id='line_1_8' title="bbox 290 1813 1517 1897; baseline 0 -19"><span class='ocrx_word' id='word_1_42' title='bbox 290 1813 327 1878; x_wconf 88' lang='lat' dir='ltr'><strong>P.</strong></span> <span class='ocrx_word' id='word_1_43' title='bbox 344 1815 526 1880; x_wconf 84' lang='lat' dir='ltr'><strong>Adrianus</strong></span> <span class='ocrx_word' id='word_1_44' title='bbox 540 1814 701 1893; x_wconf 91' lang='lat' dir='ltr'><strong>Adriani,</strong></span> <span class='ocrx_word' id='word_1_45' title='bbox 718 1816 778 1896; x_wconf 92' lang='lat' dir='ltr'><strong>qui</strong></span> <span class='ocrx_word' id='word_1_46' title='bbox 792 1816 943 1878; x_wconf 84' lang='lat' dir='ltr'><strong>caeteris</strong></span> <span class='ocrx_word' id='word_1_47' title='bbox 957 1825 1133 1897; x_wconf 85' lang='lat' dir='ltr'><strong>praeerat,</strong></span> <span class='ocrx_word' id='word_1_48' title='bbox 1150 1817 1326 1880; x_wconf 86' lang='lat' dir='ltr'><strong>secundus</strong></span> <span class='ocrx_word' id='word_1_49' title='bbox 1337 1817 1375 1880; x_wconf 92' lang='grc' dir='ltr'><strong>Ρ.</strong></span> <span class='ocrx_word' id='word_1_50' title='bbox 1389 1815 1517 1880; x_wconf 91' lang='lat' dir='ltr'><strong>Arnol-</strong></span> 
     </span>
     <span class='ocr_line' id='line_1_9' title="bbox 282 1921 1519 2003; baseline -0.001 -17"><span class='ocrx_word' id='word_1_51' title='bbox 282 1923 356 1986; x_wconf 88' lang='lat' dir='ltr'><strong>dus</strong></span> <span class='ocrx_word' id='word_1_52' title='bbox 369 1921 519 2000; x_wconf 79' lang='lat' dir='ltr'><strong>HezeuS,</strong></span> <span class='ocrx_word' id='word_1_53' title='bbox 537 1923 661 1986; x_wconf 90' lang='lat' dir='ltr'><strong>tertius</strong></span> <span class='ocrx_word' id='word_1_54' title='bbox 682 1922 720 1985; x_wconf 91' lang='lat' dir='ltr'><strong>P.</strong></span> <span class='ocrx_word' id='word_1_55' title='bbox 744 1922 926 1986; x_wconf 84' lang='lat' dir='ltr'><strong>Adrianus</strong></span> <span class='ocrx_word' id='word_1_56' title='bbox 945 1922 1137 2001; x_wconf 91' lang='lat' dir='ltr'><strong>Candidus,</strong></span> <span class='ocrx_word' id='word_1_57' title='bbox 1161 1933 1309 2003; x_wconf 88' lang='lat' dir='ltr'><strong>quartus</strong></span> <span class='ocrx_word' id='word_1_58' title='bbox 1332 1923 1370 1986; x_wconf 89' lang='lat' dir='ltr'><strong>P.</strong></span> <span class='ocrx_word' id='word_1_59' title='bbox 1394 1923 1519 1987; x_wconf 91' lang='lat' dir='ltr'><strong>Petrus</strong></span> 
     </span>
     <span class='ocr_line' id='line_1_10' title="bbox 291 2029 1519 2110; baseline 0.002 -18"><span class='ocrx_word' id='word_1_60' title='bbox 291 2029 411 2110; x_wconf 89' lang='lat' dir='ltr'><strong>Spiga,</strong></span> <span class='ocrx_word' id='word_1_61' title='bbox 429 2030 567 2093; x_wconf 84' lang='lat' dir='ltr'><strong>sardus</strong></span> <span class='ocrx_word' id='word_1_62' title='bbox 584 2030 670 2093; x_wconf 89' lang='lat' dir='ltr'><strong>Erat</strong></span> <span class='ocrx_word' id='word_1_63' title='bbox 692 2031 799 2092; x_wconf 90' lang='lat' dir='ltr'><strong>etiam</strong></span> <span class='ocrx_word' id='word_1_64' title='bbox 814 2047 906 2093; x_wconf 90' lang='lat' dir='ltr'><strong>unus</strong></span> <span class='ocrx_word' id='word_1_65' title='bbox 926 2039 986 2093; x_wconf 90' lang='lat' dir='ltr'><strong>aut</strong></span> <span class='ocrx_word' id='word_1_66' title='bbox 1010 2031 1115 2107; x_wconf 87' lang='lat' dir='ltr'><strong>alter,</strong></span> <span class='ocrx_word' id='word_1_67' title='bbox 1133 2030 1191 2110; x_wconf 93' lang='lat' dir='ltr'><strong>qui</strong></span> <span class='ocrx_word' id='word_1_68' title='bbox 1209 2031 1454 2094; x_wconf 89' lang='lat' dir='ltr'><strong>sacerdotibus</strong></span> <span class='ocrx_word' id='word_1_69' title='bbox 1468 2031 1519 2094; x_wconf 88' lang='lat' dir='ltr'><strong>in·</strong></span> 
     </span>
     <span class='ocr_line' id='line_1_11' title="bbox 290 2135 1519 2218; baseline 0.002 -19"><span class='ocrx_word' id='word_1_70' title='bbox 290 2137 480 2201; x_wconf 88' lang='lat' dir='ltr'><strong>serviebat.</strong></span> <span class='ocrx_word' id='word_1_71' title='bbox 497 2136 785 2201; x_wconf 84' lang='lat' dir='ltr'><strong>Confessionibus</strong></span> <span class='ocrx_word' id='word_1_72' title='bbox 800 2135 984 2200; x_wconf 90' lang='lat' dir='ltr'><strong>audiendis</strong></span> <span class='ocrx_word' id='word_1_73' title='bbox 1004 2136 1074 2201; x_wconf 92' lang='lat' dir='ltr'><strong>duo</strong></span> <span class='ocrx_word' id='word_1_74' title='bbox 1093 2138 1230 2218; x_wconf 89' lang='lat' dir='ltr'><strong>priores</strong></span> <span class='ocrx_word' id='word_1_75' title='bbox 1244 2139 1441 2218; x_wconf 86' lang='lat' dir='ltr'><strong>vacabant;</strong></span> <span class='ocrx_word' id='word_1_76' title='bbox 1457 2140 1519 2202; x_wconf 89' lang='lat' dir='ltr'><strong>alii</strong></span> 
     </span>
     <span class='ocr_line' id='line_1_12' title="bbox 283 2243 1519 2323; baseline 0.002 -16"><span class='ocrx_word' id='word_1_77' title='bbox 283 2245 360 2307; x_wconf 90' lang='lat' dir='ltr'><strong>duo</strong></span> <span class='ocrx_word' id='word_1_78' title='bbox 375 2244 501 2308; x_wconf 92' lang='lat' dir='ltr'><strong>studiis</strong></span> <span class='ocrx_word' id='word_1_79' title='bbox 515 2244 715 2322; x_wconf 82' lang='lat' dir='ltr'><strong>theologiae</strong></span> <span class='ocrx_word' id='word_1_80' title='bbox 730 2243 968 2318; x_wconf 69' lang='lat' dir='ltr'><strong>absolvendis</strong></span> <span class='ocrx_word' id='word_1_81' title='bbox 988 2243 1152 2323; x_wconf 82' lang='lat' dir='ltr'><strong>quamvis</strong></span> <span class='ocrx_word' id='word_1_82' title='bbox 1168 2243 1205 2306; x_wconf 94' lang='lat' dir='ltr'><strong>P.</strong></span> <span class='ocrx_word' id='word_1_83' title='bbox 1226 2243 1408 2308; x_wconf 90' lang='lat' dir='ltr'><strong>Adrianus</strong></span> <span class='ocrx_word' id='word_1_84' title='bbox 1429 2245 1519 2310; x_wconf 89' lang='lat' dir='ltr'><strong>Can·</strong></span> 
     </span>
     <span class='ocr_line' id='line_1_13' title="bbox 291 2350 1519 2433; baseline 0.002 -19"><span class='ocrx_word' id='word_1_85' title='bbox 291 2352 394 2416; x_wconf 91' lang='lat' dir='ltr'><strong>didus</strong></span> <span class='ocrx_word' id='word_1_86' title='bbox 419 2352 609 2433; x_wconf 89' lang='lat' dir='ltr'><strong>aliquando</strong></span> <span class='ocrx_word' id='word_1_87' title='bbox 630 2350 838 2414; x_wconf 84' lang='lat' dir='ltr'><strong>confessarii</strong></span> <span class='ocrx_word' id='word_1_88' title='bbox 856 2351 973 2414; x_wconf 87' lang='lat' dir='ltr'><strong>officio</strong></span> <span class='ocrx_word' id='word_1_89' title='bbox 997 2350 1223 2431; x_wconf 79' lang='lat' dir='ltr'><strong>fungebatur3</strong></span> <span class='ocrx_word' id='word_1_90' title='bbox 1250 2353 1358 2416; x_wconf 90' lang='lat' dir='ltr'><strong>immo</strong></span> <span class='ocrx_word' id='word_1_91' title='bbox 1378 2353 1415 2415; x_wconf 95' lang='lat' dir='ltr'><strong>in</strong></span> <span class='ocrx_word' id='word_1_92' title='bbox 1434 2353 1519 2417; x_wconf 88' lang='lat' dir='ltr'><strong>flan-</strong></span> 
     </span>
     <span class='ocr_line' id='line_1_14' title="bbox 284 2458 1519 2538; baseline 0 -15"><span class='ocrx_word' id='word_1_93' title='bbox 284 2460 390 2523; x_wconf 88' lang='lat' dir='ltr'><strong>drica</strong></span> <span class='ocrx_word' id='word_1_94' title='bbox 406 2468 440 2523; x_wconf 95' lang='lat' dir='ltr'><strong>et</strong></span> <span class='ocrx_word' id='word_1_95' title='bbox 462 2460 582 2522; x_wconf 89' lang='lat' dir='ltr'><strong>italica</strong></span> <span class='ocrx_word' id='word_1_96' title='bbox 597 2459 704 2522; x_wconf 90' lang='lat' dir='ltr'><strong>etiam</strong></span> <span class='ocrx_word' id='word_1_97' title='bbox 725 2458 847 2537; x_wconf 87' lang='lat' dir='ltr'><strong>lingua</strong></span> <span class='ocrx_word' id='word_1_98' title='bbox 862 2458 1052 2538; x_wconf 90' lang='lat' dir='ltr'><strong>aliquando</strong></span> <span class='ocrx_word' id='word_1_99' title='bbox 1074 2459 1367 2522; x_wconf 87' lang='lat' dir='ltr'><strong>concionabatur.</strong></span> <span class='ocrx_word' id='word_1_100' title='bbox 1389 2458 1519 2523; x_wconf 90' lang='lat' dir='ltr'><strong>Audie-</strong></span> 
     </span>
     <span class='ocr_line' id='line_1_15' title="bbox 291 2564 1521 2646; baseline 0.002 -18"><span class='ocrx_word' id='word_1_101' title='bbox 291 2566 377 2630; x_wconf 90' lang='lat' dir='ltr'><strong>bant</strong></span> <span class='ocrx_word' id='word_1_102' title='bbox 392 2574 510 2628; x_wconf 90' lang='lat' dir='ltr'><strong>autem</strong></span> <span class='ocrx_word' id='word_1_103' title='bbox 525 2564 765 2628; x_wconf 84' lang='lat' dir='ltr'><strong>consessiones</strong></span> <span class='ocrx_word' id='word_1_104' title='bbox 779 2565 814 2627; x_wconf 90' lang='lat' dir='ltr'><strong>in</strong></span> <span class='ocrx_word' id='word_1_105' title='bbox 830 2565 967 2628; x_wconf 90' lang='lat' dir='ltr'><strong>duabus</strong></span> <span class='ocrx_word' id='word_1_106' title='bbox 982 2564 1141 2628; x_wconf 86' lang='lat' dir='ltr'><strong>ecclesiis</strong></span> <span class='ocrx_word' id='word_1_107' title='bbox 1165 2565 1317 2630; x_wconf 86' lang='lat' dir='ltr'><strong>diversis</strong></span> <span class='ocrx_word' id='word_1_108' title='bbox 1337 2566 1406 2629; x_wconf 90' lang='lat' dir='ltr'><strong>duo</strong></span> <span class='ocrx_word' id='word_1_109' title='bbox 1428 2568 1521 2646; x_wconf 89' lang='lat' dir='ltr'><strong>prio·</strong></span> 
     </span>
     <span class='ocr_line' id='line_1_16' title="bbox 292 2669 1520 2753; baseline 0.002 -18"><span class='ocrx_word' id='word_1_110' title='bbox 292 2689 360 2749; x_wconf 70' lang='grc' dir='ltr'><strong>τες,</strong></span> <span class='ocrx_word' id='word_1_111' title='bbox 382 2689 463 2737; x_wconf 89' lang='lat' dir='ltr'><strong>cum</strong></span> <span class='ocrx_word' id='word_1_112' title='bbox 485 2673 666 2753; x_wconf 89' lang='lat' dir='ltr'><strong>propriam</strong></span> <span class='ocrx_word' id='word_1_113' title='bbox 685 2671 856 2736; x_wconf 90' lang='lat' dir='ltr'><strong>haberent</strong></span> <span class='ocrx_word' id='word_1_114' title='bbox 876 2672 1020 2735; x_wconf 91' lang='lat' dir='ltr'><strong>nullam.</strong></span> <span class='ocrx_word' id='word_1_115' title='bbox 1041 2669 1110 2736; x_wconf 89' lang='lat' dir='ltr'><strong>Sed</strong></span> <span class='ocrx_word' id='word_1_116' title='bbox 1136 2673 1230 2753; x_wconf 90' lang='lat' dir='ltr'><strong>apud</strong></span> <span class='ocrx_word' id='word_1_117' title='bbox 1255 2670 1291 2737; x_wconf 88' lang='lat' dir='ltr'><strong>S.</strong></span> <span class='ocrx_word' id='word_1_118' title='bbox 1320 2672 1465 2738; x_wconf 90' lang='lat' dir='ltr'><strong>Petrum</strong></span> <span class='ocrx_word' id='word_1_119' title='bbox 1485 2686 1520 2737; x_wconf 92' lang='lat' dir='ltr'><strong>et</strong></span> 
     </span>
     <span class='ocr_line' id='line_1_17' title="bbox 287 2778 1520 2859; baseline 0.001 -16"><span class='ocrx_word' id='word_1_120' title='bbox 287 2778 464 2843; x_wconf 85' lang='lat' dir='ltr'><strong>&#39;Sanctum</strong></span> <span class='ocrx_word' id='word_1_121' title='bbox 479 2779 689 2843; x_wconf 80' lang='lat' dir='ltr'><strong>Michaelem</strong></span> <span class='ocrx_word' id='word_1_122' title='bbox 704 2796 841 2859; x_wconf 88' lang='lat' dir='ltr'><strong>semper</strong></span> <span class='ocrx_word' id='word_1_123' title='bbox 857 2778 989 2842; x_wconf 90' lang='lat' dir='ltr'><strong>utiliter</strong></span> <span class='ocrx_word' id='word_1_124' title='bbox 1004 2780 1272 2859; x_wconf 89' lang='lat' dir='ltr'><strong>occupabantur</strong></span> <span class='ocrx_word' id='word_1_125' title='bbox 1293 2798 1374 2844; x_wconf 91' lang='lat' dir='ltr'><strong>cum</strong></span> <span class='ocrx_word' id='word_1_126' title='bbox 1393 2782 1520 2845; x_wconf 91' lang='lat' dir='ltr'><strong>utrius·</strong></span> 
     </span>
     <span class='ocr_line' id='line_1_18' title="bbox 293 2886 1522 2969; baseline 0.001 -18"><span class='ocrx_word' id='word_1_127' title='bbox 293 2904 361 2967; x_wconf 90' lang='lat' dir='ltr'><strong>que</strong></span> <span class='ocrx_word' id='word_1_128' title='bbox 376 2904 483 2950; x_wconf 90' lang='lat' dir='ltr'><strong>sexus</strong></span> <span class='ocrx_word' id='word_1_129' title='bbox 497 2886 709 2965; x_wconf 64' lang='lat' dir='ltr'><strong>hominibus</strong></span> <span class='ocrx_word' id='word_1_130' title='bbox 725 2896 798 2950; x_wconf 91' lang='lat' dir='ltr'><strong>tam</strong></span> <span class='ocrx_word' id='word_1_131' title='bbox 810 2886 987 2965; x_wconf 83' lang='lat' dir='ltr'><strong>religiosis</strong></span> <span class='ocrx_word' id='word_1_132' title='bbox 1001 2904 1109 2967; x_wconf 89' lang='lat' dir='ltr'><strong>quam</strong></span> <span class='ocrx_word' id='word_1_133' title='bbox 1120 2888 1373 2966; x_wconf 88' lang='lat' dir='ltr'><strong>saecularibus,</strong></span> <span class='ocrx_word' id='word_1_134' title='bbox 1389 2888 1450 2969; x_wconf 89' lang='lat' dir='ltr'><strong>qui</strong></span> <span class='ocrx_word' id='word_1_135' title='bbox 1461 2889 1522 2951; x_wconf 89' lang='lat' dir='ltr'><strong>ali-</strong></span> 
     </span>
     <span class='ocr_line' id='line_1_19' title="bbox 286 2992 1521 3075; baseline 0.002 -19"><span class='ocrx_word' id='word_1_136' title='bbox 286 2993 435 3074; x_wconf 89' lang='lat' dir='ltr'><strong>quando</strong></span> <span class='ocrx_word' id='word_1_137' title='bbox 451 3012 496 3056; x_wconf 88' lang='lat' dir='ltr'><strong>ex</strong></span> <span class='ocrx_word' id='word_1_138' title='bbox 516 2994 628 3056; x_wconf 88' lang='lat' dir='ltr'><strong>variis</strong></span> <span class='ocrx_word' id='word_1_139' title='bbox 648 2994 747 3072; x_wconf 90' lang='lat' dir='ltr'><strong>locis,</strong></span> <span class='ocrx_word' id='word_1_140' title='bbox 769 3004 803 3055; x_wconf 91' lang='lat' dir='ltr'><strong>et</strong></span> <span class='ocrx_word' id='word_1_141' title='bbox 823 2992 964 3074; x_wconf 90' lang='lat' dir='ltr'><strong>quidem</strong></span> <span class='ocrx_word' id='word_1_142' title='bbox 983 2992 1196 3057; x_wconf 87' lang='lat' dir='ltr'><strong>distantibus</strong></span> <span class='ocrx_word' id='word_1_143' title='bbox 1217 2996 1407 3075; x_wconf 88' lang='lat' dir='ltr'><strong>aliquando</strong></span> <span class='ocrx_word' id='word_1_144' title='bbox 1430 2997 1521 3075; x_wconf 92' lang='lat' dir='ltr'><strong>plus·</strong></span> 
     </span>
     <span class='ocr_line' id='line_1_20' title="bbox 288 3100 1523 3183; baseline 0.002 -19"><span class='ocrx_word' id='word_1_145' title='bbox 288 3115 400 3183; x_wconf 87' lang='lat' dir='ltr'><strong>quam</strong></span> <span class='ocrx_word' id='word_1_146' title='bbox 423 3101 551 3179; x_wconf 91' lang='lat' dir='ltr'><strong>viginti</strong></span> <span class='ocrx_word' id='word_1_147' title='bbox 575 3102 697 3179; x_wconf 79' lang='lat' dir='ltr'><strong>leuciS,</strong></span> <span class='ocrx_word' id='word_1_148' title='bbox 718 3100 908 3164; x_wconf 90' lang='lat' dir='ltr'><strong>confitendi</strong></span> <span class='ocrx_word' id='word_1_149' title='bbox 931 3112 966 3163; x_wconf 91' lang='lat' dir='ltr'><strong>et</strong></span> <span class='ocrx_word' id='word_1_150' title='bbox 984 3102 1208 3164; x_wconf 89' lang='lat' dir='ltr'><strong>consultandi</strong></span> <span class='ocrx_word' id='word_1_151' title='bbox 1228 3101 1345 3181; x_wconf 88' lang='lat' dir='ltr'><strong>gratia</strong></span> <span class='ocrx_word' id='word_1_152' title='bbox 1366 3103 1523 3183; x_wconf 88' lang='lat' dir='ltr'><strong>plerique</strong></span> 
     </span>
     <span class='ocr_line' id='line_1_21' title="bbox 286 3208 1523 3288; baseline 0.002 -17"><span class='ocrx_word' id='word_1_153' title='bbox 286 3208 519 3273; x_wconf 87' lang='lat' dir='ltr'><strong>confluebant</strong></span> <span class='ocrx_word' id='word_1_154' title='bbox 538 3208 650 3271; x_wconf 90' lang='lat' dir='ltr'><strong>variis</strong></span> <span class='ocrx_word' id='word_1_155' title='bbox 669 3208 845 3287; x_wconf 91' lang='lat' dir='ltr'><strong>scrupulis</strong></span> <span class='ocrx_word' id='word_1_156' title='bbox 870 3226 912 3271; x_wconf 91' lang='lat' dir='ltr'><strong>ac</strong></span> <span class='ocrx_word' id='word_1_157' title='bbox 934 3208 1049 3272; x_wconf 93' lang='lat' dir='ltr'><strong>dubiis</strong></span> <span class='ocrx_word' id='word_1_158' title='bbox 1075 3209 1223 3288; x_wconf 89' lang='lat' dir='ltr'><strong>onerati;</strong></span> <span class='ocrx_word' id='word_1_159' title='bbox 1246 3217 1281 3273; x_wconf 90' lang='lat' dir='ltr'><strong>et</strong></span> <span class='ocrx_word' id='word_1_160' title='bbox 1302 3220 1422 3273; x_wconf 90' lang='lat' dir='ltr'><strong>tamen</strong></span> <span class='ocrx_word' id='word_1_161' title='bbox 1446 3209 1523 3274; x_wconf 93' lang='lat' dir='ltr'><strong>Deo</strong></span> 
     </span>
     <span class='ocr_line' id='line_1_22' title="bbox 295 3316 1524 3397; baseline 0.002 -18"><span class='ocrx_word' id='word_1_162' title='bbox 295 3334 358 3397; x_wconf 93' lang='lat' dir='ltr'><strong>per</strong></span> <span class='ocrx_word' id='word_1_163' title='bbox 371 3325 512 3381; x_wconf 87' lang='lat' dir='ltr'><strong>nostros</strong></span> <span class='ocrx_word' id='word_1_164' title='bbox 527 3326 707 3397; x_wconf 83' lang='lat' dir='ltr'><strong>operante,</strong></span> <span class='ocrx_word' id='word_1_165' title='bbox 728 3317 845 3377; x_wconf 89' lang='lat' dir='ltr'><strong>nullus</strong></span> <span class='ocrx_word' id='word_1_166' title='bbox 865 3324 952 3395; x_wconf 91' lang='lat' dir='ltr'><strong>erat,</strong></span> <span class='ocrx_word' id='word_1_167' title='bbox 974 3316 1035 3395; x_wconf 91' lang='lat' dir='ltr'><strong>qui</strong></span> <span class='ocrx_word' id='word_1_168' title='bbox 1056 3332 1137 3379; x_wconf 92' lang='lat' dir='ltr'><strong>cum</strong></span> <span class='ocrx_word' id='word_1_169' title='bbox 1154 3316 1262 3381; x_wconf 91' lang='lat' dir='ltr'><strong>animi</strong></span> <span class='ocrx_word' id='word_1_170' title='bbox 1282 3317 1524 3381; x_wconf 86' lang='lat' dir='ltr'><strong>consolatione</strong></span> 
     </span>
     <span class='ocr_line' id='line_1_23' title="bbox 293 3423 1367 3489; baseline 0.002 -2"><span class='ocrx_word' id='word_1_171' title='bbox 293 3440 364 3487; x_wconf 89' lang='lat' dir='ltr'><strong>non</strong></span> <span class='ocrx_word' id='word_1_172' title='bbox 379 3424 510 3488; x_wconf 89' lang='lat' dir='ltr'><strong>rediret</strong></span> <span class='ocrx_word' id='word_1_173' title='bbox 525 3435 559 3487; x_wconf 94' lang='lat' dir='ltr'><strong>et</strong></span> <span class='ocrx_word' id='word_1_174' title='bbox 574 3423 681 3486; x_wconf 89' lang='lat' dir='ltr'><strong>etiam</strong></span> <span class='ocrx_word' id='word_1_175' title='bbox 697 3440 776 3485; x_wconf 92' lang='lat' dir='ltr'><strong>cum</strong></span> <span class='ocrx_word' id='word_1_176' title='bbox 793 3423 988 3485; x_wconf 88' lang='lat' dir='ltr'><strong>mutatione</strong></span> <span class='ocrx_word' id='word_1_177' title='bbox 1003 3424 1038 3485; x_wconf 91' lang='lat' dir='ltr'><strong>in</strong></span> <span class='ocrx_word' id='word_1_178' title='bbox 1054 3426 1162 3487; x_wconf 91' lang='lat' dir='ltr'><strong>alium</strong></span> <span class='ocrx_word' id='word_1_179' title='bbox 1176 3424 1367 3489; x_wconf 87' lang='lat' dir='ltr'><strong>hominem.</strong></span> 
     </span>
     <span class='ocr_line' id='line_1_24' title="bbox 294 3529 1525 3612; baseline 0.004 -23"><span class='ocrx_word' id='word_1_180' title='bbox 294 3582 298 3589; x_wconf 94' lang='lat'><strong>.</strong></span> <span class='ocrx_word' id='word_1_181' title='bbox 354 3530 424 3593; x_wconf 87' lang='lat'><strong>789.</strong></span> <span class='ocrx_word' id='word_1_182' title='bbox 465 3530 509 3593; x_wconf 88' lang='lat' dir='ltr'><strong>Et</strong></span> <span class='ocrx_word' id='word_1_183' title='bbox 524 3532 616 3594; x_wconf 90' lang='lat' dir='ltr'><strong>inter</strong></span> <span class='ocrx_word' id='word_1_184' title='bbox 633 3530 752 3606; x_wconf 91' lang='lat' dir='ltr'><strong>multa,</strong></span> <span class='ocrx_word' id='word_1_185' title='bbox 769 3546 859 3608; x_wconf 90' lang='lat' dir='ltr'><strong>quae</strong></span> <span class='ocrx_word' id='word_1_186' title='bbox 874 3529 1057 3608; x_wconf 86' lang='lat' dir='ltr'><strong>sigillatim</strong></span> <span class='ocrx_word' id='word_1_187' title='bbox 1072 3530 1141 3594; x_wconf 90' lang='lat' dir='ltr'><strong>dici</strong></span> <span class='ocrx_word' id='word_1_188' title='bbox 1154 3542 1310 3611; x_wconf 90' lang='lat' dir='ltr'><strong>possent,</strong></span> <span class='ocrx_word' id='word_1_189' title='bbox 1324 3542 1362 3593; x_wconf 92' lang='lat' dir='ltr'><strong>ut</strong></span> <span class='ocrx_word' id='word_1_190' title='bbox 1373 3533 1525 3612; x_wconf 89' lang='lat' dir='ltr'><strong>paucula</strong></span> 
     </span>
     <span class='ocr_line' id='line_1_25' title="bbox 289 3635 1525 3719; baseline 0 -18"><span class='ocrx_word' id='word_1_191' title='bbox 289 3638 481 3717; x_wconf 87' lang='lat' dir='ltr'><strong>attingam,</strong></span> <span class='ocrx_word' id='word_1_192' title='bbox 498 3635 673 3719; x_wconf 86' lang='lat' dir='ltr'><strong>quaedam</strong></span> <span class='ocrx_word' id='word_1_193' title='bbox 688 3635 753 3699; x_wconf 85' lang='lat' dir='ltr'><strong>suit</strong></span> <span class='ocrx_word' id='word_1_194' title='bbox 767 3636 896 3715; x_wconf 84' lang='lat' dir='ltr'><strong>insigni</strong></span> <span class='ocrx_word' id='word_1_195' title='bbox 923 3636 1183 3716; x_wconf 89' lang='lat' dir='ltr'><strong>pulchritudine</strong></span> <span class='ocrx_word' id='word_1_196' title='bbox 1203 3648 1238 3700; x_wconf 93' lang='lat' dir='ltr'><strong>et</strong></span> <span class='ocrx_word' id='word_1_197' title='bbox 1258 3649 1387 3701; x_wconf 93' lang='lat' dir='ltr'><strong>ornatu</strong></span> <span class='ocrx_word' id='word_1_198' title='bbox 1401 3655 1525 3718; x_wconf 91' lang='lat' dir='ltr'><strong>corpo·</strong></span> 
     </span>
     <span class='ocr_line' id='line_1_26' title="bbox 297 3742 1527 3825; baseline 0.001 -18"><span class='ocrx_word' id='word_1_199' title='bbox 297 3745 358 3823; x_wconf 79' lang='lat' dir='ltr'><strong>riS,</strong></span> <span class='ocrx_word' id='word_1_200' title='bbox 374 3762 499 3825; x_wconf 90' lang='lat' dir='ltr'><strong>parum</strong></span> <span class='ocrx_word' id='word_1_201' title='bbox 514 3745 700 3807; x_wconf 88' lang='lat' dir='ltr'><strong>honestam</strong></span> <span class='ocrx_word' id='word_1_202' title='bbox 715 3744 828 3805; x_wconf 89' lang='lat' dir='ltr'><strong>vitam</strong></span> <span class='ocrx_word' id='word_1_203' title='bbox 843 3760 955 3822; x_wconf 88' lang='lat' dir='ltr'><strong>agens</strong></span> <span class='ocrx_word' id='word_1_204' title='bbox 973 3742 1047 3822; x_wconf 89' lang='lat' dir='ltr'><strong>jam</strong></span> <span class='ocrx_word' id='word_1_205' title='bbox 1063 3744 1107 3806; x_wconf 91' lang='lat' dir='ltr'><strong>ab</strong></span> <span class='ocrx_word' id='word_1_206' title='bbox 1122 3743 1264 3807; x_wconf 90' lang='lat' dir='ltr'><strong>ineunte</strong></span> <span class='ocrx_word' id='word_1_207' title='bbox 1285 3754 1418 3825; x_wconf 90' lang='lat' dir='ltr'><strong>aetate,</strong></span> <span class='ocrx_word' id='word_1_208' title='bbox 1436 3762 1527 3825; x_wconf 86' lang='lat' dir='ltr'><strong>quae</strong></span> 
     </span>
     <span class='ocr_line' id='line_1_27' title="bbox 297 3849 1528 3933; baseline -0.001 -18"><span class='ocrx_word' id='word_1_209' title='bbox 297 3851 343 3915; x_wconf 92' lang='lat' dir='ltr'><strong>ad</strong></span> <span class='ocrx_word' id='word_1_210' title='bbox 367 3851 620 3932; x_wconf 90' lang='lat' dir='ltr'><strong>poenitentiam</strong></span> <span class='ocrx_word' id='word_1_211' title='bbox 641 3849 798 3927; x_wconf 87' lang='lat' dir='ltr'><strong>reducta,</strong></span> <span class='ocrx_word' id='word_1_212' title='bbox 825 3867 966 3913; x_wconf 89' lang='lat' dir='ltr'><strong>omnem</strong></span> <span class='ocrx_word' id='word_1_213' title='bbox 991 3861 1155 3914; x_wconf 90' lang='lat' dir='ltr'><strong>ornatum</strong></span> <span class='ocrx_word' id='word_1_214' title='bbox 1181 3853 1408 3933; x_wconf 90' lang='lat' dir='ltr'><strong>contempsit,</strong></span> <span class='ocrx_word' id='word_1_215' title='bbox 1436 3852 1528 3915; x_wconf 90' lang='lat' dir='ltr'><strong>etin</strong></span> 
     </span>
     <span class='ocr_line' id='line_1_28' title="bbox 297 3957 1526 4038; baseline -0.003 -17"><span class='ocrx_word' id='word_1_216' title='bbox 297 3974 428 4038; x_wconf 89' lang='lat' dir='ltr'><strong>magna</strong></span> <span class='ocrx_word' id='word_1_217' title='bbox 454 3957 680 4037; x_wconf 90' lang='lat' dir='ltr'><strong>simplicitate</strong></span> <span class='ocrx_word' id='word_1_218' title='bbox 707 3974 748 4019; x_wconf 89' lang='lat' dir='ltr'><strong>ac</strong></span> <span class='ocrx_word' id='word_1_219' title='bbox 774 3957 1010 4036; x_wconf 88' lang='lat' dir='ltr'><strong>poenitentiae</strong></span> <span class='ocrx_word' id='word_1_220' title='bbox 1037 3958 1045 3987; x_wconf 88' lang='lat'>¹</span> <span class='ocrx_word' id='word_1_221' title='bbox 1072 3959 1240 4037; x_wconf 90' lang='lat' dir='ltr'><strong>operibus</strong></span> <span class='ocrx_word' id='word_1_222' title='bbox 1267 3960 1526 4038; x_wconf 88' lang='lat' dir='ltr'><strong>perseveravit.</strong></span> 
     </span>
     <span class='ocr_line' id='line_1_29' title="bbox 290 4064 1530 4145; baseline 0.001 -17"><span class='ocrx_word' id='word_1_223' title='bbox 290 4064 480 4145; x_wconf 81' lang='lat' dir='ltr'><strong>Quaedam</strong></span> <span class='ocrx_word' id='word_1_224' title='bbox 496 4065 603 4127; x_wconf 91' lang='lat' dir='ltr'><strong>etiam</strong></span> <span class='ocrx_word' id='word_1_225' title='bbox 617 4064 734 4142; x_wconf 88' lang='lat' dir='ltr'><strong>virgo,</strong></span> <span class='ocrx_word' id='word_1_226' title='bbox 752 4078 858 4143; x_wconf 91' lang='lat' dir='ltr'><strong>quam</strong></span> <span class='ocrx_word' id='word_1_227' title='bbox 873 4064 973 4126; x_wconf 91' lang='lat' dir='ltr'><strong>multi</strong></span> <span class='ocrx_word' id='word_1_228' title='bbox 987 4064 1190 4128; x_wconf 87' lang='lat' dir='ltr'><strong>ambiebant</strong></span> <span class='ocrx_word' id='word_1_229' title='bbox 1206 4076 1396 4144; x_wconf 90' lang='lat' dir='ltr'><strong>amatores,</strong></span> <span class='ocrx_word' id='word_1_230' title='bbox 1413 4074 1452 4129; x_wconf 92' lang='lat' dir='ltr'><strong>ut</strong></span> <span class='ocrx_word' id='word_1_231' title='bbox 1463 4066 1530 4130; x_wconf 91' lang='lat' dir='ltr'><strong>soli</strong></span> 
     </span>
     <span class='ocr_line' id='line_1_30' title="bbox 297 4170 1530 4253; baseline 0 -18"><span class='ocrx_word' id='word_1_232' title='bbox 297 4170 374 4235; x_wconf 91' lang='lat' dir='ltr'><strong>Deo</strong></span> <span class='ocrx_word' id='word_1_233' title='bbox 393 4173 561 4252; x_wconf 88' lang='lat' dir='ltr'><strong>placeret,</strong></span> <span class='ocrx_word' id='word_1_234' title='bbox 583 4170 737 4235; x_wconf 91' lang='lat' dir='ltr'><strong>studium</strong></span> <span class='ocrx_word' id='word_1_235' title='bbox 762 4170 920 4233; x_wconf 87' lang='lat' dir='ltr'><strong>adhibuit</strong></span> <span class='ocrx_word' id='word_1_236' title='bbox 942 4181 979 4233; x_wconf 93' lang='lat' dir='ltr'><strong>ut</strong></span> <span class='ocrx_word' id='word_1_237' title='bbox 1004 4171 1265 4236; x_wconf 80' lang='lat' dir='ltr'><strong>deformitatem</strong></span> <span class='ocrx_word' id='word_1_238' title='bbox 1287 4174 1441 4253; x_wconf 89' lang='lat' dir='ltr'><strong>aliquam</strong></span> <span class='ocrx_word' id='word_1_239' title='bbox 1464 4190 1530 4235; x_wconf 90' lang='lat' dir='ltr'><strong>suo</strong></span> 
     </span>
     <span class='ocr_line' id='line_1_31' title="bbox 290 4277 1533 4360; baseline 0.001 -18"><span class='ocrx_word' id='word_1_240' title='bbox 290 4278 439 4359; x_wconf 81' lang='lat' dir='ltr'><strong>corpori</strong></span> <span class='ocrx_word' id='word_1_241' title='bbox 455 4277 612 4355; x_wconf 82' lang='lat' dir='ltr'><strong>inferret;</strong></span> <span class='ocrx_word' id='word_1_242' title='bbox 628 4288 663 4340; x_wconf 92' lang='lat' dir='ltr'><strong>et</strong></span> <span class='ocrx_word' id='word_1_243' title='bbox 678 4294 817 4340; x_wconf 89' lang='lat' dir='ltr'><strong>omnem</strong></span> <span class='ocrx_word' id='word_1_244' title='bbox 833 4288 996 4341; x_wconf 90' lang='lat' dir='ltr'><strong>ornatum</strong></span> <span class='ocrx_word' id='word_1_245' title='bbox 1011 4288 1200 4342; x_wconf 89' lang='lat' dir='ltr'><strong>externum</strong></span> <span class='ocrx_word' id='word_1_246' title='bbox 1214 4281 1429 4360; x_wconf 66' lang='lat' dir='ltr'><strong>relinquens</strong></span> <span class='ocrx_word' id='word_1_247' title='bbox 1452 4280 1533 4343; x_wconf 90' lang='lat' dir='ltr'><strong>sim·</strong></span> 
     </span>
     <span class='ocr_line' id='line_1_32' title="bbox 298 4384 1533 4468; baseline 0.001 -18"><span class='ocrx_word' id='word_1_248' title='bbox 298 4386 426 4467; x_wconf 89' lang='lat' dir='ltr'><strong>plicem</strong></span> <span class='ocrx_word' id='word_1_249' title='bbox 449 4396 483 4449; x_wconf 92' lang='lat' dir='ltr'><strong>et</strong></span> <span class='ocrx_word' id='word_1_250' title='bbox 508 4385 809 4465; x_wconf 89' lang='lat' dir='ltr'><strong>contemptibilem</strong></span> <span class='ocrx_word' id='word_1_251' title='bbox 827 4384 993 4465; x_wconf 91' lang='lat' dir='ltr'><strong>induens,</strong></span> <span class='ocrx_word' id='word_1_252' title='bbox 1017 4404 1098 4448; x_wconf 92' lang='lat' dir='ltr'><strong>cum</strong></span> <span class='ocrx_word' id='word_1_253' title='bbox 1119 4387 1237 4451; x_wconf 90' lang='lat' dir='ltr'><strong>adhuc</strong></span> <span class='ocrx_word' id='word_1_254' title='bbox 1263 4396 1533 4468; x_wconf 85' lang='lat' dir='ltr'><strong>oppugnaretur</strong></span> 
     </span>
     <span class='ocr_line' id='line_1_33' title="bbox 299 4490 1533 4574; baseline 0.002 -18"><span class='ocrx_word' id='word_1_255' title='bbox 299 4493 410 4556; x_wconf 87' lang='lat' dir='ltr'><strong>variis</strong></span> <span class='ocrx_word' id='word_1_256' title='bbox 426 4492 690 4571; x_wconf 88' lang='lat' dir='ltr'><strong>tentationibus,</strong></span> <span class='ocrx_word' id='word_1_257' title='bbox 706 4490 801 4571; x_wconf 93' lang='lat' dir='ltr'><strong>quod</strong></span> <span class='ocrx_word' id='word_1_258' title='bbox 816 4492 951 4555; x_wconf 92' lang='lat' dir='ltr'><strong>scilicet</strong></span> <span class='ocrx_word' id='word_1_259' title='bbox 967 4503 1133 4556; x_wconf 90' lang='lat' dir='ltr'><strong>ornatum</strong></span> <span class='ocrx_word' id='word_1_260' title='bbox 1154 4492 1388 4574; x_wconf 90' lang='lat' dir='ltr'><strong>deposuisset,</strong></span> <span class='ocrx_word' id='word_1_261' title='bbox 1411 4495 1533 4559; x_wconf 84' lang='lat' dir='ltr'><strong>omnia</strong></span> 
     </span>
    </p>
   </div>
   <div class='ocr_carea' id='block_1_5' title="bbox 347 4730 730 4777">
    <p class='ocr_par' dir='ltr' id='par_1_6' title="bbox 347 4730 730 4777">
     <span class='ocr_line' id='line_1_34' title="bbox 347 4730 730 4777; baseline 0 -2"><span class='ocrx_word' id='word_1_262' title='bbox 347 4734 353 4765; x_wconf 84' lang='lat'><em>¹</em></span> <span class='ocrx_word' id='word_1_263' title='bbox 384 4732 585 4776; x_wconf 76' lang='lat' dir='ltr'><strong>Paenitentiam</strong></span> <span class='ocrx_word' id='word_1_264' title='bbox 595 4733 673 4777; x_wconf 83' lang='lat' dir='ltr'><strong>habet</strong></span> <span class='ocrx_word' id='word_1_265' title='bbox 685 4730 730 4776; x_wconf 74' lang='lat' dir='ltr'><strong>his.</strong></span> 
     </span>
    </p>
   </div>
   <div class='ocr_carea' id='block_1_6' title="bbox 465 4822 548 4877">
    <p class='ocr_par' dir='ltr' id='par_1_7' title="bbox 465 4822 548 4877">
     <span class='ocr_line' id='line_1_35' title="bbox 465 4822 548 4877; baseline -0.012 -1"><span class='ocrx_word' id='word_1_266' title='bbox 465 4822 504 4877; x_wconf 88' lang='lat' dir='ltr'><strong>T.</strong></span> <span class='ocrx_word' id='word_1_267' title='bbox 519 4838 548 4877; x_wconf 90' lang='lat' dir='ltr'><strong>v.</strong></span> 
     </span>
    </p>
   </div>
   <div class='ocr_carea' id='block_1_7' title="bbox 0 0 1888 5400">
    <p class='ocr_par' dir='ltr' id='par_1_8' title="bbox 0 0 1888 5400">
     <span class='ocr_line' id='line_1_36' title="bbox 0 0 1888 5400; baseline 0 0"><span class='ocrx_word' id='word_1_268' title='bbox 0 0 1888 5400; x_wconf 95' lang='lat' dir='ltr'><strong> </strong></span> 
     </span>
    </p>
   </div>
  </div>
 </body>
</html>
