3717 5400
811 443 876 504 Au.
903 444 973 503 1555
1122 462 1128 473 ·
1453 446 1510 506 447

338 588 426 653 1203.
469 590 737 670 Expectabatur
751 598 870 655 autem
885 590 1062 655 adventus
1075 589 1114 653 P.
1127 588 1361 657 Prouincialis
1374 602 1413 655 ut
1424 609 1506 673 age-

218 724 224 732 ·
275 706 331 760 ret
355 714 436 761 cum
455 696 627 761 canonico
645 696 833 761 fundatore
852 696 896 761 dc
914 697 1095 761 dotatione
1115 696 1279 779 Collegii;
1303 716 1387 763 nam
1406 716 1507 779 pror·

277 822 338 868 sus
361 803 503 868 adeam
521 803 721 869 faciendam
739 813 775 867 et
795 821 994 885 propensus
1013 815 1047 869 et
1066 807 1244 869 animatus
1263 817 1341 870 erat
1363 808 1508 871 canoni-

277 928 352 989 cus;
367 911 431 976 sed
450 912 594 975 scholae
615 928 832 993 magnopere
852 912 1106 993 expetebantur
1121 923 1156 975 et
1178 914 1345 993 perutiles
1364 914 1507 979 futurae

276 1018 415 1082 civitati
433 1018 681 1083 credebantur.

339 1124 427 1189 1204.
472 1125 561 1190 Cum
574 1126 744 1190 sacellum
757 1126 857 1190 initio
872 1125 975 1206 hujus
990 1127 1074 1191 anni
1089 1126 1380 1207 concinnabatur,
1394 1130 1505 1192 eccle-

276 1232 411 1296 siastici
439 1233 537 1297 litem
564 1234 696 1297 nostris
723 1234 906 1297 intendere
936 1244 971 1296 et
995 1233 1194 1298 aedificium
1223 1235 1308 1298 illud
1333 1234 1505 1316 impedire

276 1339 455 1419 volebant;
471 1340 534 1403 sed
548 1358 630 1403 cum
640 1341 709 1404 hac
720 1341 911 1404 occasione
922 1340 1077 1404 Litteras
1091 1340 1319 1420 Apostolicas
1329 1342 1442 1405 nostri
1454 1344 1508 1405 in-

275 1446 390 1510 stituti
404 1446 490 1526 ipsis
505 1447 643 1510 oblatas
658 1446 847 1523 vidissent,
862 1456 898 1511 et
911 1447 1103 1529 puritatem
1118 1448 1162 1511 ab
1178 1449 1273 1511 omni
1289 1449 1407 1529 specie
1421 1468 1507 1513 ava-

273 1553 378 1617 ritiae
393 1570 500 1635 quam
514 1554 778 1633 alienissimam,
794 1564 829 1617 et
844 1564 1006 1618 nostrum
1020 1554 1236 1635 procedendi
1250 1556 1394 1621 modum
1405 1557 1504 1621 intel-

273 1663 455 1737 lexissent,
472 1679 542 1724 non
557 1662 672 1724 solum
687 1679 709 1723 a
723 1661 896 1741 litigando
910 1660 1137 1740 destiterunt,
1154 1663 1217 1726 sed
1236 1663 1366 1742 optime
1381 1663 1424 1727 de
1439 1662 1504 1727 So·

273 1770 401 1834 cietate
417 1766 574 1850 [sentire]
590 1780 623 1831 et
640 1767 685 1831 ad
699 1769 860 1832 eamdem
875 1767 969 1832 affici
983 1779 1185 1849 coeperunt.

337 1874 425 1939 1205.
467 1874 558 1950 Fuit,
585 1876 679 1937 inter
702 1874 768 1937 hos
792 1874 1073 1953 ecclesiasticos,
1101 1875 1401 1955 Archipresbyter
1426 1877 1505 1957 qui-

274 1984 369 2060 dam,
384 1983 525 2047 nomine
539 1982 717 2046 Antonius
732 1981 867 2059 Barba,
884 1982 945 2062 qui
964 1989 1108 2045 nostrae
1126 1980 1315 2047 Societatis
1336 1984 1446 2047 initiis
1467 1994 1504 2047 et

274 2090 614 2154 contradictionibus
642 2088 776 2152 Romae
803 2088 935 2161 fuerat,
966 2106 1032 2153 nec
1059 2090 1093 2152 ei
1118 2098 1277 2153 nostrum
1305 2091 1503 2155 institutum

273 2207 499 2277 perspectum
514 2206 602 2273 erat;
623 2207 657 2260 et
680 2196 729 2259 ita
744 2206 849 2276 prout
869 2213 890 2258 a
911 2196 1232 2259 contradictoribus
1252 2197 1345 2260 sorte
1360 2214 1503 2277 accepe-

273 2316 341 2381 rat,
369 2305 511 2384 obloqui
537 2302 705 2368 Societati
730 2304 855 2367 solitus
881 2311 969 2366 erat.
992 2302 1058 2366 Vir
1080 2304 1151 2381 ille,
1178 2315 1368 2385 postquam
1385 2306 1505 2384 magis

273 2412 396 2475 habuit
410 2420 598 2492 perspecta
613 2428 703 2491 quae
718 2410 764 2473 ad
779 2410 978 2474 institutum
992 2409 1182 2473 Societatis
1201 2411 1439 2491 pertinebant,
1457 2412 1505 2474 ab

273 2516 349 2597 ejus
363 2517 525 2581 laudibus
540 2534 611 2581 non
626 2534 768 2581 cessare
782 2517 981 2580 videbatur.
995 2516 1150 2598 Rogavit
1162 2528 1280 2581 autem
1293 2514 1330 2579 P.
1346 2517 1505 2596 Alphon-

273 2642 351 2688 sum
366 2625 484 2705 Lopez
500 2634 538 2687 ut
553 2625 589 2688 in
604 2624 755 2687 ecclesia
770 2622 923 2706 quadam
940 2624 1223 2704 concionaretur,
1240 2642 1331 2706 quae
1351 2624 1420 2706 ipsi
1435 2624 1504 2689 Ar-

274 2732 595 2814 chipresbyteratui
614 2750 754 2796 annexa
777 2741 864 2795 erat.
887 2731 990 2811 Quod
1010 2749 1090 2795 cum
1109 2732 1267 2811 fecisset,
1295 2741 1330 2796 et
1354 2732 1504 2812 ipsemet

273 2841 544 2903 concionantem
562 2839 735 2917 audisset,
751 2837 826 2919 ejus
848 2838 1048 2902 aedificatio
1069 2849 1104 2901 et
1119 2833 1220 2902 amor
1241 2856 1328 2919 erga
1347 2837 1506 2904 Societa-

273 2959 344 3010 tem
359 2957 484 3040 auctus
496 2955 559 3021 est;
574 2946 668 3027 quod
679 2945 769 3024 aliis,
786 2945 913 3026 quibus
925 2947 956 3009 is
971 2956 1075 3008 notus
1087 2957 1175 3024 erat,
1192 2946 1418 3010 admirationi
1429 2964 1502 3010 non

271 3053 444 3117 mediocri
458 3053 534 3116 suit.

551 3585 616 3649 DE
638 3584 872 3651 COLLEGlO
894 3585 1219 3652 COMPLUTENSI

333 4017 421 4081 1206.
464 4016 579 4097 HuJ'us
595 4016 679 4079 anni
694 4016 792 4078 initio
808 4025 972 4095 praeerat
991 4015 1123 4078 nostris
1142 4013 1179 4078 P.
1201 4015 1409 4079 Emmanuel
1434 4015 1501 4078 Lo·

269 4145 347 4208 pez,
371 4136 406 4189 et
425 4126 571 4190 absente
596 4125 634 4188 P.
661 4123 854 4188 Francisco
880 4123 923 4185 de
939 4122 1142 4200 Villanova,
1165 4133 1239 4187 toto
1255 4140 1348 4186 anno
1364 4124 1498 4186 nostris

269 4235 345 4317 ejus
359 4236 439 4299 loco
453 4233 619 4314 praefuit;
634 4232 799 4313 quamvis
812 4231 850 4294 P.
868 4230 1028 4310 ignatius
1047 4228 1199 4294 Ductori
1213 4229 1400 4310 Vergarae
1425 4231 1502 4293 suis

271 4344 397 4408 litteris
413 4341 660 4418 concessisset,
677 4357 722 4402 ne
736 4339 812 4401 sine
826 4338 938 4418 ipsius
952 4354 1127 4400 consensu
1147 4338 1183 4400 in
1202 4345 1384 4418 posterum
1398 4355 1496 4418 prae·

271 4453 386 4515 dictus
401 4448 439 4513 P.
456 4447 648 4512 Villanova
662 4445 850 4526 Compluto
866 4445 1088 4509 educeretur.
1104 4443 1229 4508 Eidem
1240 4445 1347 4508 etiam
1359 4461 1503 4508 conces-

271 4561 328 4635 sit,
345 4575 389 4621 ne
404 4571 616 4637 quemquam
631 4553 740 4616 alium
760 4571 806 4616 ex
825 4552 1015 4632 operariis,
1038 4571 1079 4616 eo
1100 4563 1281 4631 renuente,
1297 4552 1367 4616 alio
1388 4552 1501 4616 mitte·

269 4675 361 4745 rent,
377 4682 467 4746 quae
481 4663 621 4726 litterae
635 4658 784 4723 Doctori
798 4657 985 4740 Vergarae
1006 4677 1113 4741 supra
1129 4660 1272 4724 modum
1287 4670 1414 4738 gratae
1430 4658 1504 4722 iue-
