3717 5400
812 490 875 545 ΑΝ.
898 491 968 548 1555
1452 490 1506 547 195

267 639 432 703 vincialis
447 637 540 718 apud
553 637 770 715 Pro-regem,
787 645 822 697 et
837 634 967 698 Rector
978 635 1073 712 apud
1085 635 1301 714 Episcopum
1312 635 1479 699 Mazarae
1492 636 1500 668 ¹

268 746 434 826 occupati
458 754 588 818 essent,
615 761 681 806 nec
705 743 782 805 ullis
805 742 1095 822 persuasionibus
1120 741 1249 804 adduci
1273 743 1387 822 potuit
1402 753 1439 806 ut
1456 761 1502 806 ex

269 853 429 932 Collegio
445 853 588 916 domum
610 867 712 914 suam
736 850 931 928 recederet;
958 867 979 912 a
1005 848 1082 912 Deo
1107 867 1145 911 se
1171 859 1339 912 vocatum
1359 867 1448 928 esse,
1466 862 1503 914 et

269 962 338 1040 ipsi
353 959 587 1023 obediendum
600 957 801 1036 affirmavit;
816 957 1040 1037 rogabatque
1051 967 1193 1020 nostros
1209 975 1252 1020 ne
1264 956 1504 1021 damnationis

271 1085 358 1133 suae
374 1083 482 1130 causa
496 1083 574 1128 esse
589 1067 733 1128 vellent.

330 1173 403 1238 563.
446 1173 741 1237 Adulescentulus
765 1183 843 1236 erat
864 1172 1064 1253 quindecim
1086 1189 1271 1248 annorum,
1297 1189 1363 1234 nec
1387 1190 1408 1235 a
1428 1175 1503 1236 suis
1585 1253 1588 1256 ἦ

272 1282 479 1362 parentibus
498 1281 703 1344 facultatem
722 1281 912 1361 impetrare
932 1289 1111 1359 potuerat,
1132 1279 1209 1342 sine
1230 1296 1299 1358 qua
1319 1279 1503 1344 admitten-

273 1389 340 1452 dus
355 1406 425 1451 non
439 1388 636 1451 videbatur.
659 1387 894 1450 Prouincialis
919 1388 1039 1466 igitur,
1063 1385 1138 1465 Jam
1162 1396 1242 1466 post
1267 1403 1374 1449 unam
1389 1390 1504 1450 noctis

274 1495 399 1558 horam
425 1497 460 1559 iu
485 1494 681 1574 Collegium
706 1494 858 1570 rediens
881 1494 982 1573 pueri
1005 1505 1143 1572 patrem
1164 1496 1328 1570 accersit,
1350 1494 1505 1575 quicum

274 1604 445 1680 venisset,
462 1617 568 1664 unam
594 1601 720 1664 horam
735 1611 769 1664 et
795 1601 946 1680 amplius
971 1617 1052 1663 cum
1073 1600 1143 1664 filio
1169 1602 1337 1681 expendit
1354 1602 1500 1676 frustra,

277 1709 397 1773 multis
416 1709 529 1772 modis
548 1709 579 1771 ei
602 1707 849 1789 persuadendo
874 1718 911 1770 ut
937 1706 1080 1770 domum
1104 1725 1206 1771 suam
1227 1709 1374 1786 rediret;
1395 1719 1430 1772 et
1445 1709 1505 1772 de⁴

277 1833 385 1893 mum,
402 1814 477 1896 ejus
491 1815 689 1878 constantia
707 1814 862 1893 cognita,
883 1831 964 1877 eum
984 1823 1069 1876 tunc
1087 1814 1239 1894 reliquit.
1265 1813 1439 1879 Postridie
1454 1827 1506 1878 ta·

278 1939 371 2002 men,
388 1940 467 1986 cum
483 1923 552 1984 alio
569 1921 629 1985 filii
645 1922 821 1984 avunculo
837 1920 952 1998 rediit,
968 1930 1003 1982 et
1017 1932 1168 1984 matrem
1180 1923 1290 2001 ipsius
1301 1923 1406 1985 morti
1420 1924 1508 1986 vici·

279 2027 1506 2110 namesscaffirmabat3avunculusetiam,quiiiliismasculiscarebat,

280 2154 361 2200 curn
385 2136 487 2200 dives
512 2144 620 2211 esset,
648 2133 817 2197 offerebat
842 2134 1061 2197 adolescenti
1085 2135 1178 2214 quod
1203 2135 1239 2198 in
1263 2135 1371 2199 filium
1399 2139 1507 2200 vellet

280 2245 395 2324 ipsum
417 2243 599 2323 adoptare;
625 2259 667 2304 ac
683 2241 824 2304 demum
845 2241 965 2303 multis
980 2251 1014 2304 et
1033 2242 1145 2305 variis
1160 2245 1506 2332 consapguineorum

280 2349 602 2431 oppugnationibus
617 2357 823 2411 constanter
844 2347 1025 2424 resistens,
1042 2357 1077 2410 et
1101 2348 1179 2411 Deo
1194 2366 1232 2411 se
1252 2351 1343 2412 velle
1358 2351 1507 2429 servire,

281 2460 388 2522 etiam
412 2457 443 2519 si
465 2463 577 2518 mater
599 2462 811 2528 moreretur,
835 2455 932 2516 clare
951 2453 1089 2531 dicenS,
1114 2455 1255 2518 relictus
1277 2467 1343 2533 est,
1369 2467 1404 2520 et
1429 2475 1509 2521 curn

282 2581 413 2642 magna
430 2563 671 2626 consolatione
686 2561 721 2624 in
737 2560 1002 2640 probationibus
1014 2563 1193 2625 consuetis
1205 2564 1364 2626 exerceri
1378 2564 1510 2644 coepit.

281 2670 413 2735 Fuerat
429 2670 571 2751 quidem
590 2669 823 2732 scholasticus
842 2668 907 2731 sub
929 2667 1177 2732 humaniorum
1192 2670 1390 2734 litterarum
1407 2688 1510 2752 prae·

283 2790 437 2859 ceptore;
464 2776 525 2839 sed
541 2776 653 2857 ipsius
666 2786 766 2856 pater
790 2774 862 2856 jam
887 2784 961 2837 tres
979 2792 1118 2838 menses
1141 2786 1224 2840 ante
1249 2777 1317 2840 hoc
1331 2790 1471 2858 tempus
1488 2800 1510 2841 a

285 2886 417 2949 scholis
431 2884 564 2947 nostris
578 2900 658 2945 eum
674 2891 870 2944 amoverat.

343 2992 414 3055 564.
460 2990 652 3054 Aliietiam
667 3007 738 3051 non
753 2990 856 3067 pauci
873 2990 918 3053 ad
928 2989 1129 3067 ingressum
1142 2992 1178 3053 in
1189 2989 1403 3056 Societatem
1419 2995 1513 3073 aspi-

284 3099 422 3177 rabant,
439 3108 473 3161 et
488 3099 579 3160 inter
593 3114 666 3173 eoS,
684 3097 792 3177 aliqui
806 3096 954 3171 nobiles;
970 3096 1032 3159 sed
1048 3097 1141 3159 bona
1156 3116 1217 3161 eos
1239 3116 1313 3178 spe,
1330 3109 1368 3162 ut
1387 3102 1512 3163 melius

285 3224 408 3271 eorum
419 3205 619 3269 constantia
634 3205 861 3283 probaretur,
878 3212 912 3265 et
926 3214 1116 3282 parentum
1132 3222 1326 3268 consensus
1340 3207 1513 3270 obtinere·

286 3326 344 3379 tur
358 3323 461 3377 extra
477 3310 693 3375 Societatem
707 3310 919 3373 retinebant.

345 3420 417 3485 565.
459 3420 591 3483 Ultima
617 3418 673 3481 die
695 3418 856 3500 Januarii
881 3414 1043 3498 [Romam
1068 3420 1247 3498 profectus
1271 3418 1336 3500 est]
1356 3420 1368 3451 ²
1387 3420 1426 3483 P.
1452 3421 1516 3484 Mi·

288 3528 389 3593 chael
403 3528 559 3592 Botellus
573 3542 654 3588 cum
668 3523 803 3605 Joanne
818 3524 861 3587 de
875 3524 995 3604 Luna,
1012 3544 1117 3606 quem
1136 3527 1292 3590 Bibonae
1306 3527 1391 3590 Dux
1412 3526 1423 3558 ³
1443 3529 1519 3591 suis

287 3636 413 3701 litteris
438 3634 484 3697 ad
508 3633 545 3696 P.
572 3632 748 3711 Ignatium
774 3641 807 3694 et
832 3630 870 3693 P.
898 3631 1159 3696 Provincialem
1181 3635 1427 3709 comitabatur;
1454 3636 1518 3698 sed

290 3761 371 3807 cum
394 3743 462 3806 hoc
481 3740 605 3803 eodem
625 3756 717 3802 anno
739 3739 775 3801 in
796 3738 953 3819 Collegio
977 3739 1138 3803 Romano
1159 3759 1284 3821 parum
1307 3744 1454 3805 honeste
1480 3760 1520 3804 se

290 3850 476 3930 gessisset,
503 3847 606 3910 simul
633 3862 712 3908 curn
733 3846 812 3907 aliis
832 3856 927 3926 octo,
950 3848 1008 3926 qui
1033 3848 1091 3909 vel
1109 3848 1291 3911 minimum
1312 3851 1436 3928 culpae
1456 3850 1521 3913 ha·

292 3957 374 4020 bere
388 3955 613 4031 videbantur,
630 3972 651 4015 a
667 3952 704 4015 P.
721 3950 860 4031 Ignatio
875 3953 918 4015 de
939 3952 1115 4017 Societate
1136 3956 1303 4035 expulsus
1324 3965 1393 4034 est,
1415 3974 1459 4019 ac
1482 3957 1519 4019 in

291 4062 448 4127 Siciliam
462 4060 641 4138 remissus;
659 4060 822 4139 quamvis
836 4060 928 4122 inter
946 4060 1012 4123 hos
1034 4071 1151 4124 essent
1171 4061 1278 4141 aliqui
1299 4062 1404 4125 valde
1423 4063 1521 4125 nobi-

334 4232 341 4263 ¹
370 4230 556 4287 Hieronymum
568 4230 598 4273 de
608 4228 747 4274 Termlnls.

331 4304 342 4335 Ι
369 4302 485 4356 “Quanto
496 4304 519 4347 al
532 4304 609 4346 deseo
620 4315 668 4357 que
680 4304 747 4347 tiene
758 4305 781 4346 el
794 4302 821 4346 Ρ.
836 4302 938 4346 Botello
947 4305 979 4346 de
994 4304 1070 4347 venir
1080 4307 1096 4347 a
1106 4304 1196 4355 Roma,
1206 4316 1269 4358 pues
1284 4316 1332 4358 que
1347 4306 1401 4348 alla
1415 4316 1444 4348 es
1453 4316 1520 4360 poco

290 4376 448 4427 necessario,
460 4387 491 4417 no
502 4374 629 4429 pudiendo
640 4375 768 4429 predicar.
779 4386 873 4429 parece
890 4377 1040 4419 razonable.
1060 4376 1143 4419 Podra
1152 4376 1183 4420 V.
1194 4375 1224 4418 R.
1241 4376 1358 4420 enrlarle
1372 4389 1390 4432 y
1404 4377 1518 4420 tamblen

291 4447 317 4490 al
328 4446 353 4490 lt.
364 4446 475 4501 Josepho
486 4446 546 4501 (stc)
556 4448 586 4490 de
598 4446 678 4495 Luna.
689 4460 707 4503 y
717 4448 748 4490 de
760 4446 904 4491 Octaviano
916 4448 996 4491 baeer
1006 4458 1078 4490 como
1089 4460 1116 4490 se
1128 4448 1247 4497 ascribit,
1258 4448 1283 4490 id
1294 4453 1342 4495 est.
1350 4448 1487 4492 avisamos
1497 4450 1519 4491 si

291 4530 319 4562 se
330 4520 412 4573 podra
429 4520 521 4562 enuiar
533 4521 549 4562 a
561 4518 678 4575 Roma,y
693 4530 726 4562 no
736 4529 762 4561 se
778 4520 853 4562 envie
868 4520 1001 4568 aEspatla
1016 4531 1047 4562 en
1063 4531 1169 4562 manera
1185 4520 1321 4573 alagona„
1337 4519 1473 4571 Polancus,
1484 4530 1518 4563 rx

293 4600 368 4643 rom„
378 4590 452 4634 Patri
464 4588 621 4645 Hieronymo
632 4590 788 4640 Domeneclt,
800 4591 849 4633 tt·
858 4590 975 4643 Januarii
994 4590 1190 4634 trba-Romam
1207 4591 1308 4644 appulit
1324 4591 1361 4634 7.·
1373 4590 1524 4635 Februarii.

294 4660 334 4704 lta
346 4661 474 4705 Polancus
486 4661 658 4704 Domenecltio
669 4662 704 4705 9.·
716 4661 862 4707 Februarii.

334 4733 346 4764 ³
373 4733 466 4776 Petrus
477 4733 508 4775 de
518 4732 600 4786 Luna,
611 4734 684 4787 cujus
694 4735 826 4779 Asdrubal
836 4740 938 4790 (postca
948 4736 1109 4790 Joanneslde
1120 4734 1194 4778 Luna
1202 4737 1407 4787 consanguineus
1417 4744 1484 4784 erat.
