3717 5400
392 480 430 538 78
851 481 979 541 Canon.
999 481 1076 540 Soc.
1098 483 1168 554 jas.

393 628 635 700 concionibus,
657 630 714 691 vel
736 629 887 708 privatis
907 628 1214 692 exhortationibus
1235 627 1368 691 invecti
1386 638 1484 705 sunt;
1506 636 1542 688 et
1561 643 1627 688 eos

392 735 709 814 reprehendebant,
736 753 825 815 quos
847 747 1059 815 personatos
1074 735 1244 798 dissolute
1265 733 1434 797 bacchari
1455 733 1621 796 observa·

391 841 491 918 bant;
507 858 573 904 nec
587 843 664 904 sine
679 841 807 920 fructu,
824 841 892 904 Dei
913 842 1032 922 gratia
1053 840 1258 919 adjuvante,
1281 838 1317 902 id
1338 838 1513 917 iecerunt;
1535 857 1620 904 nam

391 949 504 1024 multi,
521 957 559 1012 ut
580 960 704 1029 postea
730 951 947 1014 intellectum
971 959 1037 1027 est,
1064 948 1244 1011 desierunt
1266 965 1348 1011 curn
1372 947 1619 1010 suislarvisin

390 1055 570 1134 publicum
586 1055 738 1135 prodire.
755 1056 885 1136 Aliqui,
904 1057 964 1136 qui
975 1054 1050 1136 jam
1064 1055 1245 1135 personati
1260 1054 1482 1130 incedebant,
1497 1054 1622 1117 larvas

390 1164 489 1242 ipsas
504 1161 571 1225 sibi
586 1162 672 1242 ipsis
687 1162 925 1238 detrahentes,
941 1172 977 1226 et
991 1164 1171 1226 interram
1183 1160 1400 1242 dejicientes
1412 1178 1456 1223 ac
1470 1159 1618 1239 pedibus

390 1287 452 1332 eas
468 1270 719 1332 conculcantes
734 1270 1033 1333 comminuebant.
1056 1269 1128 1332 Alii
1144 1278 1274 1346 autem,
1297 1268 1357 1348 qui
1377 1285 1447 1330 non
1470 1267 1538 1330 sibi
1557 1285 1624 1331 eas

390 1376 634 1454 detrahebant,
651 1393 695 1439 ne
710 1387 992 1456 agnoscerentur
1003 1393 1025 1438 a
1039 1376 1182 1454 nostriS,
1199 1376 1323 1439 domos
1339 1373 1517 1438 redierunt
1531 1385 1566 1437 et
1580 1391 1618 1438 se

389 1499 583 1564 numquam
598 1485 751 1563 amplius
769 1483 825 1546 his
839 1483 1082 1547 deliramentis
1103 1500 1231 1546 usuros
1249 1482 1514 1563 promittebant.
1528 1482 1622 1550 Cum

390 1589 496 1653 etiam
513 1590 666 1653 choreae
681 1601 716 1654 et
730 1591 937 1654 comoediae
955 1591 1061 1654 valde
1075 1589 1247 1671 profanae
1266 1598 1416 1670 paratae
1434 1601 1563 1666 essent,
1579 1599 1618 1654 ut

390 1696 496 1760 etiam
523 1697 559 1759 in
583 1698 661 1777 ipso
683 1697 871 1761 refectorio
891 1699 1103 1761 clericorum
1125 1708 1273 1760 sanctae
1291 1696 1418 1759 domus
1435 1713 1501 1776 pro
1520 1713 1619 1760 more

389 1802 530 1884 fierent,
557 1803 764 1884 impeditum
787 1805 914 1882 idest,
942 1804 1105 1886 quamvis
1123 1813 1386 1867 murmurarent
1409 1812 1445 1866 et
1468 1820 1617 1884 conque·

388 1919 512 1974 rentur
538 1912 637 1976 multi
662 1919 805 1975 nostros
823 1911 938 1975 Roma
961 1911 1102 1975 venisse
1125 1920 1164 1974 ut
1187 1911 1346 1990 ipsorum
1369 1910 1498 1973 solatia
1510 1909 1618 1991 impe·

388 2017 515 2081 dirent.

452 2123 518 2188 185.
563 2125 795 2189 Confluebant
806 2124 1111 2204 Quadragesimae
1125 2135 1283 2204 ternpore
1292 2124 1338 2187 ad
1348 2133 1509 2187 sanctam
1521 2123 1620 2188 illam

388 2230 532 2294 domum
547 2233 817 2312 peregrinorum
833 2241 1014 2309 catervae,
1027 2242 1062 2294 et
1076 2231 1217 2311 quidem
1228 2247 1274 2294 ex
1284 2231 1396 2294 variis
1407 2230 1529 2294 mundi
1537 2247 1617 2311 par-

387 2339 492 2417 tibuS,
506 2355 656 2418 quorum
681 2339 863 2403 devotioni
885 2355 952 2419 pro
976 2339 1113 2402 viribus
1135 2338 1248 2401 nostri
1268 2337 1521 2401 inserviebant.
1537 2336 1619 2408 Non

387 2447 503 2508 solum
518 2453 636 2508 autem
656 2446 894 2509 testimonium
919 2455 1086 2524 peractae
1111 2444 1345 2509 confessionis
1370 2463 1392 2507 a
1416 2445 1550 2508 nostris
1563 2463 1615 2509 re·

387 2552 590 2632 portabant,
604 2553 666 2616 sed
680 2552 850 2616 laetitiam
873 2553 982 2615 animi
1006 2553 1134 2615 miram
1154 2551 1331 2614 interdum
1351 2551 1564 2626 referebant,
1579 2563 1614 2616 et

385 2658 506 2724 verbis
521 2677 600 2723 eam
616 2660 838 2725 testabantur
853 2661 974 2741 aliqui.
990 2657 1058 2723 Hic
1082 2658 1312 2724 benedicebat
1335 2657 1538 2738 Dominum,
1554 2660 1617 2740 qui

386 2767 432 2831 ad
446 2778 590 2831 nostros
609 2768 725 2849 ipsum
749 2768 985 2848 perduxisset;
1013 2768 1070 2830 ille
1096 2768 1191 2847 quod
1204 2768 1304 2847 prius
1327 2767 1516 2845 ignorabat
1530 2768 1613 2847 quid

384 2884 480 2938 esset
505 2874 675 2953 confiteri;
703 2876 792 2939 alius
818 2877 913 2955 quod
938 2887 1087 2939 eatenus
1111 2874 1327 2938 christianus
1350 2892 1422 2938 non
1446 2874 1563 2937 fuerat
1580 2886 1613 2938 et

385 2980 570 3061 eiusmodi.

448 3086 516 3151 186.
562 3088 749 3154 Confluunt
765 3098 882 3152 autem
898 3089 944 3152 ad
962 3106 1043 3152 eum
1058 3090 1175 3152 locum
1196 3088 1307 3165 multi,
1324 3090 1384 3167 qui
1398 3088 1615 3167 gravissima,

385 3196 524 3259 sentina
537 3206 764 3275 peccatorum
776 3196 920 3275 gravati
931 3206 1024 3274 sunt,
1038 3196 1097 3275 qui
1109 3195 1231 3259 decem
1239 3205 1274 3257 et
1285 3194 1413 3275 viginti
1419 3204 1454 3257 et
1460 3195 1613 3274 plurium

383 3319 560 3366 annorum
571 3312 720 3383 peccata
732 3301 951 3377 confitentes
965 3320 1046 3365 cum
1058 3303 1228 3383 lacrymis
1239 3303 1359 3365 multis
1366 3320 1409 3365 ea
1420 3302 1617 3380 diluebant,

382 3418 418 3472 et
433 3426 515 3472 cum
530 3426 600 3472 non
615 3418 733 3471 essent
749 3410 856 3489 aliqui
871 3410 950 3472 ausi
964 3426 1029 3472 sua
1040 3419 1188 3488 peccata
1201 3410 1280 3472 aliis
1291 3408 1531 3487 manifestare,
1543 3424 1613 3471 non

382 3517 497 3579 solum
512 3516 621 3579 libere
637 3514 893 3579 confitebantur
909 3517 1054 3594 nostris,
1070 3516 1133 3579 sed
1146 3518 1333 3595 generales
1353 3515 1460 3579 etiam
1479 3514 1613 3578 confes-

382 3623 502 3685 siones
516 3634 642 3701 sponte
656 3640 722 3686 sua
737 3622 855 3686 lacere
871 3624 1049 3701 volebant,
1062 3624 1261 3703 utporitate
1275 3632 1311 3684 et
1325 3639 1414 3702 pace
1431 3623 1613 3685 conscien-

382 3730 455 3793 tiae
468 3730 539 3793 srui
549 3740 706 3810 possent,
721 3740 756 3793 et
768 3731 798 3793 si
810 3746 867 3793 res
882 3730 1060 3810 exigebat,
1073 3731 1235 3810 publicas
1244 3730 1352 3793 etiarn
1364 3729 1614 3810 poenitentias,

381 3836 533 3917 flagellis
547 3854 586 3901 se
601 3836 793 3915 caedendo,
811 3846 871 3900 aut
891 3838 982 3918 alias
995 3836 1231 3917 poenitentias
1245 3835 1427 3899 subeundo
1441 3836 1612 3916 perliben-

381 3953 447 4007 ter.
463 3943 565 4007 Multi
580 3944 686 4007 etiam
706 3955 897 4022 expectare
913 3944 973 4008 diu
988 3944 1167 4008 malebant
1186 3961 1294 4024 quam
1313 3943 1392 4006 aliis
1405 3942 1611 4006 confiteren-

380 4061 450 4131 tur;
467 4052 575 4115 immo
592 4052 652 4131 qui
669 4070 713 4114 ex
725 4051 853 4116 vicinis
867 4061 970 4115 erant
985 4050 1125 4133 oppidis
1139 4062 1201 4115 aut
1212 4050 1427 4128 civitatibus,
1441 4050 1517 4114 sine
1529 4066 1611 4112 con·

379 4158 533 4221 sessione
549 4157 692 4221 domurn
718 4157 891 4237 redibant,
909 4167 947 4221 ut
969 4158 1085 4221 denuo
1107 4158 1301 4221 Lauretum
1318 4158 1449 4221 nostris
1463 4167 1610 4237 peccata

380 4263 580 4327 consessuri
596 4266 759 4329 venirent
765 4280 772 4342 ;
789 4264 882 4327 hanc
895 4266 989 4328 enim
1001 4266 1280 4328 consolationem
1292 4284 1314 4328 a
1325 4264 1457 4327 nostris
1468 4264 1613 4327 omnino

379 4370 511 4433 habere
527 4372 727 4450 cupiebant.

443 4476 510 4538 187.
555 4476 644 4541 Cum
660 4478 768 4541 etiam
784 4478 892 4559 aliqui
907 4479 1079 4541 clariores
1104 4478 1174 4541 viri
1196 4478 1369 4557 dignitate
1394 4489 1456 4540 aut
1481 4476 1610 4541 litteris

378 4583 573 4647 Lauretum
590 4585 781 4663 venissent,
794 4584 936 4665 ipsimet
952 4586 1145 4649 Lauretani
1160 4586 1206 4649 ad
1220 4595 1362 4648 nostros
1380 4602 1442 4678 eos
1462 4584 1607 4647 deduce-

379 4690 476 4769 bant,
494 4701 528 4755 et
545 4692 684 4771 ipsimet
702 4693 808 4755 ctiam
826 4692 975 4755 libenter
991 4692 1122 4755 nostris
1136 4692 1407 4756 confitebantur.
