3717 5400
365 441 449 526 616,
817 442 947 506 Canon.
972 443 1050 506 Soc.
1074 444 1146 518 Jns.

367 586 539 670 Princeps
557 590 671 654 malus
691 599 795 669 esset,
819 590 881 655 sed
902 590 986 672 quia
1004 590 1184 672 legitimus
1203 590 1240 653 in
1264 607 1308 654 eo
1326 606 1439 670 regno
1459 606 1600 654 succes·

369 711 430 758 sor
443 711 514 760 non
528 694 665 776 suisset3
680 705 716 760 et
738 695 807 760 bac
826 698 966 761 ratione
985 715 1007 761 a
1027 696 1160 760 nostris
1181 695 1325 760 omnino
1340 712 1491 776 regnum
1512 695 1598 762 illud

369 802 485 883 Congi
499 802 661 868 relictum
674 812 739 870 est.

434 1444 523 1511 1690.
566 1445 605 1510 In
625 1445 770 1510 civitate
790 1445 933 1510 Tituani
954 1447 1050 1510 solus
1071 1456 1149 1510 erat
1170 1447 1283 1511 irater
1304 1457 1425 1510 noster
1440 1445 1603 1525 Ignatius

372 1553 558 1633 Vogadus,
583 1571 648 1617 nec
673 1553 842 1618 sacerdos
864 1555 957 1617 ullus
980 1555 1059 1617 loco
1080 1552 1198 1618 Patris
1218 1552 1451 1618 Patriarchae
1471 1554 1604 1617 missus

372 1661 500 1739 suerat;
516 1660 599 1740 quia
615 1669 733 1724 tamen
754 1658 793 1723 Ρ.
816 1661 975 1742 Ignatius
995 1670 1207 1741 potestatem
1227 1661 1365 1726 fecerat
1386 1660 1602 1725 Provinciali

373 1767 612 1846 Portugalliae
641 1765 795 1848 aliquem
823 1767 1001 1847 mittendi,
1031 1784 1113 1832 cum
1139 1784 1265 1832 secure
1293 1778 1328 1832 et
1356 1766 1541 1832 commode
1565 1767 1602 1831 id

373 1873 448 1938 fieri
462 1885 593 1954 posset,
610 1875 763 1956 aliquem
778 1875 1002 1940 sacerdotem
1015 1876 1155 1940 mittere
1169 1875 1281 1940 nostri
1291 1875 1506 1952 statuebant,
1520 1891 1602 1938 curn

373 1982 532 2046 sexcenti
553 1980 627 2044 sere
655 1991 773 2045 essent
798 1982 932 2062 captivi
955 1981 1141 2046 christiani
1165 1999 1209 2046 ea
1234 1981 1270 2044 in
1296 1980 1395 2059 urbe,
1422 1981 1482 2062 qui
1507 1980 1604 2046 aliud

373 2088 447 2151 sere
472 2087 638 2152 solatium
662 2106 769 2169 quam
794 2099 937 2153 nostros
962 2107 1034 2152 non
1058 2089 1254 2166 habebant,
1281 2105 1347 2152 nec
1373 2088 1430 2151 cui
1455 2097 1602 2166 peccata

376 2193 643 2275 confiterentur;
664 2203 698 2259 et
718 2197 766 2259 ita
782 2196 1090 2277 conquerebantur
1109 2196 1205 2278 quod
1222 2195 1260 2259 P.
1281 2195 1437 2277 Joannes
1456 2195 1606 2274 Nugnez

376 2319 419 2368 eo
446 2319 519 2366 non
544 2302 708 2366 rediisset
736 2303 755 2365 ¹.
782 2302 908 2366 Frater
934 2303 1076 2384 quidem
1101 2312 1220 2367 noster
1244 2301 1415 2380 Ignatius,
1441 2303 1610 2382 quamvis

376 2410 488 2485 solus,
514 2425 645 2488 magna
667 2419 785 2472 tamen
808 2426 887 2472 curn
909 2410 1040 2473 virtute
1060 2411 1151 2473 inter
1170 2409 1335 2489 captivos
1352 2409 1608 2488 perseverabat

375 2526 411 2580 et
425 2516 635 2580 charitatem
651 2514 850 2580 mirandum
870 2517 905 2579 in
926 2517 1071 2580 modum
1092 2517 1240 2580 cumeis
1262 2515 1463 2592 exercebat;
1479 2527 1514 2580 et
1536 2533 1608 2580 non

376 2624 490 2688 solum
518 2623 719 2703 LusitaniS,
747 2622 811 2686 sed
836 2622 1048 2688 Castellanis
1073 2624 1192 2703 etiam,
1220 2623 1358 2686 ratione
1383 2624 1610 2703 captivorum

376 2732 481 2796 valde
497 2740 580 2794 nota
597 2740 674 2794 crat
690 2730 851 2795 Societas
867 2732 926 2795 illo
942 2733 979 2795 in
995 2734 1089 2795 loco.

437 2838 481 2901 Et
498 2838 586 2901 haec
601 2837 644 2901 de
661 2840 765 2902 rebus
780 2838 937 2906 Africae.

419 3080 428 3113 ¹
456 3078 524 3123 Vide
535 3090 623 3136 supra,
635 3088 653 3125 t.
664 3092 700 3133 tv.
711 3093 772 3137 pag.
782 3082 857 3125 5⁶7et
865 3092 929 3136 seq..
941 3094 983 3126 nn.
994 3046 1116 3127 immid.
