3717 5400
832 496 898 555 Art·
918 496 989 555 1555
1473 490 1528 549 715

290 638 511 720 exploraret,
527 638 621 721 quod
635 639 762 705 attinet
776 640 823 705 ad
836 640 942 705 fidem
956 638 1190 705 christianam
1201 634 1476 719 suscipiendam
1488 645 1524 699 et

292 744 437 827 siquod
452 746 582 811 ostium
602 748 800 829 aperiretur
820 747 867 812 ad
881 745 1118 827 Evangelium
1133 743 1422 827 praedicandum,
1446 758 1525 807 eam

294 852 525 916 occasionem
540 870 612 918 non
626 870 704 918 esse
718 851 1069 935 praetermittendam
1081 850 1273 933 iudicabat.

361 957 449 1023 1997.
492 958 537 1023 Et
550 959 601 1025 ita
615 960 789 1041 navigare
802 959 849 1024 ad
863 960 977 1040 siuaS,
994 977 1059 1023 suo
1074 959 1221 1040 navigio
1236 958 1374 1038 relict0‚
1397 958 1526 1023 consti·

294 1065 378 1129 tuit.
394 1064 497 1129 Prius
510 1075 630 1131 tamen
644 1085 751 1148 quam
765 1065 850 1132 illud
865 1066 875 1099 ¹
889 1068 1116 1148 relinqueret,
1138 1066 1174 1131 in
1196 1064 1323 1147 majori
1344 1082 1451 1145 quam
1465 1082 1527 1130 un·

294 1188 406 1253 quam
419 1172 517 1237 vitae
535 1174 694 1254 periculo
715 1182 880 1240 versatus
900 1183 969 1255 est,
989 1191 1073 1239 nam
1091 1172 1216 1254 gravis
1235 1181 1427 1255 tempestas
1448 1180 1527 1236 orta

296 1295 408 1343 unam
422 1296 468 1343 ex
485 1280 556 1345 illis
576 1281 717 1361 magnis
735 1281 888 1347 navibus
905 1282 959 1346 sic
978 1280 1126 1363 impulit,
1142 1290 1301 1360 utsupra
1323 1288 1527 1344 nostrorum

297 1386 484 1467 navigium
498 1386 663 1467 serretur,
679 1397 715 1453 et
729 1391 984 1470 propemodum
998 1388 1035 1453 in
1053 1386 1268 1470 profundum
1285 1385 1371 1451 illud
1392 1395 1526 1465 ageret3

294 1492 363 1557 sed
386 1492 579 1559 evadentes
600 1496 670 1559 hoc
690 1495 904 1576 periculum,
925 1504 1030 1562 nocte
1049 1495 1166 1559 adhuc
1189 1493 1295 1558 valde
1317 1494 1470 1558 obscura
1491 1492 1528 1555 in

296 1600 407 1665 aliam
426 1602 548 1665 navim
572 1602 719 1683 impegit
739 1612 774 1668 et
793 1602 934 1669 demum
959 1603 1073 1683 mergi
1096 1603 1298 1683 incipiebat.
1324 1598 1393 1665 Sed
1417 1598 1528 1664 Anto·

299 1706 381 1771 nius
394 1705 525 1773 Perera
540 1708 713 1789 scapham
729 1710 855 1789 emisit,
871 1721 907 1774 et
921 1719 959 1775 ut
973 1710 1087 1774 nostri
1106 1708 1299 1773 evaderent
1317 1706 1527 1788 praesentis·

301 1811 431 1878 simum
445 1816 571 1879 mortis
584 1814 780 1895 periculum
795 1815 948 1899 adiuvit;
968 1826 1003 1881 et
1022 1816 1211 1898 stupebant
1227 1814 1333 1895 aliqui
1348 1830 1394 1878 ex
1407 1829 1527 1877 saecu·

297 1920 435 1985 laribus
449 1921 486 1985 in
499 1922 636 2003 itinere,
653 1922 698 1986 ad
713 1922 779 1988 Dei
794 1923 967 1990 honorem
980 1934 1159 2005 suscepto,
1174 1932 1246 1987 tam
1261 1923 1371 1987 multa
1385 1919 1529 2002 impedi·

300 2036 421 2093 menta
434 2037 469 2092 et
483 2030 642 2110 pericula
662 2047 868 2112 occurrere;
887 2032 950 2096 sed
966 2030 1002 2095 P.
1019 2031 1190 2096 Melchior
1206 2030 1378 2109 castigari
1392 2046 1413 2093 a
1435 2024 1526 2105 Deo,

298 2150 393 2214 quos
406 2136 481 2217 ipse
496 2146 604 2217 amat,
621 2147 656 2201 et
671 2139 815 2219 electos,
828 2148 867 2203 ut
877 2154 1005 2203 aurum
1015 2138 1051 2202 in
1062 2136 1218 2215 fornace,
1234 2134 1379 2217 probari
1393 2152 1437 2199 ac
1448 2150 1529 2215 pur-

296 2242 382 2321 gari
400 2243 585 2309 sentiebat.
1261 2293 1263 2299 ·

362 2348 451 2415 1998.
493 2351 549 2415 Ex
563 2352 620 2415 his
634 2368 740 2433 ergo,
757 2370 847 2433 quae
862 2354 900 2417 in
914 2352 1061 2433 navigio
1076 2368 1140 2417 suo
1155 2350 1327 2429 ferebant,
1345 2347 1528 2431 potissima

297 2474 463 2539 quaeque
477 2457 514 2522 in
528 2458 650 2523 navim
663 2458 693 2522 F
693 2459 848 2523 rancisci
861 2458 1040 2524 Toschani
1063 2460 1336 2537 transtulerunt;
1353 2453 1530 2537 quaedam

298 2564 410 2628 etiam
423 2564 517 2629 furto
531 2566 568 2630 in
582 2565 651 2629 hac
666 2564 901 2647 trepidatione
914 2565 1054 2630 sublata
1072 2566 1224 2630 fuerunt.

365 2670 452 2737 1999.
496 2672 563 2737 Die
582 2682 702 2739 autem
720 2675 799 2756 ipso
819 2672 878 2741 S.¹¹
896 2674 1043 2758 Joannis
1064 2672 1146 2739 inde
1164 2671 1314 2756 proiecti
1339 2686 1464 2736 versus
1478 2665 1529 2733 Si·

302 2795 385 2858 nas,
401 2779 438 2843 in
451 2777 622 2860 insulam,
638 2799 728 2862 quae
744 2782 940 2846 vocabatur
959 2781 1046 2846 Pulo
1066 2779 1253 2862 Campalo,
1268 2777 1528 2861 pervenientes,

297 2902 446 2950 sacrum
459 2887 497 2951 in
511 2904 554 2950 ea
569 2888 762 2953 celebravit
776 2888 814 2953 P.
831 2888 1021 2968 Melchior,
1041 2889 1102 2952 ubi
1121 2904 1266 2957 crucem
1284 2885 1474 2967 quamdam
1493 2883 1531 2946 in

301 3002 404 3073 petra
427 2994 588 3059 excisam
605 2995 829 3076 invenerunt,
851 3013 959 3078 quum
979 2996 1124 3077 quidam
1143 2995 1329 3060 Eduardus
1351 2988 1530 3058 Choelus'

304 3099 431 3165 confici
442 3111 644 3182 curaverat;
657 3112 692 3167 et
702 3119 775 3167 non
786 3104 862 3167 sine
872 3103 1040 3184 periculis
1050 3101 1225 3183 vigesima
1236 3102 1320 3185 Julii
1331 3101 1366 3164 in
1378 3101 1531 3164 insulam

298 3204 505 3273 Sanchoam
529 3219 714 3290 vocatam,
741 3226 832 3292 quae
856 3211 1001 3290 triginta
1020 3211 1133 3274 leucis
1155 3228 1177 3273 a
1201 3209 1346 3273 civitate
1367 3207 1532 3272 Chanton

297 3313 470 3391 distabat,
491 3324 527 3379 et
546 3316 583 3380 in
602 3317 728 3381 eodem
742 3318 834 3396 loco,
854 3316 915 3382 ubi
934 3333 1065 3399 corpus
1079 3316 1119 3379 P.
1134 3312 1465 3380 FrancisciXavier
1479 3329 1531 3376 se·

300 3421 437 3501 pultum
447 3423 575 3503 fuerat,
589 3422 737 3488 Missam
749 3424 954 3505 celebravit,
968 3425 1067 3505 prius
1078 3424 1210 3488 evulsis
1221 3421 1350 3501 herbiS,
1364 3420 1490 3500 quibus
1501 3420 1532 3483 is

302 3528 402 3592 locus
412 3527 489 3610 jam
504 3533 668 3594 occlusus
681 3529 694 3562 ⁸
708 3541 795 3597 erat.
812 3532 858 3597 Et
872 3531 992 3597 multis
1013 3530 1187 3596 Dominus
1206 3528 1426 3610 spiritualem
1449 3543 1529 3591 con-

297 3635 513 3700 solationem
528 3637 697 3702 eximiam
710 3655 753 3702 eo
767 3639 804 3703 in
818 3640 899 3704 loco
917 3640 1051 3704 tribuit.

362 3739 454 3806 2000.
497 3741 650 3808 Demum
668 3745 774 3808 tertia
791 3745 848 3811 die
862 3746 1017 3826 Augusti
1035 3745 1071 3809 in
1091 3745 1244 3809 insulam
1263 3739 1533 3808 Lambacham⁴

301 3858 488 3928 venerunt,
505 3849 564 3913 ubi
577 3851 813 3916 lusitanorum
826 3869 939 3916 naves
953 3852 998 3916 ad
1014 3869 1078 3915 sua
1090 3851 1303 3915 commercia
1319 3849 1533 3913 commorari

298 3954 428 4019 solitae
443 3966 556 4020 erant.
573 3956 721 4022 Curavit
736 3968 854 4023 autem
869 3977 911 4022 ea
926 3960 964 4023 in
984 3959 1098 4023 insula
1121 3956 1159 4022 P.
1181 3955 1354 4022 Melchior
1375 3967 1413 4021 ut
1427 3957 1474 4020 in'
1485 3958 1532 4020 ci·

302 4062 452 4127 vitatem
479 4062 644 4129 Sinarum
671 4063 893 4130 Chantonem
917 4065 1129 4146 duceretur,
1156 4083 1240 4130 nam
1266 4073 1347 4146 post
1381 4071 1531 4128 mortem

343 4379 354 4414 ¹
380 4377 523 4423 tenutam.

342 4448 354 4483 Ι
383 4448 554 4506 Slc3Coellroi’

341 4521 354 4550 ²
380 4521 650 4568 llabubetevulm.

342 4593 356 4628 ὁ
380 4593 433 4648 διες
443 4593 512 4640 lutra
521 4593 721 4651 rampacaaon.
731 4595 920 4641 Exlrtinanur
929 4601 1026 4652 autem,
1036 4603 1066 4642 ut
1076 4608 1108 4642 ex
1119 4597 1286 4654 sequentibus
1297 4596 1371 4642 educi
1380 4607 1457 4652 poue
1464 4597 1537 4643 vide·

299 4671 355 4717 tur,
364 4676 508 4710 termonem
517 4677 575 4711 esse
584 4677 636 4711 nou
644 4666 676 4712 de
685 4666 770 4712 lunula
779 4667 885 4712 divam
895 4669 929 4712 ab
939 4667 993 4724 llla,
1003 4679 1069 4724 quae
1081 4669 1177 4715 dicitur
1187 4669 1348 4722 Sanctarum,
1356 4670 1401 4715 red
1411 4670 1443 4715 de
1452 4675 1532 4725 portu

264 4768 267 4775 .
301 4737 414 4794 quodem
421 4739 448 4783 ln
457 4738 549 4783 eudem
558 4740 651 4785 insula.
659 4739 727 4785 Vide
738 4741 814 4798 inira,
824 4751 850 4786 u.
859 4740 922 4786 2015.
