3717 5400
371 432 426 491 530
822 433 951 495 Cuaou.
976 435 1054 494 Soc.
1079 436 1150 509 Jas.

372 579 539 659 expedire
559 598 662 661 quam
688 582 851 657 maxime,
868 581 976 645 immo
996 582 1227 662 praecipuum
1246 599 1324 644 esse
1345 582 1500 647 medium
1521 600 1602 648 cum

371 686 492 750 divina
518 689 646 766 gratia,
675 689 851 752 neminem
874 688 1011 752 admitti
1036 689 1073 752 in
1097 687 1323 767 Societatem,
1350 690 1410 770 qui
1431 692 1550 753 statim
1565 692 1600 754 in

370 795 589 874 probationis
604 795 710 859 domo
725 814 796 859 non
816 805 1037 859 exerceatur.
1065 796 1161 859 Viva
1183 797 1276 860 enim
1302 798 1478 861 desideria
1497 800 1600 877 proti-

370 901 486 966 ciendi
501 902 537 965 in
552 902 617 980 his,
635 904 695 982 qui
711 903 884 967 accedunt
899 904 945 966 ad
956 903 1176 982 religionem,
1193 905 1347 967 etanimi
1359 905 1480 969 blandi
1493 915 1528 969 et
1541 924 1598 969 ca-

367 1026 477 1088 paces
491 1009 536 1072 ad
551 1009 805 1073 institutionem
820 1009 1093 1090 suscipiendam,
1110 1010 1156 1073 ad
1170 1012 1456 1075 observationem
1476 1030 1600 1077 eorum

368 1117 536 1195 omnium,
553 1134 643 1195 quae
656 1126 912 1197 proponuntur,
926 1134 1003 1180 sese
1015 1116 1120 1179 facile
1132 1119 1414 1191 accommodant3
1429 1128 1463 1182 et
1479 1129 1599 1183 tamen

367 1224 443 1304 ipse
458 1224 501 1286 ad
522 1224 774 1305 perfectionem
794 1223 1048 1305 acquirendam
1062 1223 1200 1287 nescire
1220 1242 1270 1304 se,
1292 1225 1353 1303 ait,
1375 1227 1410 1289 in
1430 1227 1535 1290 terris
1548 1226 1600 1290 fa-

366 1331 525 1396 ciliorem
536 1349 578 1394 ac
590 1332 791 1395 suaviorem
803 1332 911 1407 viam,
926 1348 1005 1393 curn
1015 1331 1135 1394 divina
1144 1332 1274 1411 gratia,
1288 1349 1393 1412 quam
1403 1333 1597 1413 perfectam

366 1439 650 1502 observationem
663 1439 925 1518 praedictarum
938 1438 1237 1503 Constitutionum
1251 1450 1286 1501 et
1297 1439 1514 1519 Regularum
1530 1442 1549 1517 ¹;
1563 1453 1600 1505 et

365 1562 446 1608 cum
462 1544 637 1609 Simancis
651 1546 688 1608 P.
706 1545 919 1609 Franciscus
936 1546 1003 1607 hoc
1019 1545 1067 1609 ita
1083 1563 1162 1608 esse
1176 1547 1280 1625 plane
1295 1558 1519 1627 perspectum
1534 1550 1598 1613 ha·

364 1652 475 1731 beret,
492 1660 527 1715 et
542 1652 612 1715 aP.
630 1651 768 1731 ignatio
785 1652 981 1731 accepisset
995 1658 1034 1714 ut
1051 1652 1086 1713 in
1106 1652 1255 1731 singulis
1275 1654 1470 1734 provinciis
1488 1673 1597 1719 unam

364 1760 583 1839 probationis
595 1758 738 1823 domum
750 1760 885 1821 institui
897 1768 1052 1835 curaret,
1067 1759 1218 1838 injunxit
1230 1759 1321 1823 idem
1331 1758 1368 1822 P.
1381 1760 1411 1824 F
1412 1762 1598 1825 ranciscus

340 1896 342 1901 v
364 1866 461 1929 Patri
481 1866 711 1930 Bustamante
731 1874 767 1927 ut
790 1865 975 1928 Cordubae
994 1863 1195 1944 hujusmodi
1215 1867 1433 1946 probationis
1452 1868 1596 1936 domum

363 1974 573 2037 institueret.
682 1953 685 1958 ¹

406 2079 494 2143 1447.
539 2079 590 2143 Re
606 2080 714 2157 igitur
730 2097 808 2143 cum
824 2079 868 2142 D.
888 2079 1027 2161 Joanne
1044 2078 1088 2142 de
1103 2078 1280 2159 Corduba,
1303 2079 1503 2157 fundatore,
1525 2083 1595 2145 col-

363 2189 446 2266 lata,
460 2176 498 2251 'et
512 2205 591 2251 cum
614 2186 679 2250 D)
693 2186 952 2251 Marchionissa
972 2186 1015 2249 de
1030 2185 1169 2267 Prieg0,
1193 2204 1284 2268 quae
1309 2205 1440 2267 magna
1457 2206 1543 2253 cura
1559 2198 1596 2253 et

362 2305 505 2359 nostros
520 2295 565 2358 ad
577 2294 871 2358 sustentationem
887 2292 1080 2372 adjuvabat
1100 2304 1134 2356 et
1153 2293 1369 2357 dotationem
1386 2305 1594 2376 perpetuam

362 2405 520 2480 curabat,
538 2412 573 2465 et
588 2411 736 2482 utroque
749 2417 824 2463 rem
841 2401 1072 2479 approbante,
1091 2401 1157 2463 hoc
1172 2411 1341 2464 autumno
1358 2412 1497 2482 partem
1515 2402 1593 2467 Col·

361 2509 444 2588 legii
460 2510 652 2589 separavit,
670 2519 704 2571 et
731 2508 875 2571 novitiis
900 2507 1094 2586 probandis
1119 2509 1314 2587 deputavit,
1340 2510 1412 2588 qui,
1428 2511 1506 2574 sine
1521 2512 1594 2574 ullo

360 2616 571 2679 detrimento
585 2616 736 2695 collegii,
750 2614 785 2677 in
797 2615 972 2693 separatis
982 2614 1260 2678 habitationibus
1274 2632 1376 2679 suam
1388 2618 1593 2681 clausuram

361 2734 396 2787 et
416 2724 638 2804 probationis
659 2722 946 2785 commoditatem
967 2722 1150 2785 haberent.
1174 2723 1217 2786 Et
1236 2724 1288 2786 sic
1307 2724 1500 2803 dispositae
1520 2725 1588 2789 fue·

360 2842 442 2894 runt
457 2831 694 2893 habitationes
710 2831 801 2905 illae,
818 2837 857 2892 ut
871 2829 970 2892 locus
985 2829 1113 2908 viginti
1132 2830 1375 2909 collegialibus
1394 2841 1428 2894 et
1444 2833 1588 2911 quinde-

360 2938 427 3000 cim
440 2937 584 3000 novitiis
596 2945 809 3016 suppeteret:
826 2944 954 2998 etcum
968 2935 1148 2999 videretur
1164 2935 1201 2998 Ρ.
1218 2937 1460 3015 Bustamante,
1473 2957 1592 3002 novus
1679 2991 1685 3000 .

359 3042 605 3130 Provinciam,
623 3041 825 3121 significare
840 3040 935 3120 quod
950 3042 1069 3104 multis
1084 3042 1231 3106 novitiis
1245 3044 1344 3106 locus
1355 3044 1503 3107 idoneus
1517 3063 1589 3109 non

358 3158 572 3231 suppeteret,
589 3167 689 3229 spem
704 3149 787 3212 fecit
798 3147 891 3212 idem
905 3147 950 3212 D.
966 3148 1123 3231 Joannes
1139 3149 1181 3212 de
1195 3150 1300 3212 domo
1320 3151 1389 3214 alia
1411 3151 1589 3231 donanda,

359 3276 466 3339 quam
481 3258 632 3336 collegio
648 3266 769 3319 nostro
784 3254 1011 3336 conjunctam
1025 3255 1093 3320 sibi
1105 3256 1173 3336 ipsi
1188 3256 1452 3335 aedificaverat,
1468 3276 1589 3339 quam·

358 3384 426 3446 que
451 3375 535 3429 tunc
562 3364 800 3442 inhabitabat,
827 3380 918 3443 quae
945 3364 1064 3442 plures
1088 3363 1327 3427 habitationes
1351 3382 1458 3444 quam
1487 3367 1590 3429 colle-

356 3473 457 3552 gium
475 3480 635 3536 nostrum
655 3471 818 3534 habebat.
843 3468 913 3532 Sed
935 3471 965 3533 si
985 3468 1020 3532 id
1044 3486 1117 3532 non
1132 3478 1329 3550 praestaret
1352 3469 1396 3534 D.
1417 3471 1587 3554 JoanneS,

357 3579 530 3660 Hispalim
546 3588 607 3641 aut
623 3578 820 3641 Granatam
846 3575 1033 3640 transferri
1057 3591 1162 3655 posse
1177 3578 1344 3640 censebat
1368 3581 1589 3657 probationis

357 3687 511 3765 domum,
529 3687 565 3749 in
580 3686 707 3766 quibus
722 3684 915 3748 sustentari
935 3682 1076 3746 facilius
1089 3701 1194 3764 posse
1208 3684 1400 3749 verisimile
1415 3697 1503 3750 erat.

398 3792 485 3858 1448.
528 3791 599 3856 20.a
613 3809 700 3871 ergo
726 3792 781 3855 die
808 3789 984 3868 Octobris
1010 3790 1182 3853 tredecim
1206 3792 1332 3854 novitii
1357 3794 1392 3854 in
1407 3809 1502 3856 nova
1516 3793 1586 3856 hac

355 3902 459 3965 tlomo
478 3899 699 3981 probationis
721 3899 826 3978 positi
848 3897 1001 3975 fuerunt;
1027 3906 1062 3959 et
1083 3897 1202 3960 statim
1218 3899 1277 3960 alii
1302 3899 1455 3979 quinque
1475 3900 1585 3965 additi

352 4009 493 4072 fuerunt
502 4017 583 4070 ante
596 4008 689 4070 hunc
698 4023 855 4069 mensem
866 4013 1045 4077 exactum,
1057 4014 1091 4066 et
1102 4005 1165 4067 vix
1173 4006 1405 4084 praeterierat
1417 4008 1583 4087 triduum,

354 4112 460 4197 [cum]
486 4133 545 4178 res
569 4122 671 4176 erant
692 4113 728 4202 in
747 4129 842 4176 nova
861 4112 967 4174 domo
989 4109 1208 4191 probationis
1230 4111 1282 4175 sic
1304 4115 1529 4190 constitutae,
1547 4125 1586 4178 ut

352 4238 483 4301 magna
503 4237 583 4284 cum
600 4219 842 4284 consolatione
862 4227 896 4280 et
919 4218 1035 4298 quiete
1052 4217 1181 4296 omnia,
1203 4236 1294 4298 quae
1319 4220 1365 4282 ad
1384 4219 1584 4301 hujusmodi

351 4328 601 4409 probationem
626 4327 814 4406 pertinent,
841 4333 1109 4403 exercerentur;
1136 4332 1170 4386 et
1196 4326 1458 4390 mortificationi
1478 4339 1585 4409 atque

390 4603 400 4638 ¹
428 4603 495 4648 Vide
508 4603 596 4648 Patris
606 4603 801 4648 Bartholomaei
812 4601 983 4646 Bustamante
993 4599 1098 4645 litteras
1107 4600 1133 4644 in
1143 4601 1265 4645 Litterae
1274 4601 1505 4659 Quadrirrrestres,
1515 4612 1535 4650 t.
1542 4615 1582 4657 ιιι,

347 4688 409 4733 paz.
418 4674 519 4720 tos-7⁶¹2.
