3717 5400
371 483 427 545 552
453 562 455 567 Ι
822 484 950 547 Cianos.
975 485 1054 545 Soc.
1080 485 1151 558 Jns.

373 629 511 695 stabilis
527 628 534 661 ¹
552 647 654 694 suum
668 631 755 695 illud
770 630 971 711 collegium,
987 631 1084 712 quod
1097 630 1227 712 Burgis
1240 632 1497 696 aedificabatur
1508 641 1531 711 ¹,
1545 631 1611 697 So·

375 737 495 800 cietati
510 747 655 802 nostrae
669 738 835 802 libentius
850 739 1058 819 applicaret.

438 843 527 906 1513.
570 844 797 925 Methymnae
812 855 932 909 autem
946 846 1068 910 eodem
1084 846 1153 909 hoc
1168 864 1261 909 anno
1282 848 1425 911 scholas
1443 846 1609 911 inchoari

375 952 498 1030 voluit,
515 950 609 1032 quod
624 951 761 1016 duobus
773 953 1083 1017 concionatoribus
1094 956 1262 1035 populum
1273 954 1373 1018 illum
1384 953 1603 1034 privaverat,

376 1069 412 1121 et
433 1060 501 1122 hoc
520 1059 780 1135 detrimentum,
805 1060 1008 1123 scholarum
1032 1061 1230 1141 commod0,
1256 1078 1491 1141 compensare
1513 1062 1612 1124 vole-

376 1166 437 1229 bat
451 1163 475 1245 ⁸;
492 1166 587 1246 quod
599 1166 676 1229 sore
691 1176 791 1230 tanto
806 1166 923 1248 majus
939 1185 980 1231 eo
993 1178 1154 1248 tempore
1169 1168 1424 1246 arbitrabatur,
1445 1168 1539 1248 quod
1557 1170 1606 1232 lu·

378 1272 598 1353 dimagister‚
615 1274 675 1354 qui
692 1272 918 1355 Methymnae
938 1275 1074 1339 litteras
1095 1274 1323 1340 humaniores
1346 1276 1512 1354 docebat,
1537 1274 1610 1339 Sal·

377 1381 571 1444 manticam
587 1380 812 1462 discesserat,
829 1392 864 1445 et
883 1392 959 1445 tota
977 1382 1156 1463 juventus,
1179 1401 1260 1446 eum
1280 1382 1406 1447 audire
1427 1382 1542 1459 solita,
1564 1382 1614 1445 ad

377 1498 534 1567 nostros,
551 1488 582 1550 si
596 1488 741 1551 scholae
756 1490 989 1569 aperirentur,
1006 1498 1157 1553 ventura
1173 1489 1374 1553 videbatur.

441 1594 529 1658 1514.
576 1595 665 1660 Cum
676 1595 917 1675 Portugalliae
927 1594 1006 1659 Rex
1017 1614 1120 1659 suum
1132 1596 1331 1677 Collegium
1347 1595 1611 1660 Conimbricen-

379 1720 418 1765 se
433 1700 604 1767 Societati
619 1700 773 1766 dedisset
788 1699 810 1781 ⁸,
829 1703 962 1783 aliquid
976 1703 1122 1766 subsidii
1137 1705 1183 1769 ad
1198 1721 1309 1766 onera
1325 1703 1384 1766 illa
1398 1701 1544 1765 ferenda
1564 1719 1611 1766 ex

379 1808 553 1889 Hispania
569 1809 707 1872 mittere
722 1808 857 1873 studuit
872 1807 894 1887 ’ς
912 1810 1074 1891 quamvis
1090 1810 1206 1875 minus
1220 1811 1349 1875 fuisset
1361 1827 1468 1891 quam
1479 1810 1616 1873 voluis--

380 1925 446 1995 set,
463 1925 609 1997 propter
624 1932 733 1979 onera
748 1916 783 1978 in
795 1916 954 1996 ipsismet
968 1917 1163 1996 provinciis
1174 1916 1369 1998 Hispaniae
1385 1916 1517 1980 nostris
1531 1916 1611 1979 sub·

378 2023 494 2086 eunda
509 2020 532 2087 ⁶.
959 2078 969 2100 ,

443 2128 531 2193 1515.
574 2128 670 2193 Misit
686 2130 792 2193 etiam
807 2129 844 2193 P.
861 2129 1072 2193 Michaelem
1085 2130 1227 2209 Torres,
1244 2130 1505 2194 Provincialem
1522 2129 1616 2194 Bae-

380 2236 484 2316 ticae,
502 2247 539 2301 ut
554 2238 715 2319 superius
731 2236 884 2300 diximus
901 2234 927 2314 ¹,
949 2254 1020 2299 non
1039 2238 1154 2299 solum
1172 2238 1208 2299 in
1229 2237 1488 2300 confessarium
1506 2234 1612 2317 Regi·

380 2360 459 2423 nae,
481 2355 586 2425 prout
607 2346 684 2425 ipsa
704 2342 917 2424 postulabat,
939 2343 1003 2406 sed
1021 2344 1128 2407 etiam
1148 2344 1184 2407 in
1204 2344 1467 2407 Provincialem
1487 2342 1611 2407 Portu·

379 2452 522 2531 galliae,
539 2463 644 2533 prout
658 2450 696 2515 P.
713 2450 853 2531 Ignatio
869 2450 987 2513 visum
1001 2450 1079 2514 luit.
1095 2449 1168 2513 Nec
1181 2461 1299 2513 tamen
1311 2452 1432 2514 statim
1443 2451 1612 2514 evocavit

379 2558 483 2640 DQ
497 2558 682 2639 Mironem,
699 2559 812 2621 donec
827 2574 886 2621 res
905 2558 990 2621 novi
1005 2557 1154 2637 Collegii
1166 2558 1466 2623 Conimbricensis
1480 2558 1614 2621 consti-

379 2674 504 2731 tueret.

443 2772 530 2836 1516.
574 2774 653 2837 Non
669 2774 790 2854 exigui
806 2773 976 2837 momenti
990 2789 1068 2836 esse
1083 2773 1251 2837 censebat
1266 2771 1303 2836 P.
1316 2773 1530 2837 Franciscus
1541 2774 1612 2835 col·

379 2881 512 2960 legium
537 2879 634 2959 illud,
661 2880 754 2961 quod
781 2880 818 2943 in
842 2895 955 2959 regno
981 2879 1184 2943 Gallaeciae
1209 2879 1339 2943 Comes
1358 2879 1490 2942 Montis
1509 2877 1616 2958 Regii

380 2996 479 3050 motu
499 2987 642 3068 proprio
668 2986 877 3067 erigendum
898 2995 1104 3066 susceperat
1127 2985 1150 3066 ⁸,
1174 2995 1209 3049 et
1231 3004 1292 3049 eos
1317 2986 1451 3049 reditus
1475 3002 1613 3048 annuos

381 3096 561 3176 applicare
586 3095 729 3158 volebat
755 3103 794 3157 ut
818 3111 890 3157 non
915 3103 1033 3158 essent
1054 3095 1212 3157 minores
1236 3111 1343 3173 quam
1364 3093 1423 3173 qui
1444 3091 1616 3157 Societati

380 3210 524 3266 nostrae
537 3203 572 3266 in
584 3201 743 3281 Collegio
756 3201 1041 3281 compostellano
1054 3199 1295 3264 offerebantur
1306 3197 1329 3263 ⁹.
1344 3199 1506 3262 Habebat
1518 3199 1613 3262 enim

377 3309 434 3389 jus
449 3319 660 3390 patronatus
675 3311 865 3372 multorum
880 3305 1143 3387 beneficiorum,
1160 3324 1252 3387 quae
1264 3307 1388 3370 adhoc
1405 3323 1493 3386 opus
1504 3306 1614 3386 appli-

380 3435 464 3481 care
479 3427 632 3497 poterat,
648 3426 787 3498 partem
802 3415 959 3496 aliquam
974 3415 1026 3477 eis
1040 3414 1285 3494 relinquendo,
1302 3414 1363 3493 qui
1376 3430 1499 3476 curam
1514 3428 1613 3491 gere·

379 3535 459 3589 rent
474 3525 685 3604 animarum;
700 3541 766 3586 nec
782 3532 856 3586 tam
872 3525 1003 3586 multos
1017 3522 1185 3600 exigebat
1198 3522 1363 3599 lectores,
1380 3537 1486 3600 quam
1501 3519 1617 3583 Colle=

380 3633 441 3712 gio
462 3631 646 3713 praedicto
667 3629 958 3710 Compostellano
980 3628 1146 3708 promissi
1171 3628 1330 3706 fuerant;
1358 3639 1392 3690 et
1414 3625 1616 3705 difficultaS,

381 3757 472 3820 quae
494 3739 531 3801 in
557 3739 617 3801 illo
630 3735 653 3768 ¹⁰
674 3736 886 3818 applicando
909 3734 1077 3805 Societati
1096 3752 1117 3796 a
1141 3734 1351 3815 quibusdam
1372 3735 1615 3814 ingerebatur,

380 3847 449 3910 hac
464 3846 604 3909 ratione
619 3861 766 3907 cessura
781 3843 817 3906 in
835 3841 1024 3907 Societatis
1039 3839 1264 3904 commodum
1279 3841 1477 3916 videbatur;
1494 3849 1530 3903 et
1544 3839 1621 3903 iru-

423 4091 430 4117 1
460 4085 527 4130 Vide
537 4097 626 4139 supra.
638 4091 656 4128 t.
667 4095 695 4128 ru
705 4091 732 4127 et
743 4095 778 4134 ιν,
789 4083 831 4126 ubi
842 4083 931 4136 agitur
941 4083 972 4126 de
984 4081 1100 4135 collegio
1111 4081 1246 4135 Burgensi.

422 4160 433 4190 ¹
461 4157 528 4201 Vide
543 4158 637 4200 Carens
647 4157 681 4200 de
692 4155 747 4198 San
756 4155 876 4208 Igancio,
887 4161 905 4197 t.
917 4167 942 4202 v.
952 4165 1012 4208 pag.
1020 4155 1067 4197 515.

422 4231 434 4261 ³
460 4229 527 4274 Vide
538 4240 625 4283 supra,
637 4239 697 4282 pag.
707 4228 755 4281 tal,
764 4237 805 4270 no.
817 4225 868 4269 1195
878 4233 904 4269 ct
917 4225 977 4269 1125.

423 4303 436 4334 ⁴
462 4301 529 4344 Vide
540 4301 616 4349 inira.
628 4311 653 4342 n.
665 4299 718 4342 1620
729 4305 755 4341 ct
767 4309 820 4352 seq.

423 4373 435 4406 ⁵
462 4370 775 4424 P.FranciscusBorgia.

423 4441 436 4477 ⁸
463 4443 530 4487 Vide
541 4454 629 4497 supra,
639 4454 699 4497 pag.
709 4442 758 4497 551,
769 4453 792 4484 n.
804 4441 864 4494 1508,
875 4447 901 4483 et
913 4440 989 4490 inira,
1001 4451 1025 4484 n.
1039 4440 1097 4482 lol7.

424 4519 434 4550 ⁷
464 4515 697 4570 Pagotamitto.

424 4589 436 4622 ⁸
464 4589 530 4632 Vide
541 4599 628 4642 supra,
640 4599 700 4642 pag.
709 4587 758 4636 162,
769 4599 792 4629 n.
806 4587 866 4630 1255.

425 4659 438 4692 ⁹
464 4659 530 4704 Vide
542 4671 630 4714 supra,
641 4665 659 4702 t.
672 4669 699 4711 rr,
712 4669 741 4702 ru
750 4665 777 4701 et
788 4669 823 4702 rc.

426 4729 449 4765 ¹⁰
476 4730 695 4785 compostellano.
