3717 5400
843 456 906 513 Art.
928 456 999 515 1555
1482 456 1539 517 717

302 600 399 681 quod
410 600 601 665 Provincia
611 601 701 664 haec
713 600 909 664 Chantonis
918 610 1086 665 sexcenta
1096 600 1202 663 millia
1213 600 1384 664 librarum
1395 602 1536 679 argenti

303 706 395 787 Regi
417 706 605 787 pendebat;
630 708 694 771 sed
717 707 909 787 vectigalia
935 706 1149 786 gravissima
1165 715 1261 781 sunt;
1289 723 1372 769 nam
1394 707 1535 787 singula

304 814 487 879 hominum
496 815 927 894 capitaadecimooctavo
940 831 1050 895 usque
1062 813 1107 877 ad
1117 814 1382 893 sexagesimum
1393 816 1536 881 tertiam

302 929 443 1002 partem
457 922 556 984 aurei
571 922 703 985 nummi
718 923 870 998 solvunt,
887 930 923 984 et
939 921 1100 1000 singulae
1112 921 1238 984 domus
1250 922 1481 1003 tantumdem
1498 932 1533 987 et

303 1045 351 1091 ex
361 1028 549 1105 mercibus,
565 1046 656 1109 quae
670 1028 715 1091 ad
731 1026 953 1091 Chautonem
968 1026 1168 1100 veniebant,
1182 1027 1304 1107 quinta
1319 1044 1404 1107 pars
1419 1030 1534 1092 solve·

303 1135 419 1213 batur;
437 1133 670 1216 quarumdam
686 1134 793 1198 etiam
808 1133 979 1197 mercium
994 1134 1109 1217 media
1124 1151 1219 1213 pars.

306 1288 308 1292 -
364 1240 455 1304 2004.
496 1239 652 1321 Navigia
666 1241 714 1305 ibi
736 1250 819 1305 sunt
838 1241 1035 1319 innumera;
1056 1240 1150 1304 intra
1172 1256 1330 1305 mensem
1350 1260 1459 1307 unum
1474 1242 1535 1309 280

301 1364 418 1411 naves
431 1357 554 1411 contra
568 1347 782 1428 japoneuses
802 1356 1079 1427 congregarunt,
1097 1348 1224 1427 quibus
1241 1348 1362 1411 decem
1384 1350 1535 1414 militum

302 1455 412 1518 millia
428 1456 684 1535 imposuerunt.

362 1562 454 1625 2005.
496 1562 617 1626 infesti
631 1572 713 1626 sunt
728 1562 833 1626 valde
844 1561 1061 1643 japonenses
1075 1561 1130 1626 his
1146 1562 1363 1641 regionibus
1376 1582 1536 1645 praeser-

301 1670 369 1735 tim
383 1670 581 1749 maritimis
596 1686 686 1751 quas
701 1686 808 1748 saepe
823 1668 997 1750 praedare
1013 1670 1139 1733 solent.

363 1775 456 1839 2006.
500 1776 590 1839 Mira
606 1776 842 1856 tranquillitas
856 1777 891 1839 in
911 1792 1042 1856 magno
1062 1776 1191 1857 populo
1214 1778 1436 1857 cernebatur3
1458 1778 1535 1843 sine

300 1884 414 1947 armis
427 1884 509 1947 ullis
523 1884 685 1947 homines
700 1884 923 1963 incedebant;
945 1884 1176 1963 magistratus
1195 1900 1325 1963 magno
1346 1885 1381 1947 in
1396 1885 1535 1949 honore

303 1990 538 2068 habebantur,
553 2000 588 2054 et
602 1990 707 2054 tertio
721 2008 861 2071 quoque
876 2008 970 2053 anno
982 1992 1223 2054 mutabantur:
1239 1993 1391 2071 populus
1406 1991 1485 2056 cibo
1501 2002 1536 2057 et

301 2097 404 2177 potui
418 2098 523 2159 valde
537 2096 676 2161 deditus
697 2106 763 2176 est;
778 2096 921 2177 quidam
931 2094 1040 2176 judex
1052 2096 1095 2160 de
1114 2097 1319 2160 criminibus
1335 2100 1533 2178 cognoscit3

301 2204 398 2267 alius
413 2203 584 2267 reditibus
598 2204 708 2282 regiis
721 2204 975 2283 recuperandis
990 2213 1141 2283 praeest;
1158 2203 1284 2267 tertius
1302 2203 1344 2266 in'
1353 2204 1458 2267 rebus
1473 2206 1536 2269 mi-

300 2305 466 2373 litaribus
485 2327 688 2390 supremam
708 2312 815 2374 habet
833 2327 957 2373 curam
977 2312 1012 2373 in
1033 2311 1124 2373 mari
1138 2318 1173 2373 et
1193 2311 1399 2374 continenti.
1420 2312 1483 2375 Est
1498 2324 1536 2377 et

301 2418 407 2495 alius,
423 2435 527 2498 quem
551 2417 672 2481 cnaen
688 2427 829 2495 vocant,
850 2418 910 2498 qui
929 2418 1091 2481 omnibus
1111 2418 1304 2496 praedictis
1324 2428 1474 2497 praeest,
1493 2428 1533 2483 ut

304 2524 425 2587 videat
439 2542 523 2587 num
539 2524 690 2588 officium
705 2542 806 2588 suum
822 2524 967 2600 faciant,
985 2524 1085 2605 quus
1100 2510 1253 2603 insignia
1269 2534 1349 2587 sunt
1361 2527 1483 2589 oculus
1498 2538 1535 2591 et

303 2648 433 2695 manus
450 2631 600 2713 depicta.
624 2630 693 2695 Sed
708 2632 870 2695 omnibus
890 2631 1003 2712 major
1023 2642 1076 2694 est
1096 2632 1249 2712 quidam,
1274 2649 1378 2713 quem
1393 2632 1535 2696 Tutaon

305 2749 448 2817 vocant,
466 2749 501 2802 et
520 2749 573 2802 est
592 2741 689 2803 velut
704 2739 863 2816 Pro-rex,
885 2741 944 2821 qui
970 2741 1078 2803 totius
1099 2736 1309 2802 Provinciae
1324 2757 1447 2804 curam
1459 2742 1535 2804 uni·

305 2848 482 2910 versalem
497 2847 600 2924 gerit,
617 2858 651 2909 et
671 2865 750 2910 eam
774 2856 884 2910 totam
909 2865 973 2927 per
995 2863 1033 2909 se
1054 2847 1167 2927 ipsum
1188 2847 1320 2910 visitat.
1342 2847 1453 2910 Nemo
1468 2848 1535 2911 bos

302 2954 537 3031 magistratus
551 2955 741 3035 alloquitur
755 2955 825 3017 nisi
838 2955 988 3034 genibus
1003 2954 1103 3017 flexis
1118 2965 1151 3018 et
1166 2957 1301 3035 procul.

364 3059 456 3122 2007.
499 3060 734 3124 Affirmabant
758 3062 860 3140 periti
887 3071 1029 3124 centum
1054 3061 1163 3124 millia
1185 3061 1365 3124 hominum
1391 3063 1426 3126 in
1452 3061 1534 3126 Pro·

304 3166 424 3229 vincia
450 3165 691 3230 Chantononsi
716 3168 826 3246 regiis
851 3167 1035 3248 stipendiis
1060 3168 1194 3244 vivere,
1226 3168 1285 3247 qui
1299 3169 1356 3230 vel
1378 3166 1535 3248 justitiae

301 3274 616 3350 administrandae,
630 3276 688 3338 vel
699 3273 909 3338 Provinciae
920 3273 1172 3338 custodiendae
1188 3273 1319 3336 dabant
1335 3289 1491 3354 operam.

362 3379 454 3443 2008.
496 3381 728 3458 Magistratus
752 3382 922 3445 satellites
941 3398 1005 3460 pro
1028 3381 1137 3444 armis
1168 3397 1303 3443 cannas
1330 3381 1338 3414 ¹
1362 3381 1535 3459 quasdam

302 3485 447 3565 babent,
463 3505 534 3550 non
549 3489 739 3551 admodum
757 3489 897 3568 longas,
919 3487 965 3550 ad
981 3488 1099 3565 ignem
1120 3486 1278 3562 durataS,
1296 3495 1330 3548 et
1346 3486 1401 3548 his
1416 3503 1534 3567 quem-

301 3608 454 3672 cumque
469 3595 604 3671 volunt,
621 3596 766 3659 divitem
778 3605 839 3657 aut
851 3611 1053 3674 pauperem,
1068 3593 1204 3672 percuti
1212 3590 1333 3671 jubent
1346 3593 1410 3654 sub
1424 3594 1533 3674 popli·

304 3698 399 3762 tibus
413 3701 580 3777 crurium,
593 3711 628 3764 et
642 3713 715 3765 tam
730 3702 846 3764 valide
861 3700 1024 3778 caedunt,
1043 3709 1080 3762 ut
1095 3700 1155 3779 qui
1170 3699 1427 3780 quinquaginta
1443 3700 1535 3763 ictus

304 3807 484 3886 acceperit
507 3809 728 3871 moriendum
754 3808 787 3870 ei
810 3808 868 3885 sit,
895 3816 957 3869 aut
985 3814 1080 3870 certe
1105 3806 1237 3870 inutilis
1263 3804 1429 3883 efficitur,
1453 3821 1535 3870 cum

302 3912 413 3976 etiam
427 3913 504 3992 ipsa
519 3931 601 3976 ossa
618 3913 855 3992 confringant.

364 4017 456 4082 2009.
499 4018 635 4083 Nomen
649 4023 816 4100 generale
830 4019 1062 4099 magistratus
1078 4028 1130 4083 est
1146 4020 1188 4083 de
1208 4020 1429 4084 mandartm‘.
1452 4019 1534 4084 Alia

303 4125 455 4204 plurima
470 4126 514 4190 de
528 4127 687 4189 moribus
702 4125 901 4206 hujusmodi
916 4126 1099 4190 hominum
1115 4127 1183 4190 dici
1199 4139 1357 4206 possent.

363 4231 455 4295 2010.
497 4232 593 4296 Nihil
607 4232 781 4298 difficilius
797 4234 981 4313 reddebat,
1005 4245 1043 4296 ut
1059 4232 1264 4311 videbatur,
1286 4233 1535 4296 conversionis

301 4337 350 4403 ad
365 4339 496 4403 Christi
515 4340 638 4403 Fidem
657 4341 855 4420 negotium,
872 4357 980 4420 quam
994 4343 1205 4422 populorum
1226 4349 1355 4404 exacta
1371 4341 1536 4404 obedien·

303 4445 352 4508 tia
377 4463 464 4525 erga
489 4463 573 4510 suos
597 4445 792 4528 Principes;
812 4448 842 4510 si
867 4448 961 4510 enim
986 4447 1141 4510 humana
1167 4456 1409 4527 expectemus
1435 4461 1535 4510 num·

308 4722 311 4726 1
344 4681 357 4720 Ι
381 4683 427 4732 lla.
439 4685 552 4732 &anas
