3717 5400
369 486 426 545 ‘did
830 487 958 548 Canon.
978 487 1057 549 Soc.
1078 490 1147 561 Jas.

434 630 505 694 600.
549 631 628 695 Non
643 633 826 696 solverant
839 634 953 696 nostri
968 632 1210 697 Panormitani
1226 653 1304 698 eam
1320 648 1436 700 ratam
1452 646 1605 716 partem,

371 755 463 819 quae
478 736 525 800 ad
539 755 601 801 eos
616 740 826 818 pertinebat,
845 740 935 819 regii
950 741 1109 804 donativi
1126 747 1175 817 (ut
1189 745 1333 820 vocant)
1348 761 1413 824 pro
1427 743 1606 808 fructibus

374 846 538 909 abbatiae
553 843 713 924 Collegio
729 847 861 925 unitae;
878 847 941 909 sed
956 849 1099 911 tandem
1114 849 1313 912 didicerunt
1328 869 1350 912 a
1364 851 1534 914 ministris
1549 869 1603 914 re·

370 954 441 1032 εἰς,
471 953 579 1016 etiam
604 955 847 1031 amicissimis
875 955 969 1035 quod
998 957 1042 1018 ab
1070 975 1113 1020 ea
1138 957 1310 1020 solvenda
1336 958 1510 1021 immunes
1531 976 1605 1022 non

332 1091 338 1100 ·
371 1071 485 1139 erant,
507 1070 540 1124 et
560 1061 621 1124 325
641 1079 770 1124 aureos
791 1060 876 1124 dare
897 1062 1104 1140 debuerunt,
1131 1082 1243 1144 usque
1268 1065 1312 1127 ad
1339 1065 1474 1144 primos
1498 1064 1606 1146 hujus

372 1169 457 1230 anni
471 1183 611 1231 menses
625 1172 646 1230 ¹.

430 1273 501 1338 601.
546 1273 766 1337 Intellectum
781 1287 834 1339 est
849 1277 957 1340 etiarn
972 1278 1067 1356 quod
1081 1277 1218 1340 litterae
1234 1279 1451 1358 apostolicae
1469 1297 1512 1342 ac
1534 1280 1605 1358 pri·-

375 1382 507 1461 vilegia
522 1391 646 1445 nostra
661 1384 749 1446 utin
764 1381 884 1448 Sicilia
897 1384 1166 1448 admitterentur
1177 1385 1426 1448 executorzbri
1436 1386 1603 1448 deberent

373 1490 454 1564 (hoc
469 1491 644 1553 vocabulo
660 1500 806 1554 utuntur
827 1508 907 1554 cum
923 1491 1028 1555 datur
1048 1493 1199 1555 facultas
1218 1494 1264 1556 ad
1285 1494 1547 1570 executionem)
1569 1504 1604 1556 et

370 1599 419 1660 ita
435 1614 477 1660 eo
498 1598 589 1661 mitti
611 1595 812 1678 hujusmodi
835 1598 970 1661 litteras
990 1615 1112 1661 omnes
1132 1601 1354 1679 postularunt
1370 1611 1406 1663 ut
1421 1599 1609 1679 Pro-regis

371 1706 584 1768 auctoritate
601 1723 642 1768 ac
658 1705 782 1768 favore
797 1706 1016 1768 executionis
1031 1706 1234 1769 facultatem
1250 1708 1461 1770 haberemus
1475 1713 1497 1770 ¹.

413 1879 423 1907 ¹
452 1875 494 1919 Ad
506 1876 582 1930 hujus
593 1875 630 1918 rei
642 1875 842 1927 intelligentiam
850 1875 955 1928 iurabit
966 1876 1052 1930 legere
1061 1887 1171 1930 sequens
1181 1874 1342 1929 “Capitulum
1352 1889 1432 1920 xxxv.
1444 1875 1486 1920 De
1500 1877 1601 1920 donati·

373 1955 406 1989 vo
416 1945 544 1989 solvendo
552 1951 604 2000 per
613 1943 762 1988 Brachium
780 1943 1003 1989 Ecclesiasiienm
1020 1946 1054 1989 de
1068 1947 1254 2001 pensionibus.
1270 1946 1336 1991 item
1352 1947 1470 2001 supplica
1488 1949 1514 1991 lo
1531 1948 1603 1992 dictu

377 2015 469 2070 Regna
479 2028 495 2062 a
505 2023 562 2060 vost
567 2027 596 2060 ra
607 2017 726 2066 Altecza,
736 2017 792 2070 clte,
802 2014 924 2060 havendo
934 2018 1015 2072 quitto
1024 2017 1049 2060 ln
1059 2017 1260 2062 considerationi
1269 2018 1288 2062 ll
1298 2019 1378 2064 causi.
1387 2026 1415 2062 et
1424 2019 1536 2073 respecti
1547 2029 1603 2074 pre·

377 2091 449 2144 dicti,
460 2089 550 2134 oilerlu
560 2100 576 2132 a
587 2093 678 2132 vostra
689 2087 754 2132 Real
764 2087 803 2130 Mn
805 2088 896 2143 jestati
908 2089 979 2132 dictu
990 2089 1122 2142 donarit-u,
1134 2100 1180 2144 per
1189 2093 1216 2133 la
1225 2091 1426 2138 conservationi,
1435 2091 1529 2144 saluti,
1543 2097 1603 2135 etu-

377 2163 432 2206 tela
443 2162 467 2205 dl
479 2161 505 2204 lu
515 2159 614 2214 Regna,
625 2171 672 2213 per
683 2160 699 2202 li
711 2160 770 2204 nori
782 2161 806 2202 di
818 2161 844 2203 lu
855 2160 1038 2214 preparatoriu
1049 2160 1074 2203 dl
1084 2161 1110 2204 la
1120 2168 1224 2205 armata
1233 2161 1259 2204 di
1269 2162 1326 2216 ipsu
1335 2161 1429 2215 Turcu,
1440 2169 1467 2205 et
1481 2163 1543 2206 altri
1558 2164 1604 2207 im·

376 2233 484 2277 minentl
494 2231 611 2286 periculi,
621 2243 668 2284 pro
679 2231 788 2274 servitio
798 2229 988 2285 Omnipotentis
998 2232 1051 2283 liei.
1061 2238 1088 2276 et
1102 2233 1300 2277 conservatione
1316 2233 1468 2277 Catholicae
1485 2232 1567 2288 Fidei,
1577 2242 1604 2280 et

378 2306 432 2348 cosl
442 2314 490 2358 per
500 2305 525 2347 la
535 2304 660 2357 generali.
672 2310 697 2346 et
708 2303 861 2357 particulari
872 2304 963 2348 saluti.
973 2310 999 2347 et
1009 2306 1165 2358 protectioni
1178 2304 1204 2348 di
1213 2307 1240 2348 lu
1256 2304 1359 2356 Regna,
1374 2306 1518 2349 horendusl
1532 2305 1604 2350 dictu

377 2376 502 2419 donativo
513 2375 547 2418 da
557 2377 650 2429 pagnri
661 2385 707 2427 per
718 2375 782 2418 tuctl
794 2375 855 2419 dicti
866 2376 900 2418 tri
911 2376 1012 2419 brachii
1023 2387 1070 2430 pro
1080 2383 1148 2427 rata.
1158 2376 1266 2420 essendo
1276 2377 1343 2420 inira
1352 2376 1371 2419 tt
1380 2377 1443 2420 altri
1453 2378 1480 2420 lu
1494 2377 1605 2421 brachiu

374 2445 562 2490 Ecclesiastlcu
573 2453 663 2488 tenutu
674 2447 707 2488 ad
718 2446 869 2490 contribuiri
880 2453 956 2490 tantu
966 2457 983 2490 a
993 2447 1119 2502 donativi,
1128 2454 1227 2502 quantu
1236 2448 1336 2499 decimi,
1346 2455 1373 2490 et
1383 2448 1445 2490 altri
1455 2447 1573 2500 gravitil.
1583 2449 1602 2491 li

377 2517 489 2572 persunl¹
502 2518 518 2561 li
530 2517 600 2572 quali
610 2518 759 2571 percipenu.
775 2529 820 2560 sett
835 2518 913 2560 iannu
924 2519 1046 2572 percipirl
1061 2519 1087 2562 ln
1102 2520 1127 2562 lu
1137 2519 1228 2574 Regnu
1242 2520 1260 2562 ll
1275 2519 1390 2574 pensioni
1405 2519 1509 2573 impostl
1524 2530 1605 2574 supra

377 2589 610 2643 Archieplscopati,
624 2587 782 2643 Episcopati,
793 2589 909 2641 abbatii,
920 2594 946 2631 et
961 2591 1024 2633 altri
1036 2588 1213 2634 Ecclesiastici
1227 2590 1352 2644 beneficii,
1368 2601 1496 2634 recusanu
1509 2593 1605 2634 contri·

378 2661 445 2707 uuirt
456 2661 537 2715 quitto
547 2661 633 2707 sarria
644 2662 668 2705 la
679 2669 747 2716 rata,
758 2668 784 2706 et
796 2661 884 2707 debita
895 2661 1071 2717 contingentia
1084 2662 1149 2716 loru,
1163 2669 1267 2707 attenta
1280 2663 1427 2719 quantitate
1442 2663 1602 2717 pensionum:

376 2735 398 2779 sl
408 2734 480 2787 digni
492 2734 626 2787 providirl‚
635 2741 662 2778 et
673 2734 831 2783 comandarl,
842 2734 889 2776 clte
900 2733 932 2776 de
943 2741 1048 2777 caetero
1060 2736 1123 2778 tucti
1134 2735 1297 2788 pensionarii.
1307 2736 1324 2778 li
1337 2736 1406 2789 quali
1417 2736 1550 2789 percipinu
1566 2736 1604 2779 di·

378 2805 413 2849 eti
424 2806 546 2859 pensionl.
557 2806 672 2859 bagiano
682 2816 730 2861 pro
740 2814 800 2849 rata
810 2806 843 2850 ad
855 2806 1017 2859 contribuiri,
1027 2811 1054 2848 et
1063 2807 1157 2860 pagati
1168 2807 1226 2849 loru
1240 2807 1418 2861 contingentia
1436 2806 1461 2850 di
1476 2808 1540 2850 tucri
1557 2806 1604 2849 Re·

379 2878 414 2931 gii
425 2878 550 2921 donativi.
560 2878 671 2932 collecti,
682 2884 708 2921 et
718 2877 820 2932 decimi,
829 2877 940 2921 attentis
950 2877 1068 2921 deductis
1077 2879 1102 2921 ln
1110 2870 1380 2932 praesenti‘capitulo,
1390 2890 1456 2932 quae
1463 2878 1495 2921 de
1500 2878 1604 2932 iustitia

377 2950 518 3004 procedere
529 2949 659 3001 ridentum
668 2954 693 2992 et
704 2950 770 3003 quod
782 2950 938 3003 pensionarii
949 2950 975 2992 in
985 2949 1101 2993 omnibus
1111 2948 1169 2993 allis
1178 2951 1266 3003 regnis
1274 2962 1337 2995 suae
1347 2950 1445 3002 Regiae
1459 2949 1606 3005 Maiestatis

376 3022 541 3065 contribuere
551 3023 634 3065 solent
645 3021 670 3064 ln
681 3020 797 3065 omnibus
812 3020 954 3065 beneficiis.

417 3092 508 3137 Placet
518 3091 616 3147 Regiae
627 3091 768 3146 Maiestatl,
780 3092 845 3145 quod
856 3094 989 3137 solventes
999 3094 1024 3136 in
1033 3093 1164 3147 praesenti
1173 3093 1297 3137 donativo
1304 3094 1381 3148 juxta
1388 3095 1505 3137 valorem
1518 3094 1602 3147 digni·

383 3170 476 3217 tatum,
488 3171 513 3207 et
524 3162 704 3207 beneficiorum
715 3175 828 3215 suorum,
837 3166 937 3219 possint
947 3165 1061 3208 retinere
1075 3165 1106 3207 de
1117 3165 1289 3219 pensionibus¹
1301 3176 1365 3219 quas
1377 3166 1464 3208 iacere
1474 3173 1611 3217 tenentum,

382 3243 467 3280 ratam
478 3235 541 3289 ipsis
551 3236 715 3289 pensionibus
726 3238 925 3291 contingentem
937 3242 963 3281 ct
974 3238 996 3280 si
1006 3237 1044 3279 eis
1053 3246 1170 3289 superea
1179 3242 1329 3280 moveretur
1339 3236 1456 3291 quaestio
1465 3247 1512 3290 per
1519 3238 1604 3281 dictos

381 3308 567 3363 penstonartos
578 3308 739 3359 advocatus,
750 3314 776 3351 et
787 3314 942 3361 procurator
952 3307 1007 3352 fisci
1018 3319 1065 3362 pro
1075 3308 1201 3351 interesse
1211 3307 1284 3361 regio
1296 3314 1399 3361 partem
1411 3307 1511 3352 iaciant
1521 3308 1547 3351 in
1562 3320 1604 3351 eo·

379 3390 436 3423 rum
448 3378 595 3422 defensione
607 3380 670 3432 ipsis
680 3379 765 3423 dictas
774 3386 849 3422 ratas
860 3379 1040 3433 retinentibus,
1050 3379 1130 3422 donec
1141 3390 1187 3433 per
1200 3379 1328 3433 justitiam
1343 3380 1422 3422 aliter
1438 3386 1506 3423 esset
1521 3382 1612 3433 proti·-

381 3462 460 3504 sum.„
472 3450 596 3505 Copiiuia
607 3450 696 3503 Regni
707 3449 845 3498 St'ct'itaeft.
862 3461 879 3501 1,
896 3450 917 3493 F
919 3451 1076 3494 ordinandus
1091 3449 1125 3502 ΙΙ,
1140 3461 1198 3504 cap.
1214 3448 1352 3493 xum-In
1362 3452 1449 3504 capite
1465 3458 1552 3494 autent
1568 3463 1606 3494 se·

379 3524 468 3577 quenti
478 3523 512 3566 ad
522 3522 673 3577 petitionem
683 3520 766 3575 Regni
782 3520 814 3563 Ui
825 3532 877 3564 non
887 3522 944 3564 sint
954 3522 1075 3576 exempti
1083 3521 1209 3565 Menaeni
1217 3521 1312 3565 Sancti
1319 3522 1477 3574 Benedicti,
1492 3522 1605 3566 decerni-

379 3602 424 3638 tur
441 3595 474 3637 ab
491 3594 607 3638 omnibus
623 3595 689 3637 solvi
706 3594 800 3637 debere
820 3594 928 3637 nemine
945 3596 1062 3648 excepto.
1080 3593 1152 3645 Quod
1168 3593 1331 3637 constrmtrit
1346 3602 1437 3648 postea
1457 3594 1566 3638 Carolus
1585 3594 1611 3649 l,¹

383 3664 462 3719 leid„
472 3672 491 3709 t.
502 3676 529 3715 tr.
540 3664 649 3709 Carolus
659 3664 678 3713 l.
689 3676 746 3720 cap.
757 3676 807 3709 ctx.

418 3738 638 3795 Subsequentlbus
648 3738 722 3785 annis
733 3738 799 3781 idem
810 3738 835 3781 ln
846 3738 965 3781 favorem
975 3736 1154 3781 Panormitanl
1167 3734 1276 3789 Collegit
1292 3742 1421 3780 tentatum
1434 3745 1483 3790 est,
1498 3737 1556 3785 sed.
1571 3744 1601 3781 ut

382 3811 494 3864 ridetur¹
514 3810 622 3854 frustra.
638 3809 714 3863 “Cup¹
728 3821 804 3853 xva·
816 3808 847 3852 Ui
865 3808 1010 3861 Collegium
1028 3808 1142 3851 Parrum
1158 3806 1301 3850 societatis
1315 3807 1384 3862 Jesu
1400 3808 1549 3851 Panhormi
1564 3810 1602 3849 sit

381 3886 536 3938 exemptum
549 3885 574 3925 ei
584 3882 700 3925 liberum
712 3894 727 3924 a
738 3880 833 3933 Regiis
842 3881 1012 3925 donativis·
1018 3879 1048 3924 Li
1058 3880 1136 3923 Pndrl
1146 3879 1188 3922 del
1198 3878 1313 3932 Colleglo
1323 3879 1393 3922 della
1408 3877 1566 3933 Compagnia
1577 3880 1603 3923 di

379 3955 459 4001 Giesu
470 3956 494 3999 dl
505 3962 598 4009 questa
609 3953 680 3997 Cirta
689 3954 714 3997 di
725 3955 845 3997 Palermo
855 3954 876 3998 si
887 3954 1022 3997 ritrovano
1033 3953 1058 3996 ln
1068 3962 1134 4006 prun
1144 3951 1282 4002 necessita,
1295 3962 1342 4004 per
1356 3961 1441 3995 essere
1458 3952 1541 4004 molti,
1555 3952 1606 3995 cite

378 4029 518 4072 attendono
529 4038 545 4069 a
556 4027 659 4069 diverse
670 4036 746 4079 opere
757 4026 839 4068 buone
850 4026 874 4069 in
885 4024 995 4068 servitio
1005 4026 1030 4067 di
1040 4024 1097 4075 Dio.
1108 4029 1134 4066 et
1145 4022 1306 4067 edificatione
1322 4024 1388 4066 delle
1403 4024 1499 4067 anime:
1515 4028 1542 4065 et
1557 4034 1612 4077 per-

378 4110 429 4143 non
440 4106 528 4141 tenere
540 4102 614 4140 tantu
626 4097 728 4139 rendita
739 4096 879 4139 sufficiente
890 4098 916 4139 al
926 4097 1034 4148 bisogno
1045 4096 1107 4147 loro;
1118 4101 1144 4138 et
1153 4095 1247 4148 percite
1257 4097 1283 4137 ia
1296 4092 1406 4149 Molesta
1419 4094 1479 4137 dell'
1491 4092 1605 4147 Impera·

381 4176 442 4213 tore
454 4169 477 4212 di
489 4168 603 4223 gloriosa
614 4167 737 4209 memoria
749 4166 802 4209 lece
814 4178 829 4209 n
839 4168 895 4209 loro
906 4167 993 4220 gratia
1004 4166 1063 4209 dell'
1071 4165 1186 4209 abbatia
1195 4164 1220 4208 di
1232 4164 1257 4207 S.
1267 4164 1367 4219 Filippo
1381 4166 1408 4207 la
1422 4170 1520 4217 grotta,
1535 4165 1605 4209 della

377 4242 453 4296 quale
465 4250 534 4293 paga
544 4240 596 4281 alla
609 4238 691 4291 Regia
703 4237 780 4282 Corte
792 4238 816 4281 di
826 4247 918 4281 vostra
928 4237 1040 4291 Maiestit
1050 4238 1107 4291 ogn'
1116 4248 1184 4279 anno
1194 4237 1219 4280 ln
1227 4237 1297 4280 circa
1312 4248 1328 4279 a
1343 4243 1458 4279 noranta
1472 4236 1544 4279 scudl
1559 4246 1607 4291 per

379 4313 397 4356 ll
409 4310 527 4355 donativi
538 4310 672 4356 ordinarii.
683 4318 708 4353 et
720 4310 912 4353 straordinarii:
923 4312 941 4353 li
951 4311 1068 4363 supplica
1079 4320 1095 4352 a
1106 4316 1196 4353 vostra
1204 4308 1322 4363 Maioma,
1333 4308 1380 4350 elte
1390 4308 1411 4349 sl
1426 4307 1501 4361 degni
1517 4318 1606 4351 conce·

378 4385 440 4427 dere
452 4394 468 4426 a
479 4383 544 4426 detti
554 4382 633 4426 Padrl
644 4383 684 4424 del
694 4380 809 4435 collegio
820 4382 889 4425 della
900 4381 1060 4435 Compagnla
1070 4381 1095 4424 dl
1106 4378 1186 4424 Giesu
1199 4380 1268 4423 della
1283 4378 1356 4422 Cirta
1371 4378 1397 4422 dl
1413 4378 1540 4432 Falerno,
1557 4380 1605 4422 cite

377 4456 451 4499 siano
462 4454 584 4508 exempti,
595 4461 621 4497 et
633 4453 706 4497 liberi
717 4454 741 4495 di
753 4454 817 4497 detti
829 4453 946 4496 donativi
956 4452 1091 4499 ordinarii.
1100 4458 1127 4496 et
1136 4450 1327 4495 straordinaril.
1338 4448 1400 4502 cne,
1411 4450 1478 4492 oltre
1488 4450 1607 4496 cltesart

375 4537 459 4581 opera
469 4532 547 4577 grata
559 4536 574 4569 a
585 4524 642 4577 Dio,
653 4524 671 4568 il
682 4524 772 4579 Regno
783 4527 809 4567 la
819 4526 939 4568 ricerera
949 4525 982 4568 da
991 4531 1084 4567 rostra
1094 4523 1205 4578 Maiesta
1214 4534 1230 4565 a
1240 4522 1331 4564 favore
1345 4520 1558 4575 singolarlsslmo.

423 4596 449 4641 st
460 4598 590 4640 aerarium
602 4597 664 4640 dicti
675 4596 756 4649 Regni
768 4598 921 4639 exhaustum
932 4606 982 4637 non
992 4600 1070 4647 esset,
1081 4592 1216 4637 Cathollea
1225 4592 1350 4645 Maiestas
1358 4592 1435 4636 facile
1445 4593 1543 4645 optatis
1557 4590 1608 4635 Re·

373 4670 418 4724 pul
433 4675 582 4721 annueret...
594 4668 708 4719 ididem,
719 4674 736 4711 t.
748 4678 774 4719 tt,
786 4666 931 4722 Fhilippus,
941 4665 953 4708 1
962 4665 1018 4708 Rex
1029 4664 1141 4718 Siciliae,
1152 4664 1176 4707 ΙΙ
1189 4664 1382 4718 Hispaniarum.
1392 4676 1451 4718 pag.
1462 4662 1511 4706 tta.

414 4741 425 4773 ¹
456 4740 534 4784 “item
545 4746 669 4783 staranno
680 4738 774 4781 attenti
786 4738 865 4793 quelli
876 4739 906 4781 de
917 4738 943 4780 lu
954 4736 1078 4790 conslgliu
1090 4736 1138 4778 ene
1148 4738 1243 4779 nixuna
1258 4734 1333 4779 Bulla
1344 4735 1459 4779 ollttera
1471 4734 1504 4777 de
1519 4732 1602 4788 Papa,
