3717 5400
364 475 424 538 m
824 479 952 539 Caaou.
972 479 1049 539 Soc.
1070 485 1140 552 jas.

371 624 416 688 de
430 623 571 703 Barma,
587 625 647 704 qui
662 625 817 688 nondum
830 637 1039 704 recesserat,
1053 628 1168 690 hocin
1180 628 1428 691 detrimentum
1442 627 1599 692 Societa-

371 731 417 794 tis
429 731 519 810 iore,
534 744 568 794 et
583 733 751 812 postridie
767 749 805 795 se
821 732 1004 797 Vicarium
1023 733 1286 814 alloquututum
1305 751 1396 798 esse.
1416 734 1598 799 Consuluit

368 839 512 902 interim
526 841 661 920 peritos
674 841 783 916 viroS,
808 841 867 920 qui
889 851 1103 904 censuerunt
1124 840 1333 922 capiendam
1358 858 1436 905 esse
1457 859 1597 922 posses·

369 946 505 1008 sionem
519 945 709 1010 exercendi
723 957 846 1009 nostra
861 947 1058 1010 ministeria
1070 957 1262 1028 antequam
1275 948 1321 1010 ad
1335 947 1522 1012 Vicarium
1532 949 1596 1012 ire-

368 1061 426 1114 tur
442 1051 463 1130 ';
479 1051 560 1133 quia
576 1069 646 1116 non
662 1053 870 1116 dubitabant
887 1054 1148 1134 prohibiturum
1169 1072 1248 1118 esse
1263 1053 1390 1134 majori
1403 1067 1534 1119 conatu
1550 1073 1596 1119 ne

368 1159 404 1221 id
424 1158 539 1238 fieret,
556 1161 691 1222 scilicet
705 1160 800 1241 quod
814 1169 938 1224 nostra
959 1161 1154 1224 ministeria
1169 1161 1217 1224 ibi
1236 1171 1500 1239 exercerentur;
1516 1163 1597 1225 etsi

364 1274 493 1329 contra
504 1267 615 1346 ipsius
625 1267 897 1347 prohibitionem
909 1267 1136 1331 nibilominus
1149 1267 1284 1346 fierent,
1300 1270 1505 1348 graviorem
1519 1269 1596 1333 fote

365 1373 660 1453 indignationem.

434 1479 521 1542 1060.
565 1479 632 1544 Die
657 1497 744 1560 ergo
769 1481 904 1560 eodem,
936 1495 1041 1562 prout
1069 1483 1298 1545 constitutum
1325 1482 1452 1554 suerat,
1481 1484 1597 1562 prima

367 1585 480 1650 Missa
495 1587 589 1650 dicta
605 1587 670 1650 fuit
684 1587 712 1664 *;
733 1605 822 1668 quae
838 1587 921 1666 dum
943 1589 1131 1666 diceretur,
1149 1588 1315 1652 Vicarius
1334 1589 1430 1668 affigi
1441 1586 1547 1668 jussit
1561 1591 1597 1652 in

369 1693 483 1774 portis
503 1704 646 1756 nostrae
667 1695 794 1757 domus
813 1695 984 1772 edictum,
1007 1695 1136 1776 inquo
1156 1695 1367 1759 Rectoribus
1387 1706 1421 1758 et
1441 1696 1596 1759 Vicariis

373 1797 448 1878 ejus
462 1801 560 1864 urbis
578 1801 820 1880 praecipiebat
836 1811 873 1864 ut
889 1802 1120 1865 admonerent
1139 1803 1207 1866 sibi
1227 1802 1387 1866 subditos
1406 1820 1450 1866 nc
1472 1801 1517 1865 ad
1539 1821 1598 1866 no·

366 1917 481 1971 strum
496 1910 664 1971 sacellum
679 1908 726 1971 ad
741 1910 869 1970 missas
889 1908 1099 1984 audiendas,
1122 1911 1178 1972 vel
1199 1907 1246 1972 ad
1264 1909 1517 1988 consessiones,
1533 1920 1594 1972 aut

372 2015 443 2078 ulla
458 2015 652 2078 ministeria
668 2013 855 2078 Societatis
878 2026 1051 2079 consueta
1065 2018 1229 2080 venirent
1249 2015 1272 2076 ⁸.
1287 2016 1333 2079 Et
1347 2017 1414 2078 boc
1429 2017 1594 2093 edictum,

368 2120 532 2184 absoluta
547 2121 696 2184 solemni
710 2121 819 2184 Missa
835 2131 869 2184 et
884 2122 1056 2185 concione
1072 2122 1139 2187 17.·
1154 2121 1210 2186 die
1229 2123 1375 2203 Aprilis,
1396 2124 1467 2202 legi
1482 2123 1596 2203 potuit

369 2227 415 2290 ab
430 2229 481 2291 eis
495 2227 568 2291 fere
583 2228 756 2305 omnibuS,
774 2230 833 2310 qui
847 2246 890 2292 eo
909 2241 1093 2293 venerant.

431 2334 518 2397 1061.
561 2335 614 2398 liii
629 2346 757 2412 autern,
775 2337 832 2415 qui
849 2338 1041 2417 praecipue
1055 2337 1286 2400 adversarios
1299 2351 1339 2399 se
1353 2338 1484 2400 nostris
1498 2337 1595 2399 exhi·

361 2441 502 2520 bebant,
519 2443 683 2506 monachi
699 2457 801 2506 erant
815 2446 1070 2507 conventuales
1085 2441 1113 2522 ⁴,
1130 2443 1264 2506 ordinis
1278 2441 1338 2507 gu
1355 2443 1545 2522 Augustini
1553 2453 1595 2529 'et

364 2547 531 2612 vicarius
546 2551 738 2630 parochiae
753 2549 836 2614 ΞΝ
852 2551 1103 2630 Magdaienae,
1120 2552 1185 2614 sub
1206 2567 1276 2630 qua
1295 2551 1420 2614 domus
1442 2569 1520 2614 esse
1541 2570 1595 2614 so-

367 2656 462 2721 lebat
476 2654 499 2721 ⁸.
517 2656 584 2721 Hic
599 2667 717 2721 autem
732 2673 844 2738 nepos
864 2669 946 2737 erat,
960 2657 1112 2723 Abbatis
1131 2656 1320 2738 Veruelae,
1336 2658 1398 2739 qui
1411 2658 1595 2739 Archiepi·

367 2766 468 2844 scopi
483 2764 669 2828 Generalis
683 2776 760 2829 erat
775 2766 954 2844 Vicarius,
971 2767 1031 2845 qui
1044 2766 1224 2829 ferebatur
1237 2766 1307 2829 irui
1321 2767 1413 2829 bona
1429 2777 1530 2846 parte
1541 2784 1594 2829 re-

367 2872 506 2935 dituum
521 2872 712 2953 parochiae
726 2870 810 2936 Sssflt
831 2872 1077 2952 MagdaIenae,
1093 2882 1129 2936 et
1147 2874 1197 2935 ita
1218 2875 1445 2937 emolumenti
1459 2875 1594 2953 proprii

366 2980 488 3057 gratia
502 2980 559 3042 hic
573 2980 696 3043 Abbas
711 2980 921 3043 credebatur
936 2980 1028 3043 bona
1044 2990 1203 3061 exparte
1219 2982 1367 3059 moveri,
1383 2992 1418 3043 et
1434 2999 1514 3044 cum
1533 2999 1593 3043 au·

371 3088 573 3150 ctoritatem
598 3098 632 3149 et
654 3088 808 3166 gratiam
830 3087 977 3151 haberet
999 3088 1094 3167 apud
1114 3087 1447 3168 Archiepiscopum,
1474 3090 1519 3152 ab
1541 3090 1596 3151 his

369 3193 509 3257 duobus
533 3194 689 3257 creditur
714 3210 845 3273 magna
871 3212 916 3257 ex
938 3207 1039 3274 parte
1061 3195 1242 3257 molestias
1262 3197 1395 3257 nostris
1419 3196 1597 3258 exhibitas

370 3300 603 3379 processisse;
620 3313 655 3363 et
670 3302 718 3362 ita
735 3301 794 3363 alii
809 3318 854 3363 ex
869 3301 1135 3377 ecclesiasticis
1151 3301 1210 3379 qui
1225 3301 1424 3381 litigabant,
1440 3320 1478 3365 se
1492 3320 1596 3365 excu-

364 3462 575 3472 ———

407 3578 416 3611 ¹
445 3578 624 3634 intelligentur
633 3578 698 3622 haec
706 3579 803 3623 rectius
811 3589 899 3623 eorum
909 3588 966 3633 ope,
974 3589 1039 3632 quae
1047 3579 1126 3622 habet
1135 3579 1268 3629 Aurunca,
1276 3578 1399 3623 Historia
1407 3580 1475 3624 dela
1485 3581 1597 3625 Provin-

364 3652 408 3697 cia
419 3651 453 3695 de
465 3652 571 3705 aragon
582 3652 615 3695 de
625 3652 652 3694 la
663 3651 811 3706 Campania
822 3652 854 3694 de
864 3651 957 3707 Jesus,
970 3651 1015 3694 ltu.
1027 3663 1043 3704 1,
1053 3662 1111 3705 cap.
1121 3652 1155 3695 lli:
1170 3652 1288 3697 “Acordd
1303 3654 1326 3696 el
1341 3652 1369 3696 P.
1386 3652 1596 3707 Viceprovlnclal

366 3724 486 3779 Baptlsta
498 3725 529 3769 de
538 3724 643 3775 Barata,
654 3736 701 3768 con
711 3734 819 3778 parecer
830 3724 860 3767 de
872 3726 910 3767 los
920 3723 1017 3768 demas.
1030 3734 1079 3778 que
1089 3724 1114 3767 el
1123 3723 1214 3768 mismo
1228 3725 1271 3769 dia
1285 3736 1333 3779 por
1343 3726 1370 3768 ia
1384 3728 1505 3779 mannua,
1520 3730 1596 3771 antea

367 3798 410 3841 del
426 3796 499 3841 oficio
508 3796 610 3853 publico
627 3809 643 3853 y
654 3798 774 3849 solemne,
785 3806 812 3838 se
828 3802 927 3839 tomaee
938 3797 965 3840 ia
975 3795 1093 3851 poaeeion
1103 3807 1151 3839 con
1166 3798 1246 3850 aigun
1260 3803 1363 3841 secreto
1373 3810 1405 3841 en
1420 3798 1554 3851 presencia
1563 3800 1595 3841 de

368 3869 495 3925 notarioy
505 3868 615 3923 teetlgos
624 3873 808 3921 competentem
819 3878 836 3923 y
847 3870 921 3911 asise
932 3867 985 3921 diio
994 3866 1068 3920 Mira,
1078 3867 1183 3921 predico
1192 3870 1218 3911 el
1227 3868 1255 3911 P.
1265 3868 1485 3923 viceprovlnclel,
1497 3883 1515 3927 y
1524 3873 1596 3925 algu·

366 3952 414 3985 nae
423 3952 583 3997 personasse
593 3940 746 3983 conieaarou
756 3952 772 3995 y
784 3940 975 3993 temulentum„

406 4012 417 4045 ¹
445 4011 589 4057 solemnem
599 4012 716 4064 intellige
727 4016 751 4054 et
762 4011 900 4065 publicam,
911 4020 939 4055 ut
949 4011 1004 4065 ipse
1014 4012 1097 4055 innuit
1112 4012 1204 4057 statim
1217 4012 1353 4066 Polaticus,
1366 4014 1422 4067 jam
1435 4015 1503 4057 enim
1518 4025 1593 4059 mane

363 4086 456 4140 primo
466 4086 573 4139 privata
583 4085 717 4127 celebrata
727 4083 821 4127 iuerat.
833 4081 899 4127 Vide
910 4089 998 4127 annot.
1009 4084 1215 4138 praecedentem.

407 4157 419 4189 ³
445 4158 483 4200 “A
493 4164 548 4199 este
561 4156 654 4210 tlempo
665 4166 728 4209 pues
738 4166 785 4209 por
794 4155 873 4197 orden
884 4156 925 4199 dei
937 4156 1013 4199 Abad
1023 4156 1054 4199 de
1071 4154 1193 4207 Veruela,
1204 4155 1313 4200 Vlcarlo
1327 4154 1449 4211 General,
1460 4168 1487 4201 re
1502 4158 1596 4211 tijaron

365 4240 398 4271 en
408 4230 448 4273 las
458 4236 564 4283 pnertas
574 4229 605 4271 de
615 4236 719 4271 nuestro
730 4228 835 4279 eulogio
845 4238 911 4271 unat
921 4227 1004 4271 letrae
1013 4238 1061 4270 con
1070 4238 1203 4282 censuras,
1211 4239 1243 4272 en
1251 4240 1299 4283 que
1306 4238 1335 4273 ae
1346 4229 1474 4273 mandeba
1483 4240 1532 4283 que
1541 4230 1597 4273 nin·

365 4312 435 4355 guno
451 4312 528 4357 opere
546 4299 619 4347 liiiaa.
634 4300 659 4343 nl
673 4310 784 4349 aermon.
796 4300 820 4343 nl
838 4298 963 4343 reelbiese
979 4307 1143 4344 sacramento
1157 4312 1189 4343 en
1200 4307 1307 4345 nuestra
1323 4302 1428 4356 capilla,
1439 4312 1538 4357 porque
1548 4313 1596 4346 era

367 4375 444 4427 lugat
454 4373 571 4427 profatum
582 4374 621 4416 sin
632 4374 723 4426 alegar
734 4378 792 4415 otra
803 4382 883 4415 causa
893 4372 935 4415 del
946 4372 1068 4415 mandato
1076 4376 1091 4414 d
1100 4372 1270 4426 prohibicion,
1281 4374 1305 4417 el
1315 4376 1375 4429 quei
1385 4384 1413 4417 ae
1428 4374 1532 4418 haclea
1547 4374 1597 4418 ina·

366 4445 454 4489 tancia
463 4446 504 4488 del
517 4444 622 4488 Vlcario
633 4446 664 4487 de
676 4446 700 4487 la
711 4443 900 4499 liiagdalena‚y
915 4442 1012 4486 Rector
1021 4444 1052 4486 de
1069 4442 1121 4487 San
1131 4443 1235 4498 urguet,
1249 4446 1354 4500 lgieelaa
1369 4448 1551 4501 petroqulalea
1563 4447 1596 4490 de

367 4518 393 4561 la
403 4516 517 4570 ciudad.„
528 4516 662 4561 Act-anm.
673 4518 689 4559 1.
702 4515 817 4558 c.-Vide
829 4516 904 4567 inira,
916 4526 940 4557 n.
954 4515 1013 4560 10⁶2.

407 4590 419 4624 ⁴
446 4588 512 4632 Vide
522 4600 588 4643 quae
598 4600 685 4642 supra,
696 4600 719 4630 n.
733 4586 790 4640 loon
802 4597 889 4632 annot.
899 4588 921 4641 i,
931 4600 964 4631 ex
975 4588 1055 4631 Patre
1065 4586 1240 4632 Rivadenelra
1248 4588 1391 4633 retulimus.

409 4662 420 4696 Ι
448 4658 562 4717 Scilicet,
573 4662 669 4711 domus,
682 4670 747 4714 quae
758 4670 824 4703 nunc
835 4658 976 4704 Societatie
986 4668 1053 4713 erat,
1062 4660 1143 4716 priua,
1152 4670 1211 4704 cum
1220 4672 1236 4704 a
1246 4660 1320 4703 laicis
1330 4664 1475 4717 tenebatur,
1487 4666 1596 4719 parochi

369 4735 482 4781 Sanctae
492 4736 590 4780 Mariae
600 4733 769 4786 Magdalenae
778 4731 951 4785 jurisdictioni
967 4734 1126 4778 sublucebat.
