3717 5400
783 488 847 545 ΑΝ.
872 489 941 545 15ᾱό
1442 489 1480 546 75

238 643 333 696 trem
346 631 536 698 Rectorem
548 634 698 714 Collegii
707 634 901 700 Lauretani
912 634 1056 714 rogavit
1067 644 1105 697 ut
1115 651 1161 696 ex
1176 633 1310 697 nostris
1322 633 1478 714 aliquem

239 740 288 802 ad
303 757 342 803 se
356 741 522 820 mitteret,
539 751 578 804 ut
591 741 658 806 sibi
670 751 705 806 et
717 743 885 806 universo
897 742 1027 822 populo
1039 741 1185 822 jubilaei
1195 741 1348 805 sormam
1359 741 1475 804 decla·

240 856 350 924 taret,
366 849 667 930 concionibusque
686 848 732 912 ad
751 849 836 912 illud
863 849 971 929 digne
992 847 1259 929 percipiendum
1285 864 1476 928 praepara·

241 965 312 1032 ret;
332 955 532 1036 missusque
551 964 605 1020 est
623 975 665 1020 eo
683 954 721 1019 P.
742 956 899 1039 Joannes
920 955 1134 1020 Laurentius
1149 955 1253 1018 simul
1273 972 1355 1018 cum
1368 954 1475 1019 Patre

241 1060 424 1142 Raphaele
445 1061 465 1125 ¹.

305 1169 371 1231 174.
415 1169 570 1234 Publicis
585 1179 704 1234 autem
728 1169 960 1233 concionibus
985 1180 1020 1232 et
1044 1169 1194 1249 privatis
1215 1167 1474 1233 adhortationi·

239 1278 307 1339 bus
321 1294 363 1340 eo
377 1277 543 1356 perduxit
558 1281 695 1342 animos
714 1278 975 1358 oppidanorum
997 1278 1118 1341 divina
1136 1278 1288 1356 bonitas,
1314 1288 1352 1339 ut
1367 1277 1473 1356 pauci

237 1393 464 1447 remanerent
476 1384 580 1465 hujus
590 1385 729 1464 gratiae
741 1395 916 1466 expertes.
931 1385 997 1449 Per
1009 1395 1145 1464 septem
1156 1393 1275 1447 autern
1284 1384 1474 1446 continuos

235 1489 315 1554 dies
329 1500 449 1554 tantus
463 1491 528 1554 suit
544 1493 798 1572 poenitentium
812 1509 1021 1572 concursus,
1037 1503 1075 1555 ut
1090 1493 1151 1554 vix
1177 1490 1311 1570 aliquid
1336 1490 1399 1553 otii
1415 1507 1473 1553 su-

234 1607 397 1675 peresset
411 1599 458 1662 ad
471 1598 810 1664 subministrandum
825 1600 967 1679 corpori
981 1599 1195 1676 necessaria;
1213 1614 1307 1674 nam,
1324 1607 1399 1660 toto
1414 1595 1472 1659 die

235 1704 276 1766 in
289 1705 439 1768 ecclesia
455 1706 492 1769 in
511 1706 695 1770 audiendis
719 1705 1004 1770 confessionibus
1029 1715 1223 1783 transact0,
1250 1704 1472 1782 cogebantur

235 1820 347 1874 noctu
360 1812 396 1876 in
412 1813 516 1878 domo
531 1813 660 1893 equitis
671 1813 869 1877 Alexandri
880 1831 992 1893 usque
1007 1813 1053 1876 ad
1065 1812 1207 1875 tertiam
1216 1811 1333 1874 noctis
1343 1811 1472 1873 horam

234 1917 480 1983 confessiones
495 1921 629 1998 audire,
650 1921 709 1984 vel
734 1920 957 1984 difficultates
982 1937 1139 1999 casuum,
1166 1937 1255 1999 quas
1275 1917 1376 1982 multi
1392 1934 1468 1996 pro-

234 2026 428 2105 ponebant,
446 2026 654 2091 dissolvere.
672 2027 810 2092 Deinde
825 2028 870 2092 ad
886 2030 1032 2092 multam
1045 2044 1156 2106 usque
1167 2037 1309 2088 noctem
1320 2024 1471 2104 vigilan·

233 2131 322 2195 dum
342 2143 430 2212 erat,
452 2145 489 2197 ut
512 2135 636 2198 concio
655 2136 690 2197 in
711 2133 805 2198 diem
822 2145 1028 2214 sequentem
1044 2139 1331 2214 praepararetur,
1348 2147 1468 2212 quam,

232 2239 319 2302 licet
330 2239 368 2303 P.
382 2242 596 2305 Laurentius
608 2241 766 2319 haberet,
780 2240 824 2304 ad
837 2240 1011 2304 delectum
1021 2240 1222 2303 habendum
1230 2255 1365 2318 eorum,
1378 2255 1470 2317 quae

232 2346 389 2410 dicenda
403 2355 516 2420 erant,
534 2348 705 2410 industria
718 2358 753 2411 et
767 2349 874 2410 etiam
890 2364 977 2411 cura
995 2346 1034 2408 P.
1054 2345 1248 2426 Raphaelis
1269 2355 1348 2408 erat
1368 2343 1468 2407 adhi-

234 2454 353 2517 benda
369 2456 390 2518 ¹.
407 2455 452 2518 Et
470 2464 591 2517 tantus
614 2465 692 2517 erat
711 2455 748 2517 in
766 2455 822 2517 his
842 2455 1022 2517 laboribus
1041 2453 1184 2516 divinae
1206 2453 1347 2531 gratiae
1369 2450 1468 2514 influ-

234 2577 316 2640 xus,
337 2571 506 2641 tantaque
531 2563 739 2639 consolati0,
766 2573 804 2624 ut
826 2562 1089 2641 quodammodo
1114 2561 1255 2624 labores
1280 2575 1352 2621 non
1373 2567 1469 2638 pate-

234 2676 359 2733 rentur
380 2667 402 2729 ³.

301 2777 368 2840 175.
412 2776 525 2840 Paces
538 2777 586 2840 ibi
602 2777 737 2858 aliquot
753 2776 868 2840 iactae
883 2789 980 2854 sunt,
1004 2785 1039 2839 et
1058 2776 1228 2840 scandala
1246 2776 1407 2856 sublata,
1433 2786 1469 2839 et

233 2886 427 2949 multorum
442 2886 552 2949 animi
567 2886 612 2948 ad
627 2884 873 2965 perfectiorem
889 2887 985 2948 vitae
1006 2887 1181 2949 rationem
1202 2884 1393 2948 ineundam
1408 2883 1468 2946 ad-

232 2992 347 3071 ducti,
362 3006 397 3055 et
412 2993 638 3071 septuaginta
654 3010 699 3055 ex
714 2994 766 3056 eis
780 2994 1019 3071 promiserunt
1035 2993 1185 3071 singulis
1200 2994 1326 3055 saltem
1338 2990 1467 3054 mensi·

234 3100 305 3161 bus
319 3116 357 3161 se
373 3099 418 3162 ad
433 3101 718 3163 communionem
732 3117 952 3163 accessuros.
969 3099 1013 3163 Et
1027 3101 1188 3163 virorum
1209 3114 1333 3161 curam
1347 3113 1466 3161 susce·

233 3206 288 3286 pit
310 3205 355 3269 D.
385 3206 606 3285 Alexander,
632 3205 878 3283 foeminarum,
901 3206 976 3286 ejus
1003 3224 1105 3269 uxor.
1134 3205 1206 3269 Alii
1231 3205 1374 3285 plurimi
1397 3205 1467 3267 hoc

232 3314 353 3392 ipsum
372 3312 547 3377 sefacere
568 3315 660 3376 velle
679 3314 948 3392 significabant,
967 3313 1029 3376 sed
1049 3330 1179 3377 nomen
1200 3313 1246 3375 ad
1266 3313 1302 3375 id
1321 3311 1408 3375 dare
1429 3312 1466 3373 in

232 3421 379 3500 scriptis
402 3422 633 3497 recusabant,
661 3423 744 3501 quia
769 3421 1020 3483 existimabant
1049 3421 1084 3484 id
1112 3420 1189 3483 voti
1217 3422 1292 3484 vim
1316 3420 1461 3482 habere.

232 3528 305 3591 Sed
321 3528 379 3590 ubi
399 3545 461 3591 eos
476 3528 695 3606 experientia
718 3528 836 3591 docuit
856 3528 891 3590 id
912 3546 984 3591 non
1004 3528 1053 3591 ita
1073 3544 1169 3606 esse,
1189 3527 1335 3591 nomina
1356 3528 1466 3589 etiam

232 3650 302 3696 sua
317 3642 352 3697 et
366 3636 416 3697 illi
430 3632 613 3714 dederunt,
630 3644 665 3699 et
679 3636 845 3714 religiose
861 3634 1049 3697 admodum
1065 3634 1356 3699 consuetudinem
1370 3634 1465 3698 hanc

231 3750 398 3805 sanctam
413 3742 664 3820 adservabant;
680 3759 765 3805 nam
779 3743 893 3822 prima
909 3742 1086 3805 dominica
1101 3742 1219 3805 Martii
1234 3760 1315 3806 cum
1327 3742 1371 3806 D.
1384 3741 1468 3807 Ale·

233 3848 373 3911 xander
387 3849 433 3912 ad
447 3858 610 3912 sanctam
623 3849 766 3912 domum
780 3849 1019 3913 Lauretanam
1032 3850 1332 3929 indulgentiarum
1347 3851 1467 3929 gratia

231 3954 462 4033 accessisset,
486 3955 606 4018 retulit
623 3956 756 4018 nostris
771 3974 808 4018 sc
823 3973 904 4019 cum
920 3956 1082 4018 omnibus
1099 3956 1171 4019 iere
1190 3956 1246 4019 sui
1267 3955 1387 4036 oppidi
1405 3957 1467 4019 ho-

231 4062 388 4125 minibus
408 4078 450 4125 eo
472 4061 529 4125 die
547 4062 811 4126 sanctissimum
830 4063 1076 4126 Eucharistiae
1091 4073 1354 4127 sacramentum
1370 4079 1464 4126 sum-

229 4170 360 4249 psisse;
376 4180 411 4232 et
425 4172 493 4233 hoc
502 4169 619 4249 ipsum
630 4169 673 4232 de
686 4170 890 4234 mulieribus
904 4170 980 4250 ejus
991 4169 1122 4248 coniux
1133 4173 1264 4249 retulit,
1277 4188 1359 4235 cum
1373 4170 1465 4235 Lau·

228 4276 300 4339 reti
312 4276 418 4356 paulo
433 4284 522 4356 post,
536 4276 641 4359 simul
652 4294 734 4340 curn
749 4278 828 4339 aliis
844 4278 1060 4356 mulieribus,
1077 4278 1208 4341 nostris
1222 4278 1462 4343 confiteretur.

273 4444 282 4477 ¹
311 4444 339 4489 P.
352 4446 483 4500 Raphaele
494 4446 584 4490 Rlera.

273 4518 285 4547 ⁸
313 4516 457 4569 Rationem,
468 4529 512 4562 cur
524 4520 549 4562 in
561 4520 683 4571 parandis
693 4530 758 4573 quae
769 4530 785 4561 a
797 4516 822 4561 Ρ.
831 4518 974 4563 Laurentio
983 4519 1091 4563 dicenda
1100 4521 1418 4574 eranaaeccesarieloret
1426 4522 1464 4565 lu·

227 4590 335 4634 dustria
345 4596 371 4633 et
381 4600 444 4633 cura
455 4590 542 4633 Patris
550 4590 635 4643 Riera,
647 4592 737 4646 attigit
749 4591 875 4635 Polancus
885 4602 972 4645 supra,
984 4604 1037 4646 pag
1054 4592 1090 4641 73,
1100 4604 1124 4635 n.
1137 4592 1183 4636 1⁶9.

273 4661 285 4693 ³
313 4660 424 4713 Scilicet,
440 4668 467 4705 ut
484 4664 670 4717 quodammodo
688 4674 702 4706 e
717 4670 790 4707 tanto
805 4664 894 4707 labore
909 4672 1029 4709 exortam
1047 4664 1262 4717 defatigationem
1277 4670 1303 4708 et
1317 4664 1464 4709 molestiam

229 4746 283 4779 uon
293 4734 474 4787 persentirent.
