3717 5400
827 464 890 525 Au.
913 466 984 526 1555
1468 466 1520 527 581

289 612 362 691 bat,
376 614 439 676 sed
451 613 495 676 ad
507 613 717 694 temporalia
729 612 892 694 augenda
904 612 1086 675 animabat
1097 621 1147 688 ut,
1158 626 1265 676 aucto
1277 614 1522 693 operariorum

290 736 451 792 numero,
467 719 603 785 fructus
618 720 725 784 etiam
745 731 950 799 augeretur.
973 719 1017 781 Et
1038 728 1111 782 tota
1132 719 1207 783 sere
1228 717 1305 799 ejus
1324 721 1522 784 consolatio

290 836 379 905 erat,
404 827 488 890 dum
508 827 648 891 Eborae
663 827 886 901 versabatur,
910 827 1037 889 crebro
1052 827 1097 889 ad
1118 826 1315 905 Collegium
1336 828 1519 902 accedere,

291 943 326 997 et
340 950 429 1013 opus
444 952 583 1015 urgere,
601 945 636 999 et
651 934 794 997 minima
810 950 972 1015 quaeque
986 933 1199 1013 perlibenter
1213 934 1353 997 intueri.
1371 933 1522 998 Hortum

291 1040 398 1103 etiam
414 1042 501 1117 satis
516 1043 672 1122 amplum
688 1051 722 1105 et
741 1040 966 1105 commodum
987 1039 1119 1103 nostris
1140 1038 1247 1115 dedit,
1264 1058 1370 1121 quem
1388 1042 1508 1106 arbori

290 1146 368 1227 bus,
395 1166 440 1211 ex
460 1148 571 1212 variis
593 1147 681 1213 locis
702 1147 883 1229 quaesitis
912 1147 1051 1211 conseri
1066 1145 1188 1225 jussit;
1210 1156 1245 1209 et
1265 1148 1406 1228 plantas
1425 1149 1522 1213 adul·

290 1254 400 1318 tiores
415 1254 546 1319 adferri
561 1256 686 1333 voluit,
709 1265 746 1318 ut
771 1255 864 1318 intra
890 1254 980 1318 duos
1001 1270 1115 1317 annos
1134 1252 1272 1317 fructus
1289 1251 1365 1333 J'am
1386 1255 1523 1337 percipi

290 1371 445 1440 possent.
474 1361 659 1441 Quaedam
684 1361 790 1425 etiarn
818 1361 982 1425 cubicula
1007 1359 1054 1425 ad
1078 1376 1180 1423 suam
1204 1360 1461 1425 habitationem
1484 1362 1522 1426 in

289 1469 415 1532 eodem
435 1468 592 1549 Collegio
611 1477 733 1533 nostro
749 1466 965 1544 aedificavit,
984 1467 1021 1529 in
1041 1466 1179 1547 quibus,
1200 1466 1294 1529 bona
1314 1484 1396 1530 cum
1415 1468 1522 1531 venia

289 1574 491 1654 Societatis,
515 1574 656 1639 dicebat
671 1591 709 1639 se
728 1574 920 1655 aliquando
943 1572 1200 1637 habitaturum.

354 1680 440 1745 1598.
486 1678 1519 1760 Commodeautem,cumdiscessurusessetUlyssiponam,

291 1788 483 1853 Dominum
498 1788 694 1853 Antonium
712 1786 862 1853 Infantis
875 1786 1051 1853 Ludovici
1067 1786 1177 1851 lilium
1191 1803 1315 1851 secum
1328 1787 1478 1851 adduxit
1494 1786 1517 1867 ¹,

290 1907 329 1958 ut
340 1913 452 1981 prqpe
463 1896 642 1977 quoddam
654 1895 908 1960 monasterium
919 1894 1055 1958 ordinis
1065 1892 1124 1957 8³¹
1136 1892 1317 1957 Dominici
1330 1894 1520 1966 habitaret,

292 2015 327 2067 et
342 2003 459 2067 studia
474 2020 539 2067 sua
554 2001 755 2083 theologica
769 2001 985 2082 absolveret;
1000 2000 1099 2064 etita
1118 2000 1227 2081 aliqui
1241 2018 1287 2064 ex
1307 2002 1439 2065 nostris
1452 2000 1521 2065 lra-

291 2110 417 2189 tribuS,
433 2111 493 2191 qui
508 2110 611 2175 simul
626 2128 707 2175 cum
722 2120 764 2173 eo
779 2117 813 2173 et
828 2109 865 2173 in
880 2108 958 2189 ejus
970 2108 1126 2189 gratiam
1145 2108 1363 2187 theologiam
1381 2108 1522 2172 Eborac

289 2236 310 2281 a
336 2219 478 2298 privato
503 2218 614 2299 ipsius
637 2226 869 2298 praeceptore
895 2215 907 2246 ¹
933 2216 1123 2279 audiebant
1141 2212 1165 2294 ⁸,
1188 2214 1290 2279 liberi
1314 2216 1456 2279 suerunt
1481 2226 1521 2279 ut

288 2325 551 2391 Conimbricam
567 2343 605 2389 se
620 2323 854 2387 transferrent
870 2322 917 2386 ad
937 2340 1079 2386 cursum
1095 2322 1335 2402 theologicum
1355 2323 1403 2387 ibi
1425 2340 1520 2387 com·

287 2431 672 2497 modiusaudiendum.
998 2508 1013 2533 l

351 2538 439 2602 1599.
481 2538 552 2603 Sed
580 2538 626 2602 ad
654 2538 853 2618 Collegium
880 2536 1062 2600 Eborense
1090 2536 1291 2615 redeundo,
1321 2537 1358 2601 in
1387 2552 1520 2617 magna

287 2644 403 2726 quiete
422 2663 517 2711 novo
536 2646 572 2710 in
597 2646 747 2726 collegio
772 2645 885 2710 nostri
909 2644 1158 2722 versabantur,
1182 2642 1228 2708 ab
1248 2643 1346 2708 urbis
1370 2645 1519 2726 strepitu

285 2754 427 2833 remoti,
443 2755 526 2819 licet
540 2754 627 2818 satis
642 2752 849 2818 commodus
868 2761 963 2816 esset
980 2753 1081 2816 locus
1099 2760 1137 2814 ut
1152 2751 1198 2815 ad
1212 2752 1354 2816 scholas
1375 2761 1411 2815 et
1431 2762 1519 2816 tem·

287 2861 384 2941 plum
398 2861 560 2926 homines
575 2859 804 2924 confluerent.
821 2859 900 2922 Hac
914 2873 1035 2923 autem
1048 2868 1185 2922 aestate
1199 2867 1235 2923 et
1250 2859 1352 2922 aulae
1366 2859 1403 2922 in
1415 2877 1518 2923 usum

286 2967 491 3032 scholarum
505 2981 539 3032 et
553 2968 645 3031 aliae
659 2968 791 3030 multae
812 2965 990 3044 officinae,
1011 2977 1050 3028 ut
1070 2965 1329 3044 nosocomium,
1346 2983 1518 3030 coenacu-

286 3075 358 3138 lum
384 3075 461 3138 sive
486 3073 734 3152 relectorium,
760 3073 970 3137 dormitoria
995 3081 1030 3135 et
1055 3073 1125 3136 alia
1154 3073 1331 3154 quaedam
1355 3072 1518 3138 conlecta

285 3181 439 3245 luerunt.
455 3181 617 3246 Ecclesia
636 3181 744 3244 etiam
760 3189 832 3244 tam
853 3179 1041 3260 diligenter
1058 3188 1196 3243 structa
1218 3189 1291 3258 est,
1307 3188 1346 3243 ut
1361 3177 1518 3260 Septem·

285 3289 341 3353 bri
365 3287 469 3369 hujus
494 3289 590 3366 anni,
617 3287 747 3352 Missae
767 3285 943 3350 sacrificia
964 3285 1094 3350 ibidem
1115 3284 1185 3349 dici
1210 3287 1442 3365 incoeperint.
1465 3287 1518 3351 Ea

285 3406 416 3474 autem,
438 3413 529 3476 quae
551 3396 596 3459 ad
615 3396 748 3458 cultum
769 3394 927 3458 divinum
943 3394 1187 3473 peragendum
1206 3394 1450 3476 requiruntur,
1474 3411 1516 3457 ac

288 3511 399 3568 totam
427 3503 682 3583 supellectilem
710 3518 850 3564 sacram
880 3499 1053 3564 ecclesiae
1085 3502 1233 3564 multam
1261 3509 1296 3564 et
1323 3501 1519 3581 pretiosam

287 3609 488 3674 Cardinalis
503 3627 640 3673 summo
655 3609 772 3672 studio
788 3608 938 3672 curabat
953 3606 977 3667 ⁴.

350 3717 437 3780 1600.
482 3717 570 3782 Cum
585 3717 804 3794 scholastici,
822 3716 926 3779 simul
947 3725 1054 3796 atque
1073 3716 1110 3779 in
1128 3726 1273 3780 nostras
1290 3716 1434 3780 scholas
1456 3716 1514 3781 ad-

287 3825 531 3902 mittebantur,
547 3825 667 3890 statim
681 3843 799 3888 mores
814 3833 952 3887 mutare
967 3833 1001 3885 et
1016 3823 1051 3886 in
1071 3824 1202 3904 pietate
1217 3823 1388 3902 proficere
1403 3824 1518 3888 stude·

327 4067 335 4100 Ι
365 4065 502 4112 Commode
513 4067 615 4122 quidem
626 4067 650 4112 ld
660 4066 765 4120 eccidit,
780 4077 830 4110 non
844 4067 927 4110 tolum
941 4065 1197 4120 propter-redonen,
1211 4075 1290 4120 quem
1304 4065 1397 4110 stetim
1410 4065 1517 4120 subjicit

284 4135 422 4190 Polancus,
433 4138 478 4182 sed
493 4139 572 4183 etiem
586 4139 647 4193 quie
657 4138 714 4194 ejus
723 4139 829 4182 “vivers
841 4149 887 4182 ere
897 4143 981 4188 tante,
992 4147 1042 4191 que
1053 4147 1067 4179 o
1078 4147 1126 4190 poz
1136 4148 1177 4180 em
1188 4137 1279 4182 estedo
1290 4136 1321 4180 de
1331 4145 1472 4181 encontrer
1482 4147 1516 4182 no

284 4207 397 4253 Cardeal
411 4211 499 4264 algam
515 4210 684 4265 desagrudo.„
698 4209 790 4264 Soura,
805 4209 929 4252 Historia
940 4207 1118 4262 Genealogica
1128 4208 1164 4252 da
1175 4207 1242 4252 Casa
1254 4207 1323 4252 Reul
1335 4207 1514 4264 flrrtugueeu,

283 4281 761 4409 ω111,ΞιιίξιιέιῖἶιιἸῚιεοΙοςΙιιιῐιιιιιιι
776 4355 926 4404 Antoniuslt
936 4354 980 4409 loy
995 4353 1121 4408 discipulo
1136 4352 1169 4396 do
1185 4353 1284 4405 insigne
1300 4351 1418 4398 Vereoo
1434 4353 1517 4399 Sento

283 4423 315 4468 D.
325 4423 370 4470 Fr.
382 4424 566 4470 Bartholomeu
577 4426 623 4470 dos
633 4424 773 4480 Martyres,
783 4438 832 4482 que
843 4427 933 4480 depols
942 4436 1057 4478 occupou
1068 4436 1085 4468 a
1095 4423 1208 4468 cadeira
1218 4423 1359 4470 Primaclel
1373 4425 1406 4470 de
1419 4426 1518 4481 Hespe·

282 4496 344 4550 nha,
359 4508 373 4540 e
388 4497 420 4540 do
437 4497 539 4542 erudito
553 4509 567 4540 e
583 4499 720 4551 eloquente
733 4496 865 4550 Jeronlmo
880 4496 984 4550 morlo,
999 4496 1089 4550 depols
1104 4494 1180 4548 utspo
1196 4495 1228 4538 de
1244 4493 1362 4550 Sylvee..
1377 4495 1425 4546 lo..
1442 4497 1518 4547 tota„

282 4578 345 4672 9⁸}-
353 4567 429 4684 8{loide
440 4650 528 4695 supra,
539 4647 558 4684 t.
569 4649 597 4692 u,
606 4651 668 4694 pag.
678 4639 726 4692 ³78,
738 4651 779 4684 nn.
790 4640 831 4684 ⁴³0
840 4647 866 4684 et
876 4640 927 4684 431.

326 4711 338 4742 ⁸
363 4710 431 4755 Vide
440 4710 562 4755 Litterae
572 4710 802 4764 Quaanmestres,
813 4719 831 4756 t.
842 4721 871 4755 ιιι
890 4721 949 4765 put.
958 4711 1010 4754 tto.
