3717 5400
371 436 423 495 102
825 438 955 499 Canon.
975 438 1050 498 Soc.
1071 438 1141 510 Jas.

427 581 498 644 275.
542 581 630 646 Cum
645 583 683 646 P.
699 582 854 664 Jacobus
868 585 1013 664 Laynez
1035 601 1080 646 ex
1095 584 1287 648 Germania
1310 583 1527 647 Florentiam
1546 601 1597 645 re·

367 689 500 769 diisset,
516 689 694 753 redeunde
709 690 844 771 Legato
860 689 1020 768 Moron0,
1037 691 1191 755 retinere
1207 709 1288 754 eum
1310 691 1459 756 sollicite
1473 689 1596 754 Ducis-

368 811 409 858 sa
424 795 583 859 curabat.
600 797 791 875 impetrata
806 805 925 860 tamen
942 805 994 860 est
1010 797 1056 860 ab
1072 815 1113 860 ea
1128 797 1283 860 facultas
1299 807 1336 860 ut
1357 799 1547 860 Lauretum
1564 808 1598 860 et

369 900 450 964 inde
464 901 614 965 Romam
628 903 680 966 ire
694 914 826 982 posset,
842 903 943 966 brevi
954 902 1172 967 Florentiam
1185 903 1374 981 rediturus
1388 912 1422 966 et
1433 920 1475 966 eo
1487 903 1597 966 liben-

369 1008 439 1071 tius
460 1007 614 1072 Ducissa
633 1009 669 1073 id
690 1010 860 1090 permisit,
887 1010 982 1090 quod
1003 1011 1147 1074 domum
1173 1021 1334 1074 sanctam
1359 1010 1598 1073 Lauretanam

368 1131 433 1177 suo
448 1115 589 1178 nomine
603 1133 684 1179 eum
698 1116 853 1180 invisere
868 1126 1026 1196 cuperet,
1043 1128 1078 1179 et
1092 1118 1174 1196 quia
1190 1118 1342 1196 gravida
1358 1129 1436 1179 erat
1455 1126 1489 1179 et
1504 1116 1601 1180 habi-

370 1221 490 1285 tudine
514 1224 675 1302 corporis
693 1223 880 1303 imbecilla,
902 1224 1017 1303 primo
1038 1241 1178 1304 quoque
1197 1232 1357 1304 tempore
1379 1240 1460 1286 eum
1484 1222 1599 1288 redire

370 1329 512 1391 omnino
527 1329 700 1409 cupiebat.

429 1434 501 1498 276.
544 1434 632 1499 Cum
647 1446 778 1516 autem,
796 1437 887 1500 sicut
902 1436 1058 1500 diximus
1074 1437 1095 1514 ¹,
1112 1437 1243 1501 Paulus
1257 1437 1307 1502 IV
1323 1455 1403 1501 eum
1417 1437 1551 1500 Romae
1563 1437 1598 1499 in

371 1541 502 1612 virtute
517 1542 737 1607 obedientiae
753 1541 1070 1624 [prae]scripsisset
1085 1561 1246 1622 manere,
1264 1545 1442 1625 indignari
1457 1543 1598 1607 omnino

371 1647 524 1712 Ducissa
535 1650 651 1730 coepit
665 1667 708 1714 ac
724 1650 853 1714 minari
868 1651 963 1731 quod
975 1651 1190 1714 dissolutura
1206 1659 1299 1714 esset
1311 1650 1518 1730 Collegium,
1531 1650 1600 1712 nisi

371 1755 428 1818 ille
443 1756 610 1834 venisset,
626 1766 757 1820 etcum
773 1756 1035 1837 significaretur
1050 1757 1083 1820 ei
1098 1758 1245 1820 libenter
1267 1756 1303 1820 P.
1325 1757 1500 1837 ignatium
1520 1756 1598 1819 mis·

371 1879 494 1926 surum
508 1880 585 1926 esse
600 1864 707 1941 illum,
725 1864 788 1927 sed
802 1863 1025 1927 obedientiae
1040 1863 1221 1928 Pontificis
1240 1881 1311 1927 non
1330 1881 1434 1945 posse
1457 1880 1523 1926 nec
1542 1863 1598 1924 de·

373 1969 457 2032 bere
472 1985 494 2030 a
507 1970 610 2032 nobis
625 1969 760 2050 obsisti,
778 1971 837 2049 “si,
851 1971 963 2051 inquit
975 1971 1045 2050 illa,
1062 1970 1224 2034 Pontifex
1233 1969 1377 2049 jusserit
1388 1987 1468 2033 eum
1483 1985 1599 2033 mane-

373 2093 423 2154 re,
439 2085 475 2138 et
489 2093 557 2154 ego
572 2077 640 2140 hoc
654 2076 785 2140 faciam
800 2077 896 2158 quod
907 2077 1018 2156 dico,.

432 2182 503 2246 277.
546 2181 696 2264 Scripsit
724 2192 844 2247 tamen
869 2185 1005 2248 litteras
1028 2184 1073 2247 ad
1098 2184 1325 2248 Cardinalem
1350 2179 1599 2263 Compostella·

371 2306 467 2369 num,
484 2290 596 2370 ipsius
609 2300 776 2370 patruum
790 2290 814 2370 ¹,
837 2301 872 2354 et
892 2292 939 2354 ad
958 2291 1185 2356 Cardinalem
1205 2291 1438 2370 Carpensem,
1463 2299 1500 2353 ut
1522 2289 1558 2352 id
1580 2307 1600 2352 a

370 2395 516 2460 Summo
541 2396 710 2460 Pontifice
734 2400 982 2478 impetrarent;
1008 2399 1070 2461 sed
1095 2399 1131 2462 id
1155 2416 1226 2462 non
1251 2399 1492 2476 obtinuerunt;
1517 2413 1600 2458 narn

375 2521 482 2583 quam
497 2504 567 2567 illis
582 2514 808 2568 concesserat
821 2504 1029 2568 facultatem
1044 2504 1071 2584 ³,
1091 2513 1216 2585 postea
1237 2505 1438 2584 revocavit;
1458 2512 1494 2567 et
1511 2503 1600 2566 haec

370 2620 450 2674 erat
464 2628 536 2673 vox
550 2611 745 2674 aulicorum
760 2609 783 2692 ⁴,
801 2612 893 2692 quod
906 2629 1038 2692 magna
1053 2611 1307 2692 ingratitudine
1318 2622 1475 2675 uteretur
1486 2609 1599 2675 Socie-

371 2727 428 2781 tas
442 2735 529 2796 erga
545 2718 745 2797 Ducissam,
762 2720 857 2799 quod
871 2718 946 2800 eJus
962 2730 1036 2784 tam
1051 2721 1199 2783 honesto
1214 2720 1389 2783 desiderio
1408 2737 1479 2783 non
1499 2718 1599 2782 satis·

372 2826 516 2889 faceret.
540 2824 630 2889 Cum
650 2835 768 2889 autem
788 2824 827 2889 P.
851 2826 1011 2906 Ignatius
1025 2827 1180 2891 misisset
1199 2827 1341 2890 Patrem
1362 2826 1538 2889 Didacum
1557 2825 1600 2887 de

371 2930 545 3010 Guzman‚
562 2943 684 3013 aperte
698 2933 838 2996 dicebat
853 2932 1007 2997 Ducissa
1022 2934 1199 2996 neminem
1214 2934 1322 2996 alium
1337 2950 1443 3013 quam
1458 2931 1599 2995 Patrem

372 3039 517 3119 Laynez
541 3041 647 3118 velle,
669 3049 802 3102 etcum
823 3040 965 3120 saepius
991 3040 1036 3103 ad
1062 3041 1235 3121 palatium
1260 3040 1394 3110 ivisset.
1421 3055 1601 3120 nunquam

372 3162 453 3207 eum
469 3146 599 3226 alloqui
614 3146 727 3209 voluit
740 3155 816 3209 toto
835 3147 903 3209 hoc
923 3162 1036 3223 anno;
1061 3159 1095 3210 et
1117 3147 1318 3211 sentiebant
1338 3148 1452 3209 nostri
1473 3146 1508 3209 in
1530 3162 1600 3208 ma-

370 3268 444 3331 gna
470 3270 632 3315 annonae
656 3253 805 3315 caritate
831 3250 843 3282 ⁸
868 3271 938 3316 non
963 3254 1132 3333 exiguum
1151 3254 1413 3317 incommodum
1438 3251 1533 3333 quod
1557 3270 1602 3315 ex

366 3367 468 3438 parte
484 3359 655 3422 auxilium
669 3359 755 3422 illud
770 3360 1050 3439 subtraheretur,
1068 3361 1161 3441 quod
1177 3361 1380 3440 augendum
1394 3360 1520 3423 fuerat.

432 3465 503 3528 278.
547 3466 624 3528 Hoc
640 3466 765 3529 eodem
779 3484 873 3529 anno
889 3465 926 3529 P.
944 3466 1086 3547 Gaspar
1099 3468 1231 3531 Loarte
1246 3468 1424 3531 Florentia
1440 3466 1602 3531 Genuam

373 3573 541 3637 transivit
566 3590 646 3635 cum
667 3573 774 3635 sociis
796 3572 863 3653 ipsi
887 3572 1063 3653 adjunctis
1081 3571 1104 3633 ⁰.
1131 3573 1236 3638 Pater
1257 3574 1364 3637 etiam
1378 3572 1525 3651 Natalis
1542 3576 1602 3655 qui

371 3679 650 3743 Commissarius
665 3690 742 3742 erat
757 3680 792 3741 in
807 3679 920 3759 ltalia,
940 3699 959 3742 a
975 3679 1014 3742 P.
1028 3679 1166 3760 ignatio
1178 3682 1359 3744 institutus
1371 3680 1392 3760 ²,
1417 3698 1480 3745 sua
1503 3698 1601 3761 prae-

409 4032 418 4065 ¹
449 4030 544 4084 Supra,
556 4027 740 4083 pagffletst,
752 4028 822 4073 n.59.

410 4104 422 4135 ¹
449 4104 574 4156 Joaunem
585 4102 701 4145 Alvarez
711 4100 742 4143 de
753 4098 858 4153 Toledo,
869 4100 899 4143 0.
909 4098 938 4143 S.
949 4100 980 4143 D.

408 4175 420 4206 ⁸
449 4174 506 4218 Hoc
521 4180 571 4226 est,
585 4173 739 4216 facultatem
754 4182 830 4225 quant
843 4171 1021 4215 Cardlnallnm
1029 4179 1123 4226 rogatu
1132 4179 1296 4216 concesserat
1305 4171 1402 4215 Paulus
1412 4171 1450 4215 lv
1458 4180 1485 4215 ut
1497 4171 1525 4214 P.
1535 4170 1604 4225 14η·-

391 4254 418 4283 :r
432 4244 593 4290 Florentiam
604 4244 664 4288 lret.

408 4318 420 4347 ⁴
449 4316 479 4361 In
490 4318 552 4360 aula
563 4315 663 4359 Ducum
673 4314 833 4358 Florentiae.

408 4390 419 4421 ³
452 4390 520 4433 Vide
531 4398 621 4441 supra,
630 4397 691 4441 pap.
702 4386 729 4428 96
738 4391 764 4429 et
775 4386 809 4439 97,
821 4398 844 4429 n.
859 4386 907 4429 2'28.

408 4460 420 4493 ⁸
448 4460 514 4505 Vide
525 4471 611 4515 supra.
622 4470 682 4514 pag.
690 4459 725 4511 12,
736 4470 764 4502 n.
776 4459 811 4501 78.

409 4536 420 4565 '¹
449 4533 612 4585 subrogatus
622 4539 663 4575 eat
674 4532 699 4574 in
709 4541 740 4574 eo
750 4542 855 4575 munere
866 4531 894 4575 P.
905 4530 1010 4574 Natalis
1020 4529 1093 4573 Patri
1104 4528 1195 4581 Joanni
1206 4526 1341 4583 Baptistae
1358 4527 1444 4577 Violu,
1459 4526 1502 4581 qui
1518 4533 1604 4570 tamen

367 4612 479 4661 propter
489 4605 603 4649 fractam
613 4603 790 4647 valetudinem
805 4602 922 4657 aliasque
940 4611 1034 4645 causas
1050 4611 1143 4655 parum
1157 4602 1182 4643 in
1192 4600 1248 4654 elus
1264 4600 1377 4643 muneris
1390 4597 1563 4642 functionibus
1577 4609 1604 4641 se

374 4683 538 4722 exercuerat.
