3717 5400
761 509 825 569 An.
847 508 916 569 1555
1400 510 1458 572 593

221 660 395 725 lectiones
418 656 673 723 inchoarentur
691 665 727 719 et
752 670 875 719 omnes
893 654 1017 730 nostri,
1039 663 1113 720 tam
1128 656 1332 735 collegiales
1348 674 1456 737 quam

221 784 272 831 ex
288 767 392 832 domo
413 764 646 844 probationis,
664 762 709 825 ad
726 760 877 841 Regium
898 759 1094 841 Collegium
1109 762 1317 842 migrarent,
1334 781 1456 844 quam·

229 874 286 938 vis
301 874 403 937 aliter
416 881 539 953 postea
554 871 623 933 hoc
637 868 820 943 successit,
838 877 877 931 ut
891 884 957 932 suo
971 868 1052 931 loco
1066 868 1244 933 videbitur
1261 870 1281 934 ¹.
1298 870 1457 936 Dederat

222 990 349 1045 autem
363 979 439 1043 Rex
454 978 552 1042 Patri
562 976 691 1041 Mironi
705 975 843 1040 litteras
857 975 903 1038 ad
917 972 1105 1040 Rectorem
1120 977 1175 1039 sui
1191 978 1331 1058 collegii
1347 977 1370 1058 ¹,
1383 982 1458 1061 qui·

228 1088 297 1152 bus
321 1087 353 1151 ei
378 1084 602 1165 significabat
627 1100 666 1147 se
690 1083 832 1147 tradere
857 1081 990 1145 nostris
1014 1100 1118 1147 suum
1143 1085 1344 1165 collegium,
1371 1096 1406 1151 et
1420 1097 1459 1151 ut

227 1194 269 1259 -Ρ,
286 1193 458 1259 Mironem
471 1191 516 1256 de
530 1192 636 1255 rebus
651 1188 812 1254 omnibus
837 1189 1056 1269 informaret,
1082 1208 1172 1271 quas
1191 1191 1237 1255 ab
1256 1193 1333 1272 ipso
1355 1196 1458 1258 vellet

227 1301 439 1381 intelligere.
461 1298 613 1363 Volebat
636 1305 755 1361 autent
781 1296 873 1361 idem
892 1294 969 1361 Rex
995 1305 1034 1361 ut
1055 1297 1254 1363 aedificium
1274 1302 1459 1366 materiale

223 1408 515 1486 ·considerarent‚
547 1414 581 1469 et
609 1421 755 1486 opetum
791 1404 972 1484 regiorum
1005 1404 1186 1485 praefecto
1224 1406 1386 1487 injunxit,
1420 1420 1460 1474 ut

232 1516 390 1581 omnium
406 1514 579 1578 rationem
594 1512 662 1593 ipsi
676 1510 850 1589 redderet,
869 1511 956 1575 utin
969 1510 1084 1576 reditu
1099 1512 1256 1594 ejusdem
1268 1514 1384 1581 Patris
1397 1518 1460 1581 Mi-

228 1624 331 1689 ronis
342 1622 595 1703 Ulyssiponam
610 1619 839 1683 constitueret
850 1618 1051 1699 quodfacto
1064 1636 1153 1701 opus
1168 1632 1246 1686 erat
1259 1623 1356 1687 circa
1368 1626 1459 1690 aedi·

228 1730 353 1796 licium
366 1728 639 1806 conficiendum;
660 1743 744 1791 nam
759 1726 852 1807 quod
868 1727 994 1789 attinet
1014 1728 1060 1791 ad
1081 1729 1297 1809 procedendi
1318 1733 1462 1798 modum

231 1839 271 1903 in
286 1836 430 1915 scholis,
446 1843 590 1899 nostrae
604 1833 792 1898 Societatis
807 1834 941 1912 regulis
955 1851 998 1897 ac
1019 1837 1328 1903 constitutionibus
1343 1842 1462 1905 omnia

230 1945 345 2010 libere
368 1943 446 2007 Rex
471 1942 707 2023 relinquebat;
733 1950 964 2021 nostrumque
988 1940 1186 2021 Collegium
1210 1956 1414 2026 exemptum
1442 1969 1464 2013 a

236 2060 374 2115 rectore
389 2048 642 2113 Universitatis
665 2056 700 2111 et
716 2064 736 2111 a
752 2056 826 2111 tota
849 2046 927 2127 ipsa
951 2047 1195 2121 Universitate
1220 2052 1403 2135 volebat⁸;
1429 2066 1464 2119 et

235 2158 286 2222 ita
300 2156 338 2221 P.
353 2155 469 2221 Miron
480 2155 655 2220 rationem
670 2166 775 2234 atque
789 2153 949 2217 ordinem
961 2156 1189 2236 praelegendi
1201 2159 1465 2243 philosophicas

236 2263 406 2329 lectiones
427 2282 448 2327 a
469 2262 575 2327 Patre
598 2262 736 2343 ignatio
761 2262 973 2341 postulavit;
1003 2280 1087 2326 nam
1113 2274 1261 2330 eatenus
1289 2267 1464 2334 rationem

239 2380 377 2435 tantum
392 2368 554 2435 tradendi
568 2369 796 2432 humaniores
809 2368 949 2431 litteras
963 2367 1076 2433 Roma
1096 2383 1323 2452 acceperant.

307 2477 395 2545 1632.
438 2478 517 2543 Non
540 2484 728 2557 expectata
748 2473 813 2537 luit
835 2473 873 2538 P.
889 2474 1019 2554 Ignatii
1038 2475 1190 2542 facultas
1210 2479 1344 2546 adhoc
1363 2486 1465 2549 colle-

232 2595 336 2675 ·gium
351 2583 622 2663 admittendum;
638 2583 713 2661 sed,
734 2592 772 2645 ut
786 2580 825 2645 P.
842 2580 960 2646 Miron
973 2583 1129 2665 scripsit,
1151 2588 1316 2653 omnibus
1334 2593 1467 2657 nostris

239 2694 496 2772 sacerdotibus,
519 2690 658 2756 nemine
678 2690 914 2770 discrepante,
936 2690 1022 2755 illud
1043 2692 1299 2761 admittendum
1317 2715 1396 2764 esse
1415 2701 1466 2766 vi·

240 2823 319 2872 sum
333 2815 399 2882 est,
415 2812 450 2866 et
464 2800 503 2865 P.
520 2798 650 2878 Natali,
668 2815 749 2862 cum
762 2808 857 2862 esset
870 2799 908 2862 in
921 2797 1153 2880 Portugallia,
1174 2820 1218 2867 ac
1243 2803 1341 2870 Patri
1357 2803 1466 2872 Fran-

236 2916 338 2978 cisco
351 2910 619 3004 Borgia3quem
634 2921 697 2986 per
716 2905 853 2968 litteras
868 2906 1111 2987 consulebant,
1135 2926 1193 2972 res
1211 2911 1429 2991 probabatur
1442 2913 1466 2979 ⁴.

305 3017 392 3083 1633.
436 3016 526 3081 Cum
551 3022 669 3076 autem
698 3011 961 3076 Conimbricam
988 3014 1144 3078 venisset
1172 3015 1211 3080 P.
1232 3017 1364 3100 Miron,
1395 3024 1469 3103 egit

242 3123 506 3192 cumfratribus
525 3122 570 3185 de
589 3117 854 3184 convictoribus
876 3121 1080 3199 retinendis,
1102 3124 1196 3203 quod
1215 3124 1294 3189 Rex
1314 3145 1385 3191 non
1410 3146 1469 3210 pa·

236 3252 321 3300 rum
335 3243 460 3314 optare
477 3228 676 3304 videbatur,
692 3235 727 3290 et
742 3242 890 3289 numero
901 3226 1048 3305 triginta
1060 3239 1212 3310 quatuor
1223 3235 1339 3296 solum
1354 3246 1469 3316 erant,

243 3353 277 3407 et
297 3342 414 3406 visum
434 3349 487 3401 est
513 3337 576 3414 eis,
601 3335 632 3398 si
657 3333 734 3397 Rex
759 3342 914 3413 urgeret,
939 3350 1059 3398 rerum
1084 3337 1321 3416 spiritualium
1347 3358 1471 3406 curam

243 3448 376 3528 suscipi
403 3461 524 3526 posse,
550 3443 600 3504 ita
625 3449 663 3504 ut
688 3439 884 3504 saecularis
909 3441 1048 3521 aliquiS,
1076 3460 1096 3505 a
1122 3443 1220 3526 Rege
1246 3449 1470 3524 constitutus

240 3571 363 3620 rerum
382 3549 630 3632 temporalium
645 3563 768 3610 curam
787 3545 1000 3628 susciperem
1027 3558 1061 3613 et
1086 3549 1245 3630 Reginae
1271 3553 1360 3618 haec
1381 3557 1474 3620 ratio

245 3659 490 3743 perplacebat;
520 3657 572 3719 sic
591 3655 686 3717 enim
708 3654 852 3717 invitari
875 3671 980 3734 posse
1004 3656 1222 3722 nobilitatem
1248 3661 1414 3726 credebat
1434 3673 1473 3726 ut

246 3786 331 3833 suos
347 3766 436 3830 filios
450 3764 499 3828 ibi
513 3782 535 3827 a
550 3763 682 3826 nostris
696 3761 731 3823 in
748 3761 904 3824 moribus
924 3771 958 3824 et
980 3762 1106 3827 litteris
1120 3765 1355 3831 instituendos
1369 3771 1473 3834 collo-

242 3875 357 3931 caret.
371 3862 566 3929 lnsantibus
578 3861 612 3924 id
624 3869 814 3940 utcumque
829 3859 1046 3939 probabatur
1060 3861 1096 3924 in
1110 3864 1266 3944 gratiam
1281 3864 1401 3948 Regis,
1414 3869 1475 3949 qui

248 4059 460 4072 ——-—-—-

287 4182 295 4214 ἱ
324 4177 405 4231 Infra,
415 4189 439 4220 n.
451 4175 504 4218 toto
513 4181 539 4219 et
550 4185 604 4230 aeq.

285 4251 297 4284 ¹
323 4249 390 4294 Vide
400 4257 488 4302 supra,
498 4258 559 4302 pat.
573 4245 622 4300 590,
632 4257 657 4290 n.
670 4243 813 4290 loia-liae
822 4243 928 4298 Joennia
938 4243 976 4290 111
985 4245 1089 4291 llttem
1099 4248 1133 4292 ad
1144 4248 1270 4296 Didaenm
1281 4251 1390 4297 Tarium
1402 4253 1478 4298 effert

245 4323 355 4376 Tacina,
366 4323 383 4365 l.
393 4331 425 4374 c..
437 4329 495 4373 cap.
507 4317 539 4362 18.
550 4317 604 4362 Eas
614 4317 694 4362 etlam
704 4316 763 4360 vide
775 4317 800 4360 in
812 4317 908 4362 Corios
917 4317 951 4362 de
962 4317 1017 4361 San
1029 4317 1147 4374 Ignacro,
1157 4329 1175 4366 t.
1187 4334 1212 4372 v,
1221 4334 1282 4378 pap.
1292 4325 1341 4368 562

284 4393 296 4426 ⁸
323 4393 391 4438 Vide
401 4402 467 4447 qnae
477 4391 509 4434 de
520 4391 569 4434 hac
580 4389 743 4442 exemptione
755 4389 810 4433 luae
820 4388 925 4434 dioaerlt
936 4389 1047 4443 Teucer,
1057 4392 1074 4434 l.
1083 4403 1116 4448 c.,
1127 4404 1184 4448 cap.
1196 4395 1230 4443 19,
1241 4406 1258 4439 a
1267 4407 1292 4440 n.
1302 4397 1317 4441 a
1326 4398 1358 4441 ad
1370 4409 1395 4442 ῃ,
1406 4399 1442 4442 11,

284 4463 297 4497 ⁴
324 4464 398 4508 Haud
411 4465 475 4508 bene
484 4463 549 4506 hacc
560 4470 770 4516 congruuntcum
778 4461 819 4504 liis
830 4471 894 4515 quae
904 4463 1017 4506 affirmat
1025 4463 1138 4520 Tnnnnz,
1146 4467 1163 4509 l.
1175 4477 1205 4517 c..
1217 4478 1275 4523 cap.
1285 4471 1317 4521 ts,
1326 4481 1350 4514 n.
1360 4471 1480 4523 avarum

236 4549 277 4582 ·ex
286 4536 381 4581 lltterls
392 4544 446 4579 tom
457 4533 535 4578 edltis
546 4533 570 4576 in
583 4533 678 4576 Corios
688 4532 721 4576 de
731 4533 786 4575 san
798 4532 916 4586 Ignacio,
926 4540 945 4578 t.
957 4546 983 4588 v,
999 4541 1054 4578 tum
1069 4537 1174 4581 edendis
1185 4539 1211 4581 in
1225 4539 1301 4584 Nove
1318 4539 1399 4592 Serie.
1414 4546 1481 4589 aetla

239 4609 370 4654 elucescit
386 4607 492 4650 Patrem
510 4604 592 4648 Miron
608 4604 716 4659 Regium
732 4603 874 4658 Collegium
889 4613 1042 4661 acceptasse
1057 4619 1108 4652 non
1125 4618 1264 4664 expectato
1281 4613 1370 4659 Petris
1384 4613 1482 4671 Ignatil

248 4691 382 4730 contentu,
394 4679 435 4732 qul
447 4684 544 4728 tamen,
555 4677 604 4720 liae
614 4677 793 4730 acceptatione
803 4678 938 4731 supposita
947 4689 994 4722 nec
1003 4680 1106 4725 omnlno
1117 4681 1274 4740 improbate,
1286 4687 1371 4732 voluit
1384 4693 1413 4732 ut
1423 4699 1484 4744 are·

243 4753 303 4798 tiae
313 4751 379 4808 Regi
389 4757 541 4804 agerentur.
554 4749 619 4792 vide
630 4748 709 4792 etiam
719 4747 795 4802 inira,
805 4759 830 4792 n.
841 4747 904 4792 loll.

431 4841 469 4899 Τ.
485 4857 512 4896 v.
1307 4846 1341 4920 33
