3717 5400
840 478 902 533 An.
925 476 995 535 tani
1476 468 1533 535 455

298 618 461 683 coniecta
476 619 628 700 fuerunt,
645 630 679 685 et
695 624 741 686 ad
756 623 866 701 ipsius
877 622 1028 701 Collegii
1039 621 1200 685 ordinem
1212 620 1386 700 quaedam
1403 621 1533 684 consti-

300 726 388 807 tuit,
419 728 615 809 exquibus
643 746 813 809 magnum
838 730 1058 809 spiritualem
1083 728 1281 809 proiectum
1304 735 1428 808 postea
1444 736 1533 813 sunt

300 836 449 915 experti.

364 941 451 1007 1227.
494 942 574 1008 Non
589 947 698 1009 multo
713 954 794 1025 post
807 945 1003 1009 discessum
1018 944 1055 1007 P.
1071 944 1267 1021 Francisci,
1280 942 1481 1007 amandatis
1494 943 1531 1009 in

301 1050 372 1113 alia
386 1052 465 1115 loca
480 1052 679 1116 salubriora
696 1052 704 1083 ¹
720 1054 781 1131 eis,
800 1052 943 1135 quinon
959 1051 1075 1116 adhuc
1091 1053 1178 1115 bene
1193 1051 1372 1129 valebant,
1395 1051 1534 1115 instau-

300 1158 375 1221 rari
388 1169 581 1239 coeperunt
592 1160 793 1223 intermissa
807 1160 936 1239 studia,
960 1160 1150 1239 etquidem
1170 1156 1296 1237 majori
1316 1175 1397 1222 cum
1413 1157 1532 1238 quiete

301 1277 336 1328 et
357 1267 480 1330 ordine
501 1284 609 1346 quam
632 1268 725 1331 inter
750 1267 1002 1349 occupationes
1025 1277 1099 1330 tam
1121 1266 1321 1329 laboriosas
1342 1278 1376 1328 et
1401 1267 1532 1329 multus

299 1372 377 1436 fieri
391 1390 496 1453 posse
518 1375 616 1454 prius
635 1374 878 1453 credidissent,
906 1374 1071 1456 quamvis
1095 1373 1211 1436 adhuc
1233 1372 1301 1435 sub
1326 1371 1532 1437 annifinem

299 1498 429 1545 novem
444 1491 506 1544 aut
519 1482 642 1545 decem
656 1482 897 1546 febricitantes
912 1482 1096 1546 haberent.

363 1587 452 1652 1228.
494 1588 549 1651 Ex
564 1589 620 1653 his
635 1598 764 1667 autern,
781 1608 873 1671 quae
887 1608 958 1653 non
974 1607 1101 1670 parum
1121 1588 1374 1653 consolationis
1399 1587 1531 1651 nostris

302 1696 606 1775 complutensibus
621 1700 825 1776 attulerunt,
842 1697 928 1760 illud
949 1696 1025 1771 suit,
1049 1697 1142 1779 quod
1162 1696 1231 1759 duo
1253 1695 1415 1776 collegia,
1440 1694 1531 1758 scili-

301 1816 357 1865 cet
373 1800 586 1881 Ocagnense
604 1811 639 1866 ct
653 1802 897 1884 Seguntinum,
918 1802 963 1867 ad
979 1822 1070 1884 quae
1090 1802 1316 1881 instituenda,
1337 1804 1397 1883 qui
1415 1801 1501 1881 prol
1521 1836 1531 1845 ·

303 1920 426 1974 corant
441 1928 551 1991 opera
566 1922 771 1975 nostrorum
783 1910 1088 1991 complutensium,
1101 1911 1159 1974 vel
1171 1908 1247 1991 ejus
1258 1908 1407 1990 Collegii
1418 1908 1529 1971 odore

300 2020 448 2083 excitati
468 2019 619 2097 fuerant,
643 2020 782 2099 erigere
797 2020 975 2096 volebant,
993 2019 1031 2082 P.
1050 2018 1266 2083 Franciscus
1281 2017 1413 2096 Borgia
1429 2015 1530 2081 Com-

301 2127 487 2190 missarius
503 2126 662 2206 admisit;
679 2126 723 2190 de
738 2126 866 2207 quibus
880 2126 1026 2189 inferius
1042 2128 1142 2206 plura
1159 2126 1320 2189 dicentur
1334 2123 1358 2183 ¹.

364 2233 451 2297 1229.
496 2232 695 2297 Positiones
713 2232 865 2296 Romani
885 2232 1034 2314 Collegii
1054 2231 1077 2312 ⁸,
1098 2250 1189 2314 quae
1210 2233 1405 2312 impressae
1427 2229 1531 2295 Com-

299 2342 437 2423 plutum
456 2342 587 2404 missae
607 2340 765 2415 fuerunt,
782 2350 979 2422 opportune
1001 2340 1191 2404 admodum
1206 2350 1375 2419 acceptae
1390 2338 1437 2402 ibi
1457 2338 1530 2402 sue-

301 2458 395 2525 runt,
413 2460 463 2527 ut,
480 2448 660 2530 primariis
678 2446 753 2528 eius
771 2446 1025 2512 Universitatis
1045 2447 1244 2511 hominibus
1268 2464 1329 2509 eas
1348 2444 1533 2509 ostenden-

301 2556 359 2634 do,
376 2555 504 2619 falsam
526 2555 715 2636 quamdam
738 2555 953 2636 opinionem,
976 2572 1083 2635 quam
1102 2552 1145 2617 de
1163 2553 1341 2617 Societate
1361 2569 1528 2633 concepe-

300 2674 394 2741 rant,
422 2663 517 2744 quod
541 2662 677 2727 scilicet
701 2662 818 2727 studia
841 2680 912 2727 non
937 2662 1124 2744 diligenter
1149 2670 1357 2741 tractarent,
1381 2660 1444 2724 sed
1463 2661 1530 2725 toti

299 2769 482 2834 devotioni
498 2770 751 2849 incumberent,
768 2779 913 2850 possent
928 2767 1096 2845 adimere,
1113 2763 1147 2832 e't
1162 2770 1199 2832 in
1220 2779 1413 2850 posterum,
1437 2785 1531 2849 quae

300 2876 500 2956 hujusmodi
516 2888 645 2953 essent,
662 2877 707 2940 ad
722 2895 761 2940 se
775 2877 865 2940 mitti
880 2893 1097 2957 magnopere
1113 2876 1352 2956 postulabant.

362 2984 449 3048 1230.
495 2983 665 3064 Religiosi
687 2985 837 3048 aliorum
859 2983 1034 3048 Ordinum
1052 2983 1126 3065 jam
1148 2984 1237 3048 satis
1262 2983 1529 3063 cognoscebant

297 3102 460 3155 nostram
474 3089 689 3155 Societatem
703 3092 791 3172 ipsis
805 3091 927 3156 utilem
943 3108 1032 3170 esse;
1049 3108 1132 3154 nam
1144 3109 1189 3154 ex
1200 3091 1266 3169 his,
1283 3108 1373 3171 quos
1385 3090 1430 3154 ad
1445 3107 1529 3154 con-

298 3198 378 3262 silia
404 3197 537 3262 Christi
561 3198 748 3277 sectanda,
773 3209 980 3262 nostrorum
1004 3197 1198 3262 ministerio
1224 3196 1321 3261 Deus
1346 3197 1526 3274 movebat,

298 3323 379 3369 cum
393 3324 464 3370 non
479 3322 602 3369 omnes
616 3315 761 3386 possent
776 3305 913 3369 admitti
924 3306 960 3370 in
971 3314 1129 3369 nostram
1141 3305 1366 3383 Societatem,
1380 3303 1425 3367 ad
1438 3303 1532 3367 alias
1609 3331 1612 3338 ·

298 3429 376 3477 sese
392 3413 667 3490 convertebant;
690 3422 724 3475 et
746 3423 784 3477 ut
804 3412 1073 3476 fundamentum
1096 3412 1246 3476 solidum
1272 3412 1308 3474 in
1329 3409 1530 3490 frequenta·-

297 3521 397 3585 tione
411 3530 728 3597 sacramentorum,
744 3519 986 3583 meditationis
1000 3529 1035 3583 et
1058 3519 1233 3582 orationis
1254 3536 1322 3582 usu
1341 3517 1529 3597 haberent,

298 3626 344 3690 ad
364 3643 623 3706 quamcumque
644 3643 682 3690 se
701 3627 911 3706 religionem
933 3624 1145 3705 conferrent,
1169 3626 1312 3705 egregie
1332 3643 1369 3690 se
1392 3623 1438 3688 ad
1458 3623 1530 3694 Dei

296 3734 450 3814 gloriam
464 3743 499 3797 et
513 3743 719 3798 constanter
733 3734 915 3814 gerebant.

363 3839 452 3903 1231.
495 3839 693 3904 Accidebat
708 3848 826 3904 autem
841 3848 922 3903 octo
945 3848 979 3904 et
998 3857 1128 3904 novem
1148 3841 1254 3904 simul
1266 3839 1362 3903 domi
1381 3848 1530 3902 nostrae

296 3948 334 4011 in
358 3947 601 4029 spiritualibus
622 3947 803 4011 exercitiis
828 3947 978 4025 versari,
1005 3959 1040 4010 et
1065 3965 1146 4011 cum
1171 3948 1250 4010 aliis
1275 3947 1336 4010 alii
1360 3945 1528 4010 succede

296 4064 385 4132 rent,
403 4071 554 4134 magnus
569 4072 615 4118 ex
634 4054 690 4117 his
710 4072 879 4117 numerus
901 4054 1051 4134 singulis
1072 4055 1175 4117 annis
1199 4053 1457 4133 egrediebatur.
1481 4052 1528 4118 Et

295 4161 357 4241 ita,
373 4164 433 4243 qui
448 4162 494 4225 ad
509 4159 725 4226 Societatem
739 4170 774 4225 et
788 4160 834 4224 ad
850 4162 940 4225 alias
955 4161 1146 4242 religiones
1160 4178 1222 4241 per
1235 4179 1277 4224 ea
1293 4160 1526 4241 disponeban-

293 4276 362 4348 tur,
380 4269 467 4332 satis
482 4269 581 4332 multi
596 4278 710 4331 erant.

355 4375 444 4439 1232.
488 4375 567 4439 Hoc
596 4393 690 4439 anno
719 4386 985 4440 monumentum
1015 4375 1192 4456 Compluti
1220 4375 1296 4439 fieri
1325 4377 1361 4439 in
1385 4374 1525 4439 Hebdo-

334 4583 342 4614 ¹
371 4579 515 4634 Praecipue
527 4579 553 4624 in
564 4579 742 4625 eremltorium
752 4579 842 4625 Sancti
853 4580 983 4626 Dominici
993 4581 1024 4625 de
1034 4581 1162 4626 Loranca.

333 4649 345 4680 ⁸
372 4651 411 4695 De
421 4651 566 4706 Ocagnensl
576 4653 619 4695 rel
631 4651 794 4701 ocanniensi.
806 4665 830 4696 n.
841 4653 902 4708 1521,
912 4654 945 4697 de
955 4652 1091 4708 Siguntlno
1102 4663 1176 4708 vero,
1185 4665 1209 4698 n.
1222 4653 1282 4697 1527.

333 4722 346 4755 ⁸
373 4723 439 4767 Vide
449 4734 537 4778 supra,
545 4734 606 4779 pag.
615 4723 643 4767 23
652 4730 677 4767 et
687 4725 722 4779 24,
732 4736 774 4768 un.
785 4725 858 4768 ³639.
