3717 5400
366 465 404 526 64
827 464 959 526 Canon.
979 465 1056 524 Soc.
1078 465 1149 538 Jas.

370 611 501 676 mundo
523 610 684 688 ‘Augerio
710 620 790 691 post
812 610 967 675 medium
992 610 1238 689 Februarium,
1263 619 1301 673 ut
1326 620 1399 675 tam
1422 610 1606 676 Cardinali

368 734 476 800 quam
491 717 587 781 Patri
601 729 725 781 nostro
744 717 891 782 referret
912 718 1089 798 quomodo
1104 736 1143 780 se
1162 733 1222 780 res
1235 717 1418 783 haberent.
1441 717 1488 782 Et
1509 718 1604 799 quod

370 826 498 890 attinet
512 825 556 889 ad
572 824 698 888 domus
712 825 830 902 situm,
847 824 1027 897 laudabat,
1045 842 1127 890 cum
1141 826 1178 888 in
1191 825 1309 890 medio
1328 825 1427 890 urbis
1446 836 1554 902 esset,
1569 833 1605 889 et

371 943 508 1012 septem
518 933 577 994 vel
590 943 672 995 octo
683 949 729 995 ex
740 930 871 995 nostris
882 931 1015 995 ibidem
1025 931 1187 996 habitare
1198 939 1354 1012 possent,
1367 932 1510 996 interim
1521 932 1605 996 dm

370 1040 443 1103 alia
458 1038 699 1102 commodiora
715 1038 877 1102 cubicula
893 1057 915 1102 a
929 1037 1141 1119 quibusdam
1152 1038 1302 1116 civibus,
1317 1039 1605 1103 acommunitate

370 1146 561 1226 deputatis,
587 1145 723 1224 fierent,
747 1147 808 1226 qui
828 1147 937 1209 etiam
957 1162 1090 1209 novum
1112 1147 1282 1209 sacellum
1303 1145 1492 1210 aedificare
1512 1147 1604 1209 vole·

372 1255 469 1332 bant,
485 1261 525 1316 ut
540 1252 657 1316 Missis
672 1252 832 1316 dicendis
847 1263 882 1317 et
897 1251 1180 1316 confessionibus
1199 1252 1385 1316 audiendis
1404 1253 1604 1329 inserviret;

373 1365 457 1424 n'am
472 1359 518 1422 ad
532 1360 818 1424 concionandum
834 1345 1026 1438 conjuncta
1041 1369 1118 1422 erat
1134 1359 1359 1423 Cathedralis
1372 1360 1536 1424 ecclesia.

437 1466 505 1530 140.
549 1466 697 1530 Fecerat
724 1475 842 1530 autem
867 1466 1050 1530 decretum
1076 1483 1142 1530 suo
1166 1467 1203 1529 in
1228 1467 1378 1530 concilio
1404 1467 1545 1543 civitas,
1569 1476 1608 1530 ut

374 1575 506 1638 nostris
533 1573 690 1652 daretur,
713 1572 792 1637 loco
821 1575 1081 1654 eleemosynae,
1104 1573 1275 1637 salarium
1296 1574 1391 1653 illud,
1418 1574 1513 1655 quod
1535 1591 1607 1638 ma·

373 1681 487 1760 gistro
508 1681 652 1744 scholae
669 1680 748 1743 dari
761 1679 903 1744 solitum
918 1690 1007 1759 erat;
1024 1689 1059 1742 et
1079 1680 1149 1743 alia
1164 1680 1340 1760 quaedam
1357 1684 1606 1760 emolumenta,

375 1805 467 1868 quae
487 1797 630 1851 centum
651 1803 780 1850 aureos
804 1804 874 1850 non
900 1787 1137 1865 excedebant,
1166 1797 1204 1850 ut
1234 1797 1332 1851 certa
1357 1787 1605 1868 designabant;

374 1902 528 1975 quatuor
542 1895 651 1958 etiam
666 1894 764 1957 cives
778 1893 881 1957 electi
896 1893 943 1957 ad
961 1911 1020 1972 ea,
1041 1911 1133 1975 quae
1151 1904 1353 1974 opportuna
1373 1904 1491 1959 essent
1506 1897 1607 1959 colle·

377 2003 450 2081 giu,
471 1999 711 2083 providenda;
735 2001 876 2081 publica
898 2001 1111 2065 auctoritate
1132 2001 1275 2064 scholas
1290 2001 1387 2064 urbis
1406 2019 1490 2072 cum
1504 2001 1609 2066 domo

380 2108 563 2186 praedicta
579 2118 614 2172 et
632 2124 736 2171 usum
752 2107 925 2172 ecelesiae
940 2107 1199 2187 concedebant,
1222 2117 1258 2171 et
1276 2125 1493 2190 magnopere
1514 2110 1609 2173 vide-

379 2217 508 2278 bantur
521 2224 724 2278 nostrorum
739 2213 933 2278 adventum
947 2223 1150 2294 expectare3
1165 2231 1250 2277 nam
1264 2217 1548 2296 ludimagistrum
1561 2217 1609 2280 di·

380 2323 562 2400 miserunt,
578 2322 707 2402 viginti
722 2338 852 2384 aureos
866 2321 916 2384 illi
932 2321 1110 2399 donando,
1126 2331 1165 2384 ut
1179 2323 1258 2384 loco
1270 2323 1423 2400 eederet;
1440 2341 1505 2388 nec
1519 2326 1611 2388 ullus

379 2429 536 2509 reliquus
550 2439 638 2507 erat,
654 2429 713 2510 qui
721 2427 943 2508 juventutem
951 2427 1182 2509 Spoletanam
1194 2430 1404 2509 institueret,
1418 2431 1500 2494 dum
1512 2433 1610 2495 brevi

380 2545 570 2600 venturum
583 2536 1016 2628 collegiumspectabann
1039 2553 1124 2599 nam
1146 2535 1315 2601 Vicarius
1330 2540 1453 2602 alteris
1473 2540 1608 2619 litteris,

380 2645 427 2708 ad
441 2643 480 2708 P.
502 2643 679 2724 Ignatium
700 2643 809 2721 datia,
831 2643 920 2707 satis
939 2642 1164 2722 significabat
1183 2661 1221 2707 se
1240 2646 1446 2725 promisisse
1464 2663 1537 2711 non
1556 2647 1611 2711 de·

381 2752 537 2815 futuram
554 2768 632 2813 esse
647 2759 852 2815 nostrorum
868 2767 1013 2830 operam
1036 2749 1249 2831 Spoletanis;
1270 2763 1305 2816 et
1322 2771 1447 2817 senon
1466 2755 1543 2818 sine
1557 2771 1611 2817 ru·

381 2862 467 2923 bore
492 2874 682 2939 passurum
708 2874 787 2921 esse
813 2859 993 2939 repulsam
1017 2857 1258 2939 significabat;
1285 2870 1319 2924 et
1344 2860 1498 2925 Laureto
1523 2862 1612 2926 mitti

382 2982 487 3045 posse
502 2964 645 3028 Patrem
668 2966 836 3045 aliquem,
859 2965 921 3045 qui
936 2974 1117 3045 praeesset
1138 2966 1301 3047 collegia
1324 2968 1470 3032 Perusio
1496 2979 1612 3033 autem

381 3072 477 3152 Mag.
492 3072 726 3151 Edmundum,
740 3073 801 3153 qui
811 3074 945 3135 scholis
956 3081 1148 3153 praeesset,
1161 3074 1251 3137 mitti
1265 3092 1381 3155 posse:
1395 3077 1484 3139 alios
1496 3085 1613 3140 autem

381 3181 486 3245 facile
509 3180 624 3243 Roma
649 3180 740 3243 mitti
766 3197 881 3259 posse.
908 3180 1074 3243 Addebat
1089 3180 1196 3243 etiam
1221 3179 1258 3244 P.
1282 3181 1499 3262 Everardus,
1520 3184 1614 3264 quod

381 3298 626 3352 commoverat
640 3286 809 3351 Vicarius
824 3288 1020 3366 permultos
1039 3295 1078 3350 ut
1098 3286 1302 3368 frequenter
1323 3289 1370 3353 ad
1391 3300 1615 3354 sacramenta

383 3395 606 3469 accederent,
624 3404 658 3456 et
674 3394 788 3457 nostri
802 3393 838 3457 id
851 3394 1019 3457 viderunt
1040 3411 1121 3458 cum
1137 3412 1269 3475 magna
1288 3414 1354 3460 sua
1372 3397 1616 3462 aedificatione

388 3504 453 3565 17-.’ι
467 3502 662 3577 Februarii,
678 3519 748 3581 qua
762 3500 836 3564 fere
858 3501 1030 3565 ducentos
1055 3502 1092 3565 in
1117 3501 1320 3567 Cathedrali
1345 3506 1498 3569 eeclesia
1522 3522 1616 3569 corn·

383 3609 606 3673 manicantes
621 3610 872 3671 observarunt.

426 3742 428 3748 v
448 3716 516 3779 141.
560 3716 645 3779 Erat
661 3716 888 3779 nihilominus
902 3716 1075 3780 habitatio
1091 3716 1216 3781 domus
1231 3718 1387 3781 obnoxia
1401 3731 1437 3782 et
1452 3720 1615 3800 exposita

386 3826 550 3888 fenestris
575 3824 786 3901 vicinorum;
803 3823 1058 3887 declarandum
1079 3826 1187 3887 etiam
1207 3825 1384 3904 censebat,
1407 3845 1452 3890 an
1475 3838 1617 3908 praeter

385 3934 464 3996 illos
480 3944 621 3998 eentum
638 3946 778 4010 aureoS,
799 3940 953 4011 quatuor
974 3930 1133 4011 deputati
1151 3933 1355 3995 necessaria
1375 3935 1526 4014 collegio
1540 3936 1617 3999 sub·

388 4038 621 4103 ministraturi
642 4046 770 4111 essent;
792 4055 906 4118 neque
928 4037 1023 4100 enim
1043 4036 1189 4101 Vicario
1208 4056 1298 4101 onus
1319 4039 1403 4103 illud
1423 4042 1619 4121 relinquen·

386 4145 470 4209 dum
486 4146 664 4207 censebat.
687 4144 785 4207 Patri
803 4144 943 4223 ignatio
967 4162 1039 4207 non
1059 4161 1277 4225 magnopere
1297 4147 1562 4226 properandum
1584 4149 1620 4212 in

387 4255 455 4315 hoc
470 4251 615 4329 negotio
631 4251 748 4314 visum
764 4260 829 4329 est;
846 4253 1081 4315 constituerat
1096 4252 1189 4315 enim
1204 4253 1392 4333 collegium
1406 4272 1477 4318 non
1498 4255 1620 4319 admit·

389 4372 463 4421 tere
478 4359 537 4420 ubi
555 4358 591 4420 14
606 4360 731 4421 saltem
747 4376 792 4421 ex
806 4359 940 4421 nostris
955 4359 1147 4422 sustentari
1161 4376 1233 4422 non
1252 4371 1397 4441 possent
1419 4359 1440 4437 ¹;
1463 4372 1497 4425 et
1516 4363 1621 4429 hone·

401 4578 606 4589 .-.--·-·-.-..—·--.

432 4707 440 4739 ¹
471 4708 535 4751 Vide
546 4719 634 4761 supra,
645 4714 663 4751 t.
676 4719 713 4755 ur,
724 4720 783 4763 pag.
794 4710 828 4763 78,
840 4723 863 4753 n.
878 4710 922 4763 145,
934 4717 959 4753 et
971 4718 989 4753 t.
1000 4720 1037 4761 tv,
1049 4720 1109 4764 pag.
1119 4710 1154 4761 84,
1166 4722 1190 4754 n.
1201 4712 1248 4755 151.
1264 4718 1352 4756 annot.
1362 4712 1385 4756 2.
1428 4750 1431 4753 ,
