<?xml version="1.0" encoding="UTF-8"?>
<!DOCTYPE html PUBLIC "-//W3C//DTD XHTML 1.0 Transitional//EN"
    "http://www.w3.org/TR/xhtml1/DTD/xhtml1-transitional.dtd">
<html xmlns="http://www.w3.org/1999/xhtml" xml:lang="en" lang="en">
 <head>
  <title>
</title>
<meta http-equiv="Content-Type" content="text/html;charset=utf-8" />
  <meta name='ocr-system' content='tesseract 3.04.00' />
  <meta name='ocr-capabilities' content='ocr_page ocr_carea ocr_par ocr_line ocrx_word'/>
</head>
<body>
  <div class='ocr_page' id='page_1' title='image "./vitaignatiiloio01polagoog_0083.png"; bbox 0 0 3717 5400; ppageno 0'>
   <div class='ocr_carea' id='block_1_1' title="bbox 798 447 1498 556">
    <p class='ocr_par' dir='ltr' id='par_1_1' title="bbox 798 447 1498 556">
     <span class='ocr_line' id='line_1_1' title="bbox 798 447 1498 556; baseline 0.014 -10"><span class='ocrx_word' id='word_1_1' title='bbox 798 489 862 548; x_wconf 72' lang='lat' dir='ltr'>Aa</span> <span class='ocrx_word' id='word_1_2' title='bbox 890 447 973 546; x_wconf 76' lang='lat'>1555¹</span> <span class='ocrx_word' id='word_1_3' title='bbox 1462 487 1498 556; x_wconf 70' lang='lat'>77</span> 
     </span>
    </p>
   </div>
   <div class='ocr_carea' id='block_1_2' title="bbox 253 631 1552 4462">
    <p class='ocr_par' dir='ltr' id='par_1_2' title="bbox 253 631 1500 1236">
     <span class='ocr_line' id='line_1_2' title="bbox 325 631 1497 713; baseline -0.001 -15"><span class='ocrx_word' id='word_1_4' title='bbox 325 635 391 698; x_wconf 82' lang='lat'>180.</span> <span class='ocrx_word' id='word_1_5' title='bbox 436 631 564 698; x_wconf 90' lang='lat' dir='ltr'>Tribus</span> <span class='ocrx_word' id='word_1_6' title='bbox 586 633 717 697; x_wconf 90' lang='lat' dir='ltr'>ultimis</span> <span class='ocrx_word' id='word_1_7' title='bbox 739 632 873 710; x_wconf 78' lang='lat' dir='ltr'>diebuS,</span> <span class='ocrx_word' id='word_1_8' title='bbox 897 633 1024 713; x_wconf 91' lang='lat' dir='ltr'>quibus</span> <span class='ocrx_word' id='word_1_9' title='bbox 1044 634 1093 696; x_wconf 92' lang='lat' dir='ltr'>ibi</span> <span class='ocrx_word' id='word_1_10' title='bbox 1113 634 1226 696; x_wconf 87' lang='lat' dir='ltr'><strong>nostri</strong></span> <span class='ocrx_word' id='word_1_11' title='bbox 1247 635 1382 698; x_wconf 90' lang='lat' dir='ltr'>versati</span> <span class='ocrx_word' id='word_1_12' title='bbox 1402 645 1497 713; x_wconf 89' lang='lat' dir='ltr'>sunt,</span> 
     </span>
     <span class='ocr_line' id='line_1_3' title="bbox 253 738 1499 825; baseline -0.003 -17"><span class='ocrx_word' id='word_1_13' title='bbox 253 745 354 825; x_wconf 83' lang='lat' dir='ltr'>quod</span> <span class='ocrx_word' id='word_1_14' title='bbox 370 743 521 824; x_wconf 90' lang='lat' dir='ltr'>populus</span> <span class='ocrx_word' id='word_1_15' title='bbox 535 742 592 805; x_wconf 91' lang='lat' dir='ltr'>ille</span> <span class='ocrx_word' id='word_1_16' title='bbox 607 738 711 822; x_wconf 89' lang='lat' dir='ltr'>[aliis]</span> <span class='ocrx_word' id='word_1_17' title='bbox 728 758 835 821; x_wconf 89' lang='lat' dir='ltr'>quam</span> <span class='ocrx_word' id='word_1_18' title='bbox 849 742 982 804; x_wconf 88' lang='lat' dir='ltr'>nostris</span> <span class='ocrx_word' id='word_1_19' title='bbox 994 740 1153 804; x_wconf 84' lang='lat' dir='ltr'>confiteri</span> <span class='ocrx_word' id='word_1_20' title='bbox 1164 743 1284 816; x_wconf 90' lang='lat' dir='ltr'>nollet,</span> <span class='ocrx_word' id='word_1_21' title='bbox 1301 741 1431 804; x_wconf 90' lang='lat' dir='ltr'>missus</span> <span class='ocrx_word' id='word_1_22' title='bbox 1445 752 1499 804; x_wconf 91' lang='lat' dir='ltr'>est</span> 
     </span>
     <span class='ocr_line' id='line_1_4' title="bbox 255 846 1498 930; baseline -0.004 -15"><span class='ocrx_word' id='word_1_23' title='bbox 255 853 296 915; x_wconf 85' lang='lat' dir='ltr'>in</span> <span class='ocrx_word' id='word_1_24' title='bbox 312 850 509 914; x_wconf 86' lang='lat' dir='ltr'>subsidium</span> <span class='ocrx_word' id='word_1_25' title='bbox 521 849 591 912; x_wconf 89' lang='lat' dir='ltr'>illis</span> <span class='ocrx_word' id='word_1_26' title='bbox 605 846 644 911; x_wconf 92' lang='grc' dir='ltr'>Ρ.</span> <span class='ocrx_word' id='word_1_27' title='bbox 661 847 817 930; x_wconf 88' lang='lat' dir='ltr'>Joannes</span> <span class='ocrx_word' id='word_1_28' title='bbox 832 847 1039 927; x_wconf 83' lang='lat' dir='ltr'>Mortagnes</span> <span class='ocrx_word' id='word_1_29' title='bbox 1055 847 1075 910; x_wconf 87' lang='lat'>¹.</span> <span class='ocrx_word' id='word_1_30' title='bbox 1097 847 1277 927; x_wconf 83' lang='lat' dir='ltr'>Nongenti</span> <span class='ocrx_word' id='word_1_31' title='bbox 1292 865 1379 927; x_wconf 85' lang='lat' dir='ltr'>ergo</span> <span class='ocrx_word' id='word_1_32' title='bbox 1402 867 1424 911; x_wconf 89' lang='lat' dir='ltr'>a</span> <span class='ocrx_word' id='word_1_33' title='bbox 1438 867 1498 912; x_wconf 89' lang='lat' dir='ltr'>no-</span> 
     </span>
     <span class='ocr_line' id='line_1_5' title="bbox 260 953 1499 1036; baseline -0.003 -14"><span class='ocrx_word' id='word_1_34' title='bbox 260 959 346 1022; x_wconf 90' lang='lat' dir='ltr'>stris</span> <span class='ocrx_word' id='word_1_35' title='bbox 361 968 443 1020; x_wconf 88' lang='lat' dir='ltr'>ante</span> <span class='ocrx_word' id='word_1_36' title='bbox 458 973 561 1020; x_wconf 90' lang='lat' dir='ltr'>suum</span> <span class='ocrx_word' id='word_1_37' title='bbox 574 971 756 1020; x_wconf 88' lang='lat' dir='ltr'>recessum</span> <span class='ocrx_word' id='word_1_38' title='bbox 769 955 1035 1019; x_wconf 86' lang='lat' dir='ltr'>sanctissimum</span> <span class='ocrx_word' id='word_1_39' title='bbox 1053 953 1184 1019; x_wconf 89' lang='lat' dir='ltr'>Christi</span> <span class='ocrx_word' id='word_1_40' title='bbox 1203 971 1334 1034; x_wconf 90' lang='lat' dir='ltr'>corpus</span> <span class='ocrx_word' id='word_1_41' title='bbox 1355 972 1499 1036; x_wconf 88' lang='lat' dir='ltr'>accepe-</span> 
     </span>
     <span class='ocr_line' id='line_1_6' title="bbox 258 1061 1500 1144; baseline -0.002 -15"><span class='ocrx_word' id='word_1_42' title='bbox 258 1078 358 1144; x_wconf 86' lang='lat' dir='ltr'>runt,</span> <span class='ocrx_word' id='word_1_43' title='bbox 385 1073 420 1128; x_wconf 91' lang='lat' dir='ltr'>et</span> <span class='ocrx_word' id='word_1_44' title='bbox 442 1062 556 1143; x_wconf 88' lang='lat' dir='ltr'>major</span> <span class='ocrx_word' id='word_1_45' title='bbox 577 1063 698 1144; x_wconf 92' lang='lat' dir='ltr'>populi</span> <span class='ocrx_word' id='word_1_46' title='bbox 717 1079 802 1142; x_wconf 91' lang='lat' dir='ltr'>pars</span> <span class='ocrx_word' id='word_1_47' title='bbox 824 1061 1043 1126; x_wconf 89' lang='lat' dir='ltr'>inflammata</span> <span class='ocrx_word' id='word_1_48' title='bbox 1063 1062 1130 1125; x_wconf 85' lang='lat' dir='ltr'>suit</span> <span class='ocrx_word' id='word_1_49' title='bbox 1150 1062 1327 1126; x_wconf 88' lang='lat' dir='ltr'>desiderio</span> <span class='ocrx_word' id='word_1_50' title='bbox 1349 1064 1500 1142; x_wconf 85' lang='lat' dir='ltr'>siugulis</span> 
     </span>
     <span class='ocr_line' id='line_1_7' title="bbox 262 1169 1003 1236; baseline -0.005 0"><span class='ocrx_word' id='word_1_51' title='bbox 262 1173 443 1236; x_wconf 89' lang='lat' dir='ltr'>mensibus</span> <span class='ocrx_word' id='word_1_52' title='bbox 458 1170 647 1234; x_wconf 89' lang='lat' dir='ltr'>confitendi</span> <span class='ocrx_word' id='word_1_53' title='bbox 662 1178 697 1233; x_wconf 90' lang='lat' dir='ltr'>et</span> <span class='ocrx_word' id='word_1_54' title='bbox 707 1169 1003 1233; x_wconf 88' lang='lat' dir='ltr'>communicandi.</span> 
     </span>
    </p>

    <p class='ocr_par' dir='ltr' id='par_1_3' title="bbox 262 1276 1501 2000">
     <span class='ocr_line' id='line_1_8' title="bbox 328 1276 1501 1356; baseline 0.001 -15"><span class='ocrx_word' id='word_1_55' title='bbox 328 1278 396 1342; x_wconf 86' lang='grc'><strong>181.</strong></span> <span class='ocrx_word' id='word_1_56' title='bbox 439 1277 608 1342; x_wconf 88' lang='lat' dir='ltr'>Solebant</span> <span class='ocrx_word' id='word_1_57' title='bbox 629 1277 736 1340; x_wconf 90' lang='lat' dir='ltr'>etiam</span> <span class='ocrx_word' id='word_1_58' title='bbox 756 1276 969 1340; x_wconf 88' lang='lat' dir='ltr'>catervatim</span> <span class='ocrx_word' id='word_1_59' title='bbox 987 1277 1181 1340; x_wconf 88' lang='lat' dir='ltr'>Lauretum</span> <span class='ocrx_word' id='word_1_60' title='bbox 1201 1295 1403 1356; x_wconf 89' lang='lat' dir='ltr'>accurrere,</span> <span class='ocrx_word' id='word_1_61' title='bbox 1427 1288 1501 1342; x_wconf 86' lang='lat' dir='ltr'>tam</span> 
     </span>
     <span class='ocr_line' id='line_1_9' title="bbox 262 1381 1501 1467; baseline -0.001 -17"><span class='ocrx_word' id='word_1_62' title='bbox 262 1388 332 1450; x_wconf 89' lang='lat' dir='ltr'>viri</span> <span class='ocrx_word' id='word_1_63' title='bbox 352 1403 460 1467; x_wconf 84' lang='lat' dir='ltr'>quam</span> <span class='ocrx_word' id='word_1_64' title='bbox 479 1385 660 1460; x_wconf 88' lang='lat' dir='ltr'>mulieres,</span> <span class='ocrx_word' id='word_1_65' title='bbox 683 1383 743 1463; x_wconf 91' lang='lat' dir='ltr'>qui</span> <span class='ocrx_word' id='word_1_66' title='bbox 766 1381 811 1446; x_wconf 88' lang='lat' dir='ltr'>ad</span> <span class='ocrx_word' id='word_1_67' title='bbox 832 1383 922 1446; x_wconf 92' lang='lat' dir='ltr'>haec</span> <span class='ocrx_word' id='word_1_68' title='bbox 941 1392 1166 1446; x_wconf 87' lang='lat' dir='ltr'>sacramenta</span> <span class='ocrx_word' id='word_1_69' title='bbox 1192 1385 1335 1465; x_wconf 90' lang='lat' dir='ltr'>saepius</span> <span class='ocrx_word' id='word_1_70' title='bbox 1356 1384 1501 1449; x_wconf 86' lang='lat' dir='ltr'>accede·</span> 
     </span>
     <span class='ocr_line' id='line_1_10' title="bbox 263 1489 1501 1572; baseline 0.003 -16"><span class='ocrx_word' id='word_1_71' title='bbox 263 1496 361 1570; x_wconf 88' lang='lat' dir='ltr'>bant,</span> <span class='ocrx_word' id='word_1_72' title='bbox 377 1503 567 1572; x_wconf 84' lang='lat' dir='ltr'>postquam</span> <span class='ocrx_word' id='word_1_73' title='bbox 582 1491 663 1554; x_wconf 90' lang='lat' dir='ltr'>inde</span> <span class='ocrx_word' id='word_1_74' title='bbox 679 1490 750 1568; x_wconf 89' lang='lat' dir='ltr'>(ubi</span> <span class='ocrx_word' id='word_1_75' title='bbox 765 1490 888 1553; x_wconf 89' lang='lat' dir='ltr'>decern</span> <span class='ocrx_word' id='word_1_76' title='bbox 902 1489 978 1552; x_wconf 90' lang='lat' dir='ltr'>dies</span> <span class='ocrx_word' id='word_1_77' title='bbox 996 1490 1199 1569; x_wconf 77' lang='lat' dir='ltr'>haeserant)</span> <span class='ocrx_word' id='word_1_78' title='bbox 1221 1492 1335 1556; x_wconf 90' lang='lat' dir='ltr'>nostri</span> <span class='ocrx_word' id='word_1_79' title='bbox 1357 1491 1501 1561; x_wconf 89' lang='lat' dir='ltr'>domum</span> 
     </span>
     <span class='ocr_line' id='line_1_11' title="bbox 262 1596 1501 1678; baseline -0.001 -15"><span class='ocrx_word' id='word_1_80' title='bbox 262 1599 458 1664; x_wconf 90' lang='lat' dir='ltr'>redierunt:</span> <span class='ocrx_word' id='word_1_81' title='bbox 471 1607 607 1678; x_wconf 87' lang='lat' dir='ltr'>septem</span> <span class='ocrx_word' id='word_1_82' title='bbox 619 1597 760 1678; x_wconf 91' lang='lat' dir='ltr'>quidem</span> <span class='ocrx_word' id='word_1_83' title='bbox 772 1597 848 1660; x_wconf 91' lang='lat' dir='ltr'>dies</span> <span class='ocrx_word' id='word_1_84' title='bbox 858 1596 906 1660; x_wconf 90' lang='lat' dir='ltr'>ibi</span> <span class='ocrx_word' id='word_1_85' title='bbox 916 1614 1061 1660; x_wconf 90' lang='lat' dir='ltr'>manere</span> <span class='ocrx_word' id='word_1_86' title='bbox 1072 1606 1209 1661; x_wconf 91' lang='lat' dir='ltr'>tantum</span> <span class='ocrx_word' id='word_1_87' title='bbox 1220 1598 1425 1678; x_wconf 88' lang='lat' dir='ltr'>debuerant,</span> <span class='ocrx_word' id='word_1_88' title='bbox 1439 1601 1501 1663; x_wconf 89' lang='lat' dir='ltr'>sed</span> 
     </span>
     <span class='ocr_line' id='line_1_12' title="bbox 263 1703 1500 1786; baseline 0 -16"><span class='ocrx_word' id='word_1_89' title='bbox 263 1709 375 1770; x_wconf 88' lang='lat' dir='ltr'>misso</span> <span class='ocrx_word' id='word_1_90' title='bbox 390 1705 436 1769; x_wconf 91' lang='lat' dir='ltr'>ad</span> <span class='ocrx_word' id='word_1_91' title='bbox 451 1705 487 1769; x_wconf 93' lang='lat' dir='ltr'>id</span> <span class='ocrx_word' id='word_1_92' title='bbox 502 1705 641 1782; x_wconf 89' lang='lat' dir='ltr'>nuntio,</span> <span class='ocrx_word' id='word_1_93' title='bbox 662 1705 769 1768; x_wconf 89' lang='lat' dir='ltr'>trium</span> <span class='ocrx_word' id='word_1_94' title='bbox 783 1703 921 1767; x_wconf 89' lang='lat' dir='ltr'>dierum</span> <span class='ocrx_word' id='word_1_95' title='bbox 940 1704 1103 1767; x_wconf 90' lang='lat' dir='ltr'>inducias</span> <span class='ocrx_word' id='word_1_96' title='bbox 1118 1705 1368 1784; x_wconf 89' lang='lat' dir='ltr'>impetrarunt:</span> <span class='ocrx_word' id='word_1_97' title='bbox 1385 1717 1420 1770; x_wconf 87' lang='lat' dir='ltr'>et</span> <span class='ocrx_word' id='word_1_98' title='bbox 1438 1707 1500 1786; x_wconf 92' lang='lat' dir='ltr'>qui</span> 
     </span>
     <span class='ocr_line' id='line_1_13' title="bbox 263 1810 1498 1893; baseline 0 -16"><span class='ocrx_word' id='word_1_99' title='bbox 263 1815 335 1876; x_wconf 91' lang='lat' dir='ltr'>hoc</span> <span class='ocrx_word' id='word_1_100' title='bbox 349 1823 508 1893; x_wconf 88' lang='lat' dir='ltr'>tempore</span> <span class='ocrx_word' id='word_1_101' title='bbox 523 1812 572 1875; x_wconf 91' lang='lat' dir='ltr'>ibi</span> <span class='ocrx_word' id='word_1_102' title='bbox 586 1827 657 1874; x_wconf 90' lang='lat' dir='ltr'>non</span> <span class='ocrx_word' id='word_1_103' title='bbox 672 1819 873 1892; x_wconf 89' lang='lat' dir='ltr'>potuerant,</span> <span class='ocrx_word' id='word_1_104' title='bbox 890 1810 1097 1890; x_wconf 90' lang='lat' dir='ltr'>subsequuti</span> <span class='ocrx_word' id='word_1_105' title='bbox 1112 1812 1266 1890; x_wconf 85' lang='lat' dir='ltr'>vestigia</span> <span class='ocrx_word' id='word_1_106' title='bbox 1279 1822 1498 1891; x_wconf 91' lang='lat' dir='ltr'>nostrorum,</span> 
     </span>
     <span class='ocr_line' id='line_1_14' title="bbox 263 1917 1433 2000; baseline -0.005 -16"><span class='ocrx_word' id='word_1_107' title='bbox 263 1921 411 1986; x_wconf 88' lang='lat' dir='ltr'>Laureti</span> <span class='ocrx_word' id='word_1_108' title='bbox 425 1919 743 1996; x_wconf 72' lang='lat' dir='ltr'>communicarunt,</span> <span class='ocrx_word' id='word_1_109' title='bbox 759 1917 879 1998; x_wconf 89' lang='lat' dir='ltr'>plures</span> <span class='ocrx_word' id='word_1_110' title='bbox 894 1917 1002 1981; x_wconf 90' lang='lat' dir='ltr'>etiam</span> <span class='ocrx_word' id='word_1_111' title='bbox 1016 1917 1054 1980; x_wconf 91' lang='lat' dir='ltr'>in</span> <span class='ocrx_word' id='word_1_112' title='bbox 1068 1918 1246 1981; x_wconf 90' lang='lat' dir='ltr'>dominica</span> <span class='ocrx_word' id='word_1_113' title='bbox 1260 1921 1433 2000; x_wconf 88' lang='lat' dir='ltr'>sequenti.</span> 
     </span>
    </p>

    <p class='ocr_par' dir='ltr' id='par_1_4' title="bbox 256 2025 1501 3064">
     <span class='ocr_line' id='line_1_15' title="bbox 329 2025 1498 2105; baseline 0.001 -17"><span class='ocrx_word' id='word_1_114' title='bbox 329 2025 395 2090; x_wconf 90' lang='lat'>182.</span> <span class='ocrx_word' id='word_1_115' title='bbox 440 2026 520 2105; x_wconf 90' lang='lat' dir='ltr'>Ipsa</span> <span class='ocrx_word' id='word_1_116' title='bbox 536 2025 712 2089; x_wconf 90' lang='lat' dir='ltr'>dominica</span> <span class='ocrx_word' id='word_1_117' title='bbox 727 2025 1055 2105; x_wconf 83' lang='lat' dir='ltr'>quinquagesimae,</span> <span class='ocrx_word' id='word_1_118' title='bbox 1070 2041 1152 2088; x_wconf 91' lang='lat' dir='ltr'>cum</span> <span class='ocrx_word' id='word_1_119' title='bbox 1166 2027 1316 2105; x_wconf 92' lang='lat' dir='ltr'>populus</span> <span class='ocrx_word' id='word_1_120' title='bbox 1330 2026 1498 2089; x_wconf 87' lang='lat' dir='ltr'>Laureta·</span> 
     </span>
     <span class='ocr_line' id='line_1_16' title="bbox 262 2131 1498 2212; baseline 0 -16"><span class='ocrx_word' id='word_1_121' title='bbox 262 2152 332 2198; x_wconf 90' lang='lat' dir='ltr'>nus</span> <span class='ocrx_word' id='word_1_122' title='bbox 344 2134 550 2198; x_wconf 85' lang='lat' dir='ltr'>concionem</span> <span class='ocrx_word' id='word_1_123' title='bbox 563 2132 686 2196; x_wconf 88' lang='lat' dir='ltr'>haberi</span> <span class='ocrx_word' id='word_1_124' title='bbox 695 2132 789 2211; x_wconf 89' lang='lat' dir='ltr'>apud</span> <span class='ocrx_word' id='word_1_125' title='bbox 797 2149 836 2195; x_wconf 89' lang='lat' dir='ltr'>se</span> <span class='ocrx_word' id='word_1_126' title='bbox 848 2131 968 2208; x_wconf 87' lang='lat' dir='ltr'>nollet,</span> <span class='ocrx_word' id='word_1_127' title='bbox 982 2149 1053 2212; x_wconf 94' lang='lat' dir='ltr'>quo</span> <span class='ocrx_word' id='word_1_128' title='bbox 1065 2131 1208 2194; x_wconf 88' lang='lat' dir='ltr'>liberius</span> <span class='ocrx_word' id='word_1_129' title='bbox 1220 2133 1498 2196; x_wconf 87' lang='lat' dir='ltr'>bacchanalibus</span> 
     </span>
     <span class='ocr_line' id='line_1_17' title="bbox 262 2239 1498 2320; baseline -0.001 -16"><span class='ocrx_word' id='word_1_130' title='bbox 262 2242 451 2320; x_wconf 82' lang='lat' dir='ltr'>indulgere</span> <span class='ocrx_word' id='word_1_131' title='bbox 476 2249 608 2320; x_wconf 87' lang='lat' dir='ltr'>posset,</span> <span class='ocrx_word' id='word_1_132' title='bbox 633 2240 756 2319; x_wconf 86' lang='lat' dir='ltr'>paucis</span> <span class='ocrx_word' id='word_1_133' title='bbox 781 2239 850 2302; x_wconf 90' lang='lat' dir='ltr'>illis</span> <span class='ocrx_word' id='word_1_134' title='bbox 874 2239 999 2303; x_wconf 86' lang='lat' dir='ltr'>diebus</span> <span class='ocrx_word' id='word_1_135' title='bbox 1023 2239 1143 2302; x_wconf 89' lang='lat' dir='ltr'>carnis</span> <span class='ocrx_word' id='word_1_136' title='bbox 1167 2240 1274 2319; x_wconf 89' lang='lat' dir='ltr'>privii</span> <span class='ocrx_word' id='word_1_137' title='bbox 1292 2240 1423 2303; x_wconf 88' lang='lat' dir='ltr'>missus</span> <span class='ocrx_word' id='word_1_138' title='bbox 1444 2250 1498 2306; x_wconf 90' lang='lat' dir='ltr'>est</span> 
     </span>
     <span class='ocr_line' id='line_1_18' title="bbox 261 2345 1500 2431; baseline -0.001 -20"><span class='ocrx_word' id='word_1_139' title='bbox 261 2348 303 2411; x_wconf 84' lang='lat' dir='ltr'>P.</span> <span class='ocrx_word' id='word_1_140' title='bbox 320 2348 476 2431; x_wconf 87' lang='lat' dir='ltr'>Joannes</span> <span class='ocrx_word' id='word_1_141' title='bbox 496 2346 710 2410; x_wconf 90' lang='lat' dir='ltr'>Laurentius</span> <span class='ocrx_word' id='word_1_142' title='bbox 732 2346 965 2409; x_wconf 86' lang='lat' dir='ltr'>concionator</span> <span class='ocrx_word' id='word_1_143' title='bbox 984 2362 1066 2409; x_wconf 90' lang='lat' dir='ltr'>cum</span> <span class='ocrx_word' id='word_1_144' title='bbox 1087 2345 1191 2410; x_wconf 90' lang='lat' dir='ltr'>Patre</span> <span class='ocrx_word' id='word_1_145' title='bbox 1210 2346 1348 2428; x_wconf 89' lang='lat' dir='ltr'>Joanne</span> <span class='ocrx_word' id='word_1_146' title='bbox 1369 2346 1500 2411; x_wconf 92' lang='lat' dir='ltr'>Morta-</span> 
     </span>
     <span class='ocr_line' id='line_1_19' title="bbox 256 2452 1499 2535; baseline 0 -17"><span class='ocrx_word' id='word_1_147' title='bbox 256 2473 336 2535; x_wconf 84' lang='lat' dir='ltr'>-gne</span> <span class='ocrx_word' id='word_1_148' title='bbox 348 2455 384 2518; x_wconf 91' lang='lat' dir='ltr'>in</span> <span class='ocrx_word' id='word_1_149' title='bbox 395 2453 551 2517; x_wconf 90' lang='lat' dir='ltr'>vicinum</span> <span class='ocrx_word' id='word_1_150' title='bbox 564 2453 741 2532; x_wconf 90' lang='lat' dir='ltr'>quoddam</span> <span class='ocrx_word' id='word_1_151' title='bbox 749 2453 918 2532; x_wconf 90' lang='lat' dir='ltr'>oppidum</span> <span class='ocrx_word' id='word_1_152' title='bbox 930 2452 1071 2516; x_wconf 89' lang='lat' dir='ltr'>nomine</span> <span class='ocrx_word' id='word_1_153' title='bbox 1079 2452 1212 2516; x_wconf 89' lang='lat' dir='ltr'>Cirollo</span> <span class='ocrx_word' id='word_1_154' title='bbox 1223 2457 1246 2534; x_wconf 85' lang='lat'>¹,</span> <span class='ocrx_word' id='word_1_155' title='bbox 1259 2455 1414 2535; x_wconf 90' lang='lat' dir='ltr'>quinque</span> <span class='ocrx_word' id='word_1_156' title='bbox 1425 2456 1499 2518; x_wconf 91' lang='lat' dir='ltr'>mil-</span> 
     </span>
     <span class='ocr_line' id='line_1_20' title="bbox 264 2557 1499 2642; baseline 0 -18"><span class='ocrx_word' id='word_1_157' title='bbox 264 2562 357 2624; x_wconf 84' lang='lat' dir='ltr'>libus</span> <span class='ocrx_word' id='word_1_158' title='bbox 372 2577 541 2642; x_wconf 87' lang='lat' dir='ltr'>passuum</span> <span class='ocrx_word' id='word_1_159' title='bbox 557 2560 711 2623; x_wconf 90' lang='lat' dir='ltr'>Laureto</span> <span class='ocrx_word' id='word_1_160' title='bbox 726 2559 874 2637; x_wconf 89' lang='lat' dir='ltr'>distans;</span> <span class='ocrx_word' id='word_1_161' title='bbox 891 2576 957 2621; x_wconf 89' lang='lat' dir='ltr'>nec</span> <span class='ocrx_word' id='word_1_162' title='bbox 972 2557 1084 2623; x_wconf 82' lang='lat' dir='ltr'>defuit</span> <span class='ocrx_word' id='word_1_163' title='bbox 1100 2577 1230 2639; x_wconf 90' lang='lat' dir='ltr'>operae</span> <span class='ocrx_word' id='word_1_164' title='bbox 1245 2561 1397 2641; x_wconf 91' lang='lat' dir='ltr'>pretium</span> <span class='ocrx_word' id='word_1_165' title='bbox 1416 2563 1499 2625; x_wconf 90' lang='lat' dir='ltr'>huic</span> 
     </span>
     <span class='ocr_line' id='line_1_21' title="bbox 263 2666 1497 2749; baseline 0.001 -16"><span class='ocrx_word' id='word_1_166' title='bbox 263 2669 436 2743; x_wconf 68' lang='lat' dir='ltr'>missioni</span> <span class='ocrx_word' id='word_1_167' title='bbox 464 2685 549 2731; x_wconf 87' lang='lat' dir='ltr'>nam</span> <span class='ocrx_word' id='word_1_168' title='bbox 570 2683 691 2731; x_wconf 89' lang='lat' dir='ltr'>semen</span> <span class='ocrx_word' id='word_1_169' title='bbox 714 2667 814 2731; x_wconf 88' lang='lat' dir='ltr'>verbi</span> <span class='ocrx_word' id='word_1_170' title='bbox 836 2666 904 2731; x_wconf 91' lang='lat' dir='ltr'>Dei</span> <span class='ocrx_word' id='word_1_171' title='bbox 926 2667 962 2730; x_wconf 92' lang='lat' dir='ltr'>in</span> <span class='ocrx_word' id='word_1_172' title='bbox 983 2667 1121 2731; x_wconf 90' lang='lat' dir='ltr'>meliori</span> <span class='ocrx_word' id='word_1_173' title='bbox 1145 2685 1188 2731; x_wconf 86' lang='lat' dir='ltr'>ac</span> <span class='ocrx_word' id='word_1_174' title='bbox 1210 2666 1371 2733; x_wconf 84' lang='lat' dir='ltr'>fertiliori</span> <span class='ocrx_word' id='word_1_175' title='bbox 1396 2686 1497 2749; x_wconf 85' lang='lat' dir='ltr'>agr0,</span> 
     </span>
     <span class='ocr_line' id='line_1_22' title="bbox 265 2772 1501 2857; baseline 0.002 -18"><span class='ocrx_word' id='word_1_176' title='bbox 265 2793 375 2857; x_wconf 88' lang='lat' dir='ltr'>quam</span> <span class='ocrx_word' id='word_1_177' title='bbox 385 2786 477 2839; x_wconf 87' lang='lat' dir='ltr'>esset</span> <span class='ocrx_word' id='word_1_178' title='bbox 491 2775 724 2851; x_wconf 76' lang='lat' dir='ltr'>LauretanuS,</span> <span class='ocrx_word' id='word_1_179' title='bbox 739 2772 1026 2837; x_wconf 91' lang='lat' dir='ltr'>commendatum</span> <span class='ocrx_word' id='word_1_180' title='bbox 1037 2784 1101 2837; x_wconf 91' lang='lat' dir='ltr'>est.</span> <span class='ocrx_word' id='word_1_181' title='bbox 1115 2774 1237 2855; x_wconf 91' lang='lat' dir='ltr'>Aliqui</span> <span class='ocrx_word' id='word_1_182' title='bbox 1251 2786 1354 2839; x_wconf 88' lang='lat' dir='ltr'>erant</span> <span class='ocrx_word' id='word_1_183' title='bbox 1369 2777 1417 2840; x_wconf 92' lang='lat' dir='ltr'>ibi</span> <span class='ocrx_word' id='word_1_184' title='bbox 1431 2776 1501 2841; x_wconf 91' lang='lat' dir='ltr'>dis·</span> 
     </span>
     <span class='ocr_line' id='line_1_23' title="bbox 265 2880 1499 2962; baseline 0.002 -17"><span class='ocrx_word' id='word_1_185' title='bbox 265 2881 405 2962; x_wconf 88' lang='lat' dir='ltr'>cordes,</span> <span class='ocrx_word' id='word_1_186' title='bbox 427 2883 498 2961; x_wconf 91' lang='lat' dir='ltr'>qui,</span> <span class='ocrx_word' id='word_1_187' title='bbox 515 2882 645 2961; x_wconf 91' lang='lat' dir='ltr'>partim</span> <span class='ocrx_word' id='word_1_188' title='bbox 665 2880 786 2943; x_wconf 91' lang='lat' dir='ltr'>audita</span> <span class='ocrx_word' id='word_1_189' title='bbox 806 2881 989 2959; x_wconf 90' lang='lat' dir='ltr'>concione,</span> <span class='ocrx_word' id='word_1_190' title='bbox 1013 2881 1143 2961; x_wconf 87' lang='lat' dir='ltr'>partim</span> <span class='ocrx_word' id='word_1_191' title='bbox 1164 2882 1315 2962; x_wconf 90' lang='lat' dir='ltr'>privatis</span> <span class='ocrx_word' id='word_1_192' title='bbox 1336 2884 1499 2947; x_wconf 87' lang='lat' dir='ltr'>exhorta-</span> 
     </span>
     <span class='ocr_line' id='line_1_24' title="bbox 264 2987 1248 3064; baseline 0 -12"><span class='ocrx_word' id='word_1_193' title='bbox 264 2988 420 3053; x_wconf 86' lang='lat' dir='ltr'>tionibus</span> <span class='ocrx_word' id='word_1_194' title='bbox 435 2987 613 3064; x_wconf 87' lang='lat' dir='ltr'>adhibitis,</span> <span class='ocrx_word' id='word_1_195' title='bbox 630 2988 721 3051; x_wconf 91' lang='lat' dir='ltr'>inter</span> <span class='ocrx_word' id='word_1_196' title='bbox 736 3004 774 3049; x_wconf 90' lang='lat' dir='ltr'>se</span> <span class='ocrx_word' id='word_1_197' title='bbox 790 2987 947 3050; x_wconf 88' lang='lat' dir='ltr'>amicitia</span> <span class='ocrx_word' id='word_1_198' title='bbox 959 2988 1140 3051; x_wconf 90' lang='lat' dir='ltr'>conciliati</span> <span class='ocrx_word' id='word_1_199' title='bbox 1156 2999 1248 3053; x_wconf 88' lang='lat' dir='ltr'>sunt.</span> 
     </span>
    </p>

    <p class='ocr_par' dir='ltr' id='par_1_5' title="bbox 262 3089 1552 4017">
     <span class='ocr_line' id='line_1_25' title="bbox 330 3089 1552 3176; baseline 0.002 -18"><span class='ocrx_word' id='word_1_200' title='bbox 330 3095 396 3159; x_wconf 82' lang='lat'>183.</span> <span class='ocrx_word' id='word_1_201' title='bbox 442 3094 531 3158; x_wconf 93' lang='lat' dir='ltr'>Cum</span> <span class='ocrx_word' id='word_1_202' title='bbox 554 3104 672 3157; x_wconf 88' lang='lat' dir='ltr'>autem</span> <span class='ocrx_word' id='word_1_203' title='bbox 698 3095 829 3157; x_wconf 89' lang='lat' dir='ltr'>vellent</span> <span class='ocrx_word' id='word_1_204' title='bbox 853 3094 980 3169; x_wconf 87' lang='lat' dir='ltr'>nostri,</span> <span class='ocrx_word' id='word_1_205' title='bbox 1006 3107 1111 3174; x_wconf 89' lang='lat' dir='ltr'>prout</span> <span class='ocrx_word' id='word_1_206' title='bbox 1131 3096 1219 3175; x_wconf 87' lang='lat' dir='ltr'>ipsis</span> <span class='ocrx_word' id='word_1_207' title='bbox 1238 3089 1500 3176; x_wconf 88' lang='lat' dir='ltr'>praescriptum</span> <span class='ocrx_word' id='word_1_208' title='bbox 1549 3090 1552 3097; x_wconf 78' lang='grc'><strong>’</strong></span> 
     </span>
     <span class='ocr_line' id='line_1_26' title="bbox 262 3200 1497 3283; baseline 0.001 -16"><span class='ocrx_word' id='word_1_209' title='bbox 262 3214 354 3280; x_wconf 90' lang='lat' dir='ltr'>erat,</span> <span class='ocrx_word' id='word_1_210' title='bbox 368 3203 530 3266; x_wconf 89' lang='lat' dir='ltr'>habitare</span> <span class='ocrx_word' id='word_1_211' title='bbox 541 3202 727 3281; x_wconf 88' lang='lat' dir='ltr'>hospitale,</span> <span class='ocrx_word' id='word_1_212' title='bbox 740 3200 776 3265; x_wconf 91' lang='lat' dir='ltr'>id</span> <span class='ocrx_word' id='word_1_213' title='bbox 787 3201 906 3265; x_wconf 86' lang='lat' dir='ltr'>facere</span> <span class='ocrx_word' id='word_1_214' title='bbox 917 3202 1062 3265; x_wconf 88' lang='lat' dir='ltr'>minime</span> <span class='ocrx_word' id='word_1_215' title='bbox 1074 3212 1276 3283; x_wconf 82' lang='lat' dir='ltr'>potuerunt3</span> <span class='ocrx_word' id='word_1_216' title='bbox 1287 3221 1330 3266; x_wconf 93' lang='lat' dir='ltr'>eo</span> <span class='ocrx_word' id='word_1_217' title='bbox 1341 3206 1435 3268; x_wconf 90' lang='lat' dir='ltr'>enim</span> <span class='ocrx_word' id='word_1_218' title='bbox 1446 3223 1497 3268; x_wconf 91' lang='lat' dir='ltr'>re-</span> 
     </span>
     <span class='ocr_line' id='line_1_27' title="bbox 262 3308 1500 3391; baseline 0.002 -18"><span class='ocrx_word' id='word_1_219' title='bbox 262 3310 409 3373; x_wconf 89' lang='lat' dir='ltr'>dactum</span> <span class='ocrx_word' id='word_1_220' title='bbox 424 3308 550 3387; x_wconf 83' lang='lat' dir='ltr'>iuerat,</span> <span class='ocrx_word' id='word_1_221' title='bbox 567 3318 712 3390; x_wconf 89' lang='lat' dir='ltr'>propter</span> <span class='ocrx_word' id='word_1_222' title='bbox 735 3325 869 3387; x_wconf 88' lang='lat' dir='ltr'>eorum,</span> <span class='ocrx_word' id='word_1_223' title='bbox 891 3308 950 3389; x_wconf 93' lang='lat' dir='ltr'>qui</span> <span class='ocrx_word' id='word_1_224' title='bbox 966 3310 1272 3373; x_wconf 86' lang='lat' dir='ltr'>administratores</span> <span class='ocrx_word' id='word_1_225' title='bbox 1293 3321 1406 3391; x_wconf 90' lang='lat' dir='ltr'>erant,</span> <span class='ocrx_word' id='word_1_226' title='bbox 1427 3330 1500 3375; x_wconf 89' lang='lat' dir='ltr'>ma·</span> 
     </span>
     <span class='ocr_line' id='line_1_28' title="bbox 263 3416 1497 3498; baseline 0.001 -17"><span class='ocrx_word' id='word_1_227' title='bbox 263 3420 337 3481; x_wconf 91' lang='lat' dir='ltr'>lam</span> <span class='ocrx_word' id='word_1_228' title='bbox 351 3418 655 3498; x_wconf 86' lang='lat' dir='ltr'>gubernationem,</span> <span class='ocrx_word' id='word_1_229' title='bbox 669 3424 708 3479; x_wconf 96' lang='lat' dir='ltr'>ut</span> <span class='ocrx_word' id='word_1_230' title='bbox 719 3433 785 3478; x_wconf 90' lang='lat' dir='ltr'>nec</span> <span class='ocrx_word' id='word_1_231' title='bbox 800 3416 903 3495; x_wconf 91' lang='lat' dir='ltr'>panis</span> <span class='ocrx_word' id='word_1_232' title='bbox 914 3416 963 3478; x_wconf 89' lang='lat' dir='ltr'>ibi</span> <span class='ocrx_word' id='word_1_233' title='bbox 978 3427 1083 3494; x_wconf 87' lang='lat' dir='ltr'>esset,</span> <span class='ocrx_word' id='word_1_234' title='bbox 1099 3434 1166 3479; x_wconf 90' lang='lat' dir='ltr'>nec</span> <span class='ocrx_word' id='word_1_235' title='bbox 1181 3421 1305 3496; x_wconf 89' lang='lat' dir='ltr'>lectus,</span> <span class='ocrx_word' id='word_1_236' title='bbox 1318 3435 1385 3481; x_wconf 90' lang='lat' dir='ltr'>nec</span> <span class='ocrx_word' id='word_1_237' title='bbox 1396 3418 1497 3482; x_wconf 89' lang='lat' dir='ltr'>locus</span> 
     </span>
     <span class='ocr_line' id='line_1_29' title="bbox 263 3521 1501 3606; baseline 0.003 -19"><span class='ocrx_word' id='word_1_238' title='bbox 263 3526 386 3602; x_wconf 87' lang='lat' dir='ltr'>etiam,</span> <span class='ocrx_word' id='word_1_239' title='bbox 405 3525 463 3606; x_wconf 92' lang='lat' dir='ltr'>qui</span> <span class='ocrx_word' id='word_1_240' title='bbox 479 3524 523 3587; x_wconf 88' lang='lat' dir='ltr'>ab</span> <span class='ocrx_word' id='word_1_241' title='bbox 535 3522 662 3602; x_wconf 88' lang='lat' dir='ltr'>injuria</span> <span class='ocrx_word' id='word_1_242' title='bbox 674 3524 768 3587; x_wconf 77' lang='lat' dir='ltr'>aeris</span> <span class='ocrx_word' id='word_1_243' title='bbox 779 3523 939 3603; x_wconf 88' lang='lat' dir='ltr'>hospites</span> <span class='ocrx_word' id='word_1_244' title='bbox 950 3521 1164 3587; x_wconf 84' lang='lat' dir='ltr'>defenderet.</span> <span class='ocrx_word' id='word_1_245' title='bbox 1177 3524 1235 3587; x_wconf 93' lang='lat' dir='ltr'>Ad</span> <span class='ocrx_word' id='word_1_246' title='bbox 1250 3525 1336 3589; x_wconf 92' lang='lat' dir='ltr'>illud</span> <span class='ocrx_word' id='word_1_247' title='bbox 1350 3542 1437 3606; x_wconf 86' lang='lat' dir='ltr'>ergo</span> <span class='ocrx_word' id='word_1_248' title='bbox 1449 3528 1501 3591; x_wconf 90' lang='lat' dir='ltr'>iu·</span> 
     </span>
     <span class='ocr_line' id='line_1_30' title="bbox 264 3629 1497 3712; baseline 0.001 -17"><span class='ocrx_word' id='word_1_249' title='bbox 264 3632 509 3709; x_wconf 87' lang='lat' dir='ltr'>staurandum,</span> <span class='ocrx_word' id='word_1_250' title='bbox 526 3630 694 3711; x_wconf 86' lang='lat' dir='ltr'>primates</span> <span class='ocrx_word' id='word_1_251' title='bbox 709 3630 802 3693; x_wconf 91' lang='lat' dir='ltr'>illius</span> <span class='ocrx_word' id='word_1_252' title='bbox 817 3629 936 3710; x_wconf 91' lang='lat' dir='ltr'>oppidi</span> <span class='ocrx_word' id='word_1_253' title='bbox 951 3631 1065 3693; x_wconf 88' lang='lat' dir='ltr'>nostri</span> <span class='ocrx_word' id='word_1_254' title='bbox 1083 3631 1295 3712; x_wconf 88' lang='lat' dir='ltr'>excitarunt,</span> <span class='ocrx_word' id='word_1_255' title='bbox 1315 3641 1349 3695; x_wconf 93' lang='lat' dir='ltr'>et</span> <span class='ocrx_word' id='word_1_256' title='bbox 1363 3633 1413 3695; x_wconf 93' lang='lat' dir='ltr'>illi</span> <span class='ocrx_word' id='word_1_257' title='bbox 1429 3643 1497 3697; x_wconf 89' lang='lat' dir='ltr'>sta-</span> 
     </span>
     <span class='ocr_line' id='line_1_31' title="bbox 264 3738 1501 3819; baseline -0.001 -16"><span class='ocrx_word' id='word_1_258' title='bbox 264 3740 331 3803; x_wconf 92' lang='lat' dir='ltr'>tim</span> <span class='ocrx_word' id='word_1_259' title='bbox 351 3757 389 3802; x_wconf 90' lang='lat' dir='ltr'>se</span> <span class='ocrx_word' id='word_1_260' title='bbox 405 3738 666 3801; x_wconf 84' lang='lat' dir='ltr'>instauraturus</span> <span class='ocrx_word' id='word_1_261' title='bbox 687 3747 826 3817; x_wconf 89' lang='lat' dir='ltr'>partem</span> <span class='ocrx_word' id='word_1_262' title='bbox 844 3754 952 3800; x_wconf 90' lang='lat' dir='ltr'>unam</span> <span class='ocrx_word' id='word_1_263' title='bbox 972 3738 1220 3817; x_wconf 91' lang='lat' dir='ltr'>promiserunt,</span> <span class='ocrx_word' id='word_1_264' title='bbox 1244 3739 1417 3819; x_wconf 90' lang='lat' dir='ltr'>reliquam</span> <span class='ocrx_word' id='word_1_265' title='bbox 1439 3759 1501 3803; x_wconf 89' lang='lat' dir='ltr'>au·</span> 
     </span>
     <span class='ocr_line' id='line_1_32' title="bbox 266 3843 1499 3933; baseline -0.002 -23"><span class='ocrx_word' id='word_1_266' title='bbox 266 3858 349 3925; x_wconf 90' lang='lat' dir='ltr'>tem,</span> <span class='ocrx_word' id='word_1_267' title='bbox 363 3844 491 3909; x_wconf 89' lang='lat' dir='ltr'>messis</span> <span class='ocrx_word' id='word_1_268' title='bbox 502 3843 643 3907; x_wconf 84' lang='lat' dir='ltr'>suturae</span> <span class='ocrx_word' id='word_1_269' title='bbox 658 3854 828 3923; x_wconf 89' lang='lat' dir='ltr'>tempore.</span> <span class='ocrx_word' id='word_1_270' title='bbox 845 3844 1030 3933; x_wconf 85' lang='lat' dir='ltr'>Quaedam</span> <span class='ocrx_word' id='word_1_271' title='bbox 1041 3845 1149 3907; x_wconf 88' lang='lat' dir='ltr'>etiam</span> <span class='ocrx_word' id='word_1_272' title='bbox 1162 3846 1256 3908; x_wconf 91' lang='lat' dir='ltr'>bona</span> <span class='ocrx_word' id='word_1_273' title='bbox 1268 3863 1349 3908; x_wconf 92' lang='lat' dir='ltr'>cum</span> <span class='ocrx_word' id='word_1_274' title='bbox 1365 3846 1499 3925; x_wconf 89' lang='lat' dir='ltr'>optimo</span> 
     </span>
     <span class='ocr_line' id='line_1_33' title="bbox 263 3949 906 4017; baseline -0.008 0"><span class='ocrx_word' id='word_1_275' title='bbox 263 3952 456 4017; x_wconf 89' lang='lat' dir='ltr'>Societatis</span> <span class='ocrx_word' id='word_1_276' title='bbox 471 3951 581 4015; x_wconf 91' lang='lat' dir='ltr'>odore</span> <span class='ocrx_word' id='word_1_277' title='bbox 595 3960 677 4015; x_wconf 87' lang='lat' dir='ltr'>acta</span> <span class='ocrx_word' id='word_1_278' title='bbox 692 3950 739 4013; x_wconf 89' lang='lat' dir='ltr'>ibi</span> <span class='ocrx_word' id='word_1_279' title='bbox 754 3949 906 4013; x_wconf 85' lang='lat' dir='ltr'>luerunt.</span> 
     </span>
    </p>

    <p class='ocr_par' dir='ltr' id='par_1_6' title="bbox 259 4056 1501 4462">
     <span class='ocr_line' id='line_1_34' title="bbox 331 4056 1499 4139; baseline 0.002 -18"><span class='ocrx_word' id='word_1_280' title='bbox 331 4058 398 4121; x_wconf 88' lang='grc'><strong>184.</strong></span> <span class='ocrx_word' id='word_1_281' title='bbox 443 4057 512 4122; x_wconf 86' lang='lat' dir='ltr'>Sed</span> <span class='ocrx_word' id='word_1_282' title='bbox 527 4074 571 4120; x_wconf 88' lang='lat' dir='ltr'>ne</span> <span class='ocrx_word' id='word_1_283' title='bbox 586 4056 655 4121; x_wconf 93' lang='lat' dir='ltr'>hoc</span> <span class='ocrx_word' id='word_1_284' title='bbox 674 4066 831 4136; x_wconf 90' lang='lat' dir='ltr'>tempore</span> <span class='ocrx_word' id='word_1_285' title='bbox 845 4058 996 4137; x_wconf 90' lang='lat' dir='ltr'>populus</span> <span class='ocrx_word' id='word_1_286' title='bbox 1010 4058 1233 4122; x_wconf 86' lang='lat' dir='ltr'>Lauretanus</span> <span class='ocrx_word' id='word_1_287' title='bbox 1246 4060 1315 4123; x_wconf 89' lang='lat' dir='ltr'>sibi</span> <span class='ocrx_word' id='word_1_288' title='bbox 1329 4060 1397 4139; x_wconf 91' lang='lat' dir='ltr'>ipsi</span> <span class='ocrx_word' id='word_1_289' title='bbox 1410 4059 1499 4123; x_wconf 88' lang='lat' dir='ltr'>liber</span> 
     </span>
     <span class='ocr_line' id='line_1_35' title="bbox 261 4164 1501 4243; baseline -0.003 -10"><span class='ocrx_word' id='word_1_290' title='bbox 261 4167 411 4233; x_wconf 90' lang='lat' dir='ltr'>relictus</span> <span class='ocrx_word' id='word_1_291' title='bbox 440 4175 504 4228; x_wconf 91' lang='lat' dir='ltr'>est.</span> <span class='ocrx_word' id='word_1_292' title='bbox 532 4164 684 4243; x_wconf 88' lang='lat' dir='ltr'>Quidam</span> <span class='ocrx_word' id='word_1_293' title='bbox 706 4165 800 4227; x_wconf 91' lang='lat' dir='ltr'>enim</span> <span class='ocrx_word' id='word_1_294' title='bbox 822 4183 867 4227; x_wconf 83' lang='lat' dir='ltr'>ex</span> <span class='ocrx_word' id='word_1_295' title='bbox 891 4166 1024 4229; x_wconf 90' lang='lat' dir='ltr'>nostris</span> <span class='ocrx_word' id='word_1_296' title='bbox 1038 4166 1208 4229; x_wconf 82' lang='lat' dir='ltr'>fratribus</span> <span class='ocrx_word' id='word_1_297' title='bbox 1234 4184 1277 4230; x_wconf 89' lang='lat' dir='ltr'>eo</span> <span class='ocrx_word' id='word_1_298' title='bbox 1298 4168 1501 4233; x_wconf 88' lang='lat' dir='ltr'>missisunt</span> 
     </span>
     <span class='ocr_line' id='line_1_36' title="bbox 261 4259 1500 4354; baseline -0.002 -15"><span class='ocrx_word' id='word_1_299' title='bbox 261 4273 444 4339; x_wconf 90' lang='lat' dir='ltr'>dominica</span> <span class='ocrx_word' id='word_1_300' title='bbox 469 4259 800 4352; x_wconf 78' lang='lat' dir='ltr'>quinquagesimae,</span> <span class='ocrx_word' id='word_1_301' title='bbox 821 4280 856 4333; x_wconf 90' lang='lat' dir='ltr'>et</span> <span class='ocrx_word' id='word_1_302' title='bbox 878 4272 1104 4352; x_wconf 88' lang='lat' dir='ltr'>sequentibus</span> <span class='ocrx_word' id='word_1_303' title='bbox 1126 4273 1261 4352; x_wconf 78' lang='lat' dir='ltr'>diebuS,</span> <span class='ocrx_word' id='word_1_304' title='bbox 1283 4275 1343 4354; x_wconf 91' lang='lat' dir='ltr'>qui</span> <span class='ocrx_word' id='word_1_305' title='bbox 1365 4292 1428 4354; x_wconf 91' lang='lat' dir='ltr'>per</span> <span class='ocrx_word' id='word_1_306' title='bbox 1450 4276 1500 4336; x_wconf 81' lang='lat' dir='ltr'>v&#39;i·</span> 
     </span>
     <span class='ocr_line' id='line_1_37' title="bbox 259 4376 1501 4462; baseline -0.001 -17"><span class='ocrx_word' id='word_1_307' title='bbox 259 4398 328 4445; x_wconf 91' lang='lat' dir='ltr'>cos</span> <span class='ocrx_word' id='word_1_308' title='bbox 342 4378 501 4459; x_wconf 89' lang='lat' dir='ltr'>publicos</span> <span class='ocrx_word' id='word_1_309' title='bbox 517 4386 641 4441; x_wconf 85' lang='lat' dir='ltr'>contra</span> <span class='ocrx_word' id='word_1_310' title='bbox 656 4376 903 4441; x_wconf 83' lang='lat' dir='ltr'>dissolutiones</span> <span class='ocrx_word' id='word_1_311' title='bbox 918 4391 953 4442; x_wconf 89' lang='lat' dir='ltr'>et</span> <span class='ocrx_word' id='word_1_312' title='bbox 967 4380 1145 4443; x_wconf 87' lang='lat' dir='ltr'>vanitates</span> <span class='ocrx_word' id='word_1_313' title='bbox 1158 4380 1234 4461; x_wconf 79' lang='lat' dir='ltr'>eius</span> <span class='ocrx_word' id='word_1_314' title='bbox 1245 4382 1425 4462; x_wconf 87' lang='lat' dir='ltr'>temporis,</span> <span class='ocrx_word' id='word_1_315' title='bbox 1440 4383 1501 4446; x_wconf 90' lang='lat' dir='ltr'>vel</span> 
     </span>
    </p>
   </div>
   <div class='ocr_carea' id='block_1_3' title="bbox 260 4546 479 4561">
    <p class='ocr_par' dir='ltr' id='par_1_7' title="bbox 260 4546 479 4561">
     <span class='ocr_line' id='line_1_38' title="bbox 260 4546 479 4561; baseline 0 -6"><span class='ocrx_word' id='word_1_316' title='bbox 260 4546 479 4561; x_wconf 78' lang='grc'><em>,-......-.-.-</em></span> 
     </span>
    </p>
   </div>
   <div class='ocr_carea' id='block_1_4' title="bbox 305 4654 1498 4772">
    <p class='ocr_par' dir='ltr' id='par_1_8' title="bbox 305 4654 1498 4772">
     <span class='ocr_line' id='line_1_39' title="bbox 307 4654 1498 4715; baseline 0.004 -15"><span class='ocrx_word' id='word_1_317' title='bbox 307 4660 315 4691; x_wconf 82' lang='lat'><strong>¹</strong></span> <span class='ocrx_word' id='word_1_318' title='bbox 347 4656 443 4700; x_wconf 79' lang='lat' dir='ltr'>Dictus</span> <span class='ocrx_word' id='word_1_319' title='bbox 449 4655 490 4709; x_wconf 90' lang='lat' dir='ltr'>Jo.</span> <span class='ocrx_word' id='word_1_320' title='bbox 501 4654 650 4709; x_wconf 77' lang='lat' dir='ltr'>Morlogud.</span> <span class='ocrx_word' id='word_1_321' title='bbox 659 4654 700 4699; x_wconf 85' lang='lat' dir='ltr'>Ita</span> <span class='ocrx_word' id='word_1_322' title='bbox 709 4656 849 4701; x_wconf 86' lang='lat' dir='ltr'>Sacchinus</span> <span class='ocrx_word' id='word_1_323' title='bbox 858 4658 882 4700; x_wconf 92' lang='lat' dir='ltr'>in</span> <span class='ocrx_word' id='word_1_324' title='bbox 891 4659 1016 4711; x_wconf 80' lang='lat' dir='ltr'>margine.</span> <span class='ocrx_word' id='word_1_325' title='bbox 1025 4656 1090 4701; x_wconf 89' lang='lat' dir='ltr'>Vide</span> <span class='ocrx_word' id='word_1_326' title='bbox 1098 4670 1184 4713; x_wconf 81' lang='lat' dir='ltr'>supra,</span> <span class='ocrx_word' id='word_1_327' title='bbox 1194 4668 1212 4703; x_wconf 89' lang='lat' dir='ltr'>t.</span> <span class='ocrx_word' id='word_1_328' title='bbox 1221 4672 1255 4713; x_wconf 84' lang='lat' dir='ltr'>tv,</span> <span class='ocrx_word' id='word_1_329' title='bbox 1265 4672 1325 4715; x_wconf 75' lang='lat' dir='ltr'>pag.</span> <span class='ocrx_word' id='word_1_330' title='bbox 1334 4662 1366 4714; x_wconf 79' lang='lat' dir='ltr'>ts,</span> <span class='ocrx_word' id='word_1_331' title='bbox 1377 4665 1466 4704; x_wconf 80' lang='lat' dir='ltr'>annot.</span> <span class='ocrx_word' id='word_1_332' title='bbox 1476 4661 1498 4706; x_wconf 75' lang='grc'>1.</span> 
     </span>
     <span class='ocr_line' id='line_1_40' title="bbox 305 4728 441 4772; baseline 0 0"><span class='ocrx_word' id='word_1_333' title='bbox 305 4732 319 4762; x_wconf 76' lang='lat'>¹</span> <span class='ocrx_word' id='word_1_334' title='bbox 348 4728 441 4772; x_wconf 78' lang='lat' dir='ltr'>SiroIo.</span> 
     </span>
    </p>
   </div>
   <div class='ocr_carea' id='block_1_5' title="bbox 0 0 1866 5400">
    <p class='ocr_par' dir='ltr' id='par_1_9' title="bbox 0 0 1866 5400">
     <span class='ocr_line' id='line_1_41' title="bbox 0 0 1866 5400; baseline 0 0"><span class='ocrx_word' id='word_1_335' title='bbox 0 0 1866 5400; x_wconf 95' lang='lat' dir='ltr'> </span> 
     </span>
    </p>
   </div>
  </div>
 </body>
</html>
