3717 5400
377 480 430 539 int
838 483 967 542 Canon.
988 480 1066 541 Soc.
1087 483 1158 556 jas.

372 627 541 689 universa
562 627 718 692 dioecesi
737 629 837 692 multi
852 629 990 710 vicarii,
1008 638 1044 692 et
1058 629 1248 709 unicuique
1263 645 1386 693 eorum
1402 641 1520 692 certus
1535 630 1608 709 qui·

373 733 456 797 dam
468 735 694 798 sacerdotum
707 753 875 799 numerus
884 745 939 799 est
949 736 1166 816 assignatus
1177 735 1303 816 quibus
1315 743 1508 816 praeesset,
1518 753 1607 816 quos

374 841 565 904 instrueret
576 850 612 905 et
624 843 732 905 etiam
744 857 867 906 eorum
884 842 973 906 vitia
988 851 1142 922 notaret;
1155 851 1190 905 et
1201 841 1351 922 singulis
1362 842 1541 906 mensibus
1552 827 1611 906 bis

374 947 521 1026 quilibet
534 950 661 1012 horum
675 947 938 1030 praefectorum
953 967 1037 1013 suos
1052 950 1307 1030 congregabat,
1324 958 1359 1013 et
1373 949 1416 1013 de
1431 949 1498 1030 his,
1515 967 1611 1031 quae

374 1055 420 1117 ad
434 1070 560 1120 eorum
575 1055 729 1120 officium
744 1057 965 1137 spectabant,
983 1056 1166 1120 edocebat.

434 1161 505 1225 345.
549 1161 654 1226 Ratio
667 1173 798 1240 autem,
811 1181 918 1243 quam
929 1163 1043 1227 tenuit
1054 1164 1119 1227 has
1131 1165 1228 1243 leges
1240 1164 1501 1245 promulgandi,
1518 1165 1610 1229 haec

374 1270 451 1334 fuit.
467 1267 539 1333 Sex
552 1271 612 1332 vel
626 1279 762 1351 septem
776 1272 856 1334 loca
869 1270 1112 1351 frequentiora
1123 1271 1159 1334 in
1171 1281 1247 1334 tota
1262 1269 1417 1335 dioecesi
1428 1272 1545 1351 elegit:
1561 1273 1609 1336 ad

373 1378 464 1440 haec
486 1377 695 1440 universum
718 1377 945 1441 sacerdotum
966 1387 1106 1441 coetum
1128 1379 1320 1441 convenire
1338 1376 1454 1457 jussit,
1479 1379 1610 1458 cuique

375 1501 478 1547 suum
502 1486 621 1548 locum
647 1483 852 1565 designans;
869 1493 905 1547 et
924 1499 1006 1546 cum
1027 1484 1176 1565 quisque
1196 1483 1343 1548 Missam
1363 1494 1501 1547 mature
1521 1487 1608 1548 cele·

376 1592 526 1666 brusset,
543 1589 679 1654 foribus
694 1590 814 1672 templi
828 1590 976 1665 clausis,
992 1591 1088 1671 apud
1102 1592 1199 1654 solos
1214 1591 1419 1654 sacerdotes
1438 1592 1482 1653 de
1503 1591 1613 1654 rebus

375 1698 421 1760 ad
436 1714 559 1761 eorum
575 1697 727 1761 officium
742 1698 997 1777 pertinentibus
1013 1698 1221 1761 concionem
1236 1697 1403 1772 habebat;
1422 1709 1456 1761 et
1471 1706 1611 1761 tantum

377 1805 506 1869 virium
521 1805 632 1868 verbo
648 1821 712 1867 suo
728 1804 836 1868 dabat
850 1803 1036 1884 Dominus,
1052 1815 1091 1868 ut
1106 1803 1197 1867 inter
1221 1804 1503 1868 concionandum
1523 1804 1610 1868 llere

378 1913 595 1989 viderentur,
613 1921 649 1974 et
667 1920 747 1992 post
769 1914 978 1976 concionem
998 1913 1113 1992 ipsum
1134 1913 1375 1992 lacrymantes
1394 1912 1549 1990 adibant,
1570 1923 1610 1975 ut

377 2020 549 2084 auxilium
565 2019 610 2082 ab
626 2037 668 2081 eo
685 2019 899 2101 acciperent.
915 2019 1039 2108 Voluit
1048 2021 1247 2102 intelligere
1259 2038 1365 2100 quam
1381 2021 1528 2102 quisque
1540 2019 1607 2082 for·

378 2143 474 2189 mam
497 2125 704 2189 absolvendi
724 2135 871 2204 teneret,
895 2135 933 2190 ut
958 2125 1156 2208 Episcopus
1178 2129 1391 2206 intelligeret
1412 2124 1612 2205 cujusmodi

381 2242 545 2314 pastores
571 2232 683 2312 ipsius
708 2234 811 2312 gregi
836 2245 1055 2314 praeessent;
1083 2244 1117 2298 et
1142 2251 1264 2298 eorum
1292 2235 1450 2315 plerique
1475 2233 1608 2296 nullam

380 2357 529 2420 prorsus
559 2340 768 2404 absolvendi
795 2340 947 2404 formam
975 2341 1153 2405 tenebant.
1188 2343 1232 2405 Et
1260 2341 1417 2404 nonnulli
1445 2347 1608 2420 portenta

378 2446 554 2527 quaedam
568 2447 760 2510 verborum
775 2464 841 2528 pro
857 2464 961 2510 saera
978 2448 1199 2511 absolutione
1212 2449 1440 2528 usurpabant.
1455 2445 1536 2510 Fuit
1547 2447 1611 2526 qui

377 2552 419 2615 40
427 2569 540 2616 annos
552 2569 674 2616 curam
687 2554 887 2617 animarum
898 2563 1073 2634 gesserat,
1087 2566 1120 2618 et
1132 2571 1313 2636 nunquam
1325 2553 1533 2618 absolvendi
1540 2553 1610 2616 for-

379 2677 474 2724 mam
490 2659 675 2739 didicerat;
692 2669 728 2725 et
746 2670 867 2724 tamen
887 2677 1011 2725 omnes
1036 2661 1277 2727 conscientiae
1302 2677 1419 2739 casus,
1446 2661 1613 2740 quamvis

378 2766 557 2848 Episcopo
573 2776 634 2830 aut
655 2766 799 2831 Summo
814 2768 976 2831 Pontifici
997 2778 1278 2848 reservarentur,
1295 2770 1390 2832 nullo
1406 2767 1612 2831 discrimine

381 2874 513 2954 habito,
530 2874 741 2954 expediebat
761 2882 866 2954 atque
892 2876 1110 2939 absolvebat.
1137 2874 1181 2939 Et
1201 2884 1303 2938 erant
1325 2874 1530 2938 sacerdotes
1550 2874 1612 2937 ali·

378 2980 451 3060 qui,
467 2988 594 3045 natura
609 2981 702 3044 bona
718 2980 881 3061 praediti,
898 2990 934 3045 et
948 2982 1007 3062 qui
1019 2983 1267 3046 auctoritatem
1279 2982 1374 3063 apud
1389 2982 1539 3062 populos
1550 2980 1610 3044 ba·

379 3087 522 3166 bebant,
537 3096 576 3150 ut
590 3088 747 3167 theologi
762 3088 858 3151 credi
873 3090 1083 3169 potuissent,
1097 3090 1156 3171 qui
1168 3098 1285 3153 tamen
1300 3088 1530 3152 absolutionis
1541 3087 1611 3152 for·

379 3211 474 3258 mam
488 3195 714 3273 ignorabant.

439 3298 510 3363 346.
555 3300 643 3364 Cum
658 3310 779 3364 autem
794 3319 881 3365 oves
899 3313 1085 3382 pastorum
1105 3313 1338 3383 sequerentur
1360 3301 1560 3367 doctrinam
1578 3312 1612 3365 et

379 3409 592 3487 exemplum,
613 3409 755 3488 plurimi
776 3410 1048 3473 inveniebantur
1072 3409 1281 3489 blasphemi,
1304 3411 1491 3488 aleatores,
1516 3408 1612 3472 adul·

380 3514 459 3592 teri,
475 3514 730 3592 foeneratores,
747 3515 854 3578 immo
873 3526 909 3578 et
923 3516 1106 3579 haeretici.
1123 3516 1245 3597 Aliqui
1259 3516 1344 3579 totis
1366 3516 1488 3579 decem
1507 3524 1542 3579 et
1563 3516 1611 3578 vi·

381 3619 471 3699 giuti
495 3621 599 3683 annis
624 3622 777 3685 confessi
802 3631 950 3701 peccata
976 3640 1046 3685 non
1071 3622 1227 3701 fuerant,
1254 3640 1321 3685 nec
1349 3621 1614 3685 Eucharistiam

381 3737 627 3807 perceperant,
645 3728 773 3808 quibus
789 3727 910 3791 divina
925 3730 1043 3808 gratia
1060 3730 1111 3793 sic
1126 3729 1251 3806 illuxit,
1264 3737 1314 3808 ut,
1328 3738 1409 3809 post
1419 3730 1613 3792 salutarem

381 3833 643 3897 confessionem
658 3844 693 3896 et
707 3835 1004 3913 communionem,
1020 3836 1133 3900 vitam
1148 3836 1185 3899 in
1199 3837 1325 3899 melius
1340 3844 1613 3912 commutarent;

381 3941 440 4019 qui
466 3939 696 4004 concionibus
721 3951 755 4003 et
781 3942 933 4022 privatis
958 3942 1266 4006 exhortationibus
1288 3941 1404 4006 Patris
1427 3941 1613 4005 Francisci

381 4045 507 4109 Palmii
522 4047 738 4126 compuncti,
755 4047 799 4110 ad
815 4064 853 4111 se
878 4047 1071 4111 redierunt.
1097 4047 1349 4113 Concubinarii
1368 4032 1509 4129 plurimi
1528 4064 1615 4110 suas

380 4154 598 4217 concubinas
614 4152 829 4233 abjecerunt.
846 4154 890 4217 Et
913 4171 995 4219 cum
1016 4155 1052 4218 in
1076 4154 1131 4219 die
1151 4155 1384 4220 dedicationis
1403 4156 1615 4235 templorum

381 4260 514 4340 bibere,
530 4260 664 4338 ludere,
681 4262 813 4323 saltare
829 4270 864 4324 et
880 4262 950 4325 alia
968 4262 1152 4327 inhoneste
1164 4279 1273 4343 agere
1286 4262 1566 4338 consuevissent,
1581 4260 1617 4323 id

319 4352 324 4361 ⁹
380 4365 418 4430 P.
435 4366 651 4431 Franciscus
667 4368 801 4448 videre,
815 4380 850 4432 et
863 4369 1146 4433 solemnitatibus
1158 4369 1361 4450 hujusmodi
1371 4370 1543 4432 interesse
1553 4384 1615 4430 vo·

381 4474 465 4554 luit;
480 4482 515 4537 et
530 4474 580 4537 ita
596 4492 841 4556 quaecumque
856 4476 1025 4540 indecora
1040 4486 1154 4557 erant,
1171 4485 1209 4540 ut
1225 4476 1448 4555 saltationeS,
1465 4478 1563 4539 aleas
1581 4485 1618 4538 et

380 4579 597 4660 huJusmodi
614 4581 744 4661 partim
763 4582 837 4646 suis
857 4582 1101 4663 concionibuS,
1123 4584 1255 4663 partim
1276 4582 1443 4663 Episcopi
1465 4582 1618 4645 auctori·

379 4695 453 4749 tate
468 4688 622 4750 sustulit.
