3717 5400
353 469 411 529 4211
814 470 942 529 Cnaoa.
964 468 1039 531 Soc.
1060 470 1130 543 Jss.

419 614 508 680 1140.
551 615 700 695 Aliquae
716 617 898 694 monialeS,
913 635 1003 697 quae
1020 618 1148 697 partim
1164 634 1245 680 cum
1260 617 1401 680 licentia
1416 617 1471 679 sui
1487 633 1588 695 prae·

355 724 442 799 lati,
465 724 595 804 partim
617 725 693 787 sine
715 724 796 803 illa,
820 732 922 787 extra
944 724 1197 787 monasterium
1219 724 1411 801 vivebant,
1434 734 1584 799 secreto,

353 832 590 895 confessionis
611 832 740 911 gratia,
763 830 808 894 ad
829 841 972 895 nostros
993 842 1232 910 accesserunt,
1249 849 1318 912 qua
1342 840 1497 911 peracta,
1516 840 1585 893 sta·

354 938 423 1001 tim
451 936 496 1001 ad
524 954 627 1001 suum
651 938 907 1001 monasterium
932 937 1074 1018 regredi
1099 940 1370 1002 constituerunt.
1400 938 1480 1002 Una
1508 945 1586 1000 erat

354 1045 450 1107 inter
472 1044 573 1123 alias,
596 1062 699 1125 quae,
722 1061 804 1107 cum
825 1061 934 1125 supra
957 1044 1084 1123 viginti
1099 1062 1213 1108 annos
1233 1045 1269 1108 in
1285 1045 1457 1125 religione
1478 1045 1585 1107 vixis·

354 1161 423 1231 set,
447 1170 529 1216 cum
549 1153 717 1216 facultate
739 1150 941 1233 Superioris
961 1152 1013 1215 sic
1038 1153 1075 1215 in
1096 1154 1239 1216 saeculo
1254 1152 1408 1231 vivebat,
1431 1162 1469 1215 ut
1490 1154 1585 1215 nullo

355 1259 464 1322 modo
485 1260 531 1322 ad
552 1258 806 1323 monasterium
828 1259 944 1323 redire
965 1261 1083 1323 vellet.
1106 1258 1195 1323 Cum
1217 1269 1335 1323 autem
1359 1260 1449 1323 baec
1471 1259 1585 1323 audis·

355 1375 413 1429 set
433 1367 654 1446 poenitentes
676 1376 838 1429 amanter
859 1376 894 1429 et
915 1366 1103 1447 benignea
1125 1367 1257 1430 nostris
1276 1367 1505 1429 confessariis
1529 1384 1587 1429 ex·

356 1474 450 1552 cipi,
474 1474 571 1536 venit
592 1482 627 1536 et
649 1467 710 1536 illa
730 1483 765 1536 et
790 1490 873 1536 cum
898 1474 1017 1537 omnia
1043 1490 1107 1537 sua
1132 1474 1282 1536 vulnera
1302 1490 1365 1553 per
1394 1471 1588 1537 confessio·

355 1597 439 1643 nem
452 1581 655 1659 generalem
677 1580 851 1661 spirituali
867 1580 1005 1644 medico
1027 1579 1299 1657 manifestasset,
1316 1580 1368 1643 sic
1391 1598 1412 1643 a
1434 1579 1588 1644 Domino

353 1698 485 1751 sanata
500 1698 565 1766 est,
587 1698 625 1750 ut
646 1689 797 1768 ipsamet
819 1687 1026 1767 diligentem
1048 1704 1169 1751 curam
1185 1687 1385 1751 adhibuerit
1399 1698 1437 1751 ut
1453 1688 1499 1751 ad
1513 1705 1586 1751 mo-

357 1794 553 1857 nasterium
581 1796 850 1874 admitteretur;
880 1795 940 1858 ubi
965 1796 1213 1875 perseveravit
1240 1812 1321 1858 cum
1348 1811 1479 1874 magna
1507 1812 1585 1874 sua,

353 1900 580 1979 Abbatissae,
605 1911 640 1965 et
661 1901 921 1981 religiosarum,
938 1902 1190 1966 consolatione.
1207 1902 1311 1966 Aliae
1325 1902 1500 1965 foeminae
1515 1918 1587 1965 non

356 2008 549 2086 religiosae
575 2026 595 2071 a
621 2008 846 2087 gravissimis
867 2008 1048 2088 peccatiS,
1072 2024 1154 2071 cum
1174 2009 1300 2088 quibus
1321 2026 1428 2089 saepe
1449 2010 1495 2072 ad
1517 2008 1588 2072 Do·

359 2116 446 2178 mini
470 2133 629 2178 mensam
655 2125 903 2195 accesserant,
931 2132 995 2195 per
1017 2114 1091 2195 ejus
1115 2117 1293 2195 gratiam,
1320 2117 1445 2180 eodem
1469 2132 1588 2179 sacra·

356 2236 476 2286 mento
491 2223 633 2287 fuerunt
647 2224 822 2304 expiatae.
839 2222 879 2287 In
894 2223 1100 2287 carceribus
1114 2224 1221 2285 etiam
1236 2222 1478 2286 confessiones
1493 2238 1588 2285 com·

359 2331 534 2411 plurimae
555 2331 698 2395 auditae
719 2340 813 2407 sunt,
835 2341 870 2395 et
885 2332 1012 2394 eodem
1034 2329 1137 2393 modo
1152 2331 1252 2394 multi
1272 2340 1502 2410 aegrotantes
1518 2329 1589 2393 Do·

358 2438 457 2501 mino
478 2438 709 2502 reconciliati.

421 2545 509 2607 1141.
554 2545 656 2624 Quod
679 2544 724 2608 ad
747 2549 937 2610 conciones
958 2546 1094 2624 attinet,
1119 2546 1194 2626 ipse
1216 2545 1252 2608 P.
1278 2544 1513 2608 Prouincialis
1534 2561 1591 2607 ec·

357 2652 544 2716 clesiastes
565 2651 678 2716 officio
700 2650 925 2732 fungebatur;
950 2651 1013 2716 sed
1028 2652 1071 2717 de
1093 2669 1135 2716 eo
1150 2669 1311 2716 seorsum
1333 2661 1459 2731 agetur
1484 2650 1504 2711 ¹.
1530 2648 1589 2714 Se·

361 2761 560 2839 ptimancas
579 2762 685 2823 etiam
707 2760 896 2840 aliquando
911 2760 1120 2824 Vallisoleto
1141 2762 1345 2825 mittebatur
1366 2770 1405 2824 ut
1424 2760 1492 2824 Dei
1510 2776 1590 2822 ver·

359 2865 445 2929 bum
464 2867 514 2930 1111
532 2870 663 2946 populo
677 2877 903 2947 proponeret,
926 2885 1008 2932 cum
1034 2866 1071 2931 P.
1094 2868 1386 2931 Bartholomaeus
1406 2867 1449 2930 de
1465 2866 1589 2930 Busta·

359 2983 482 3037 mante
502 2974 632 3038 ibidem
652 2976 860 3038 concionari
881 2985 915 3038 et
936 2975 1093 3038 residere
1115 2975 1217 3038 desiit
1238 2973 1260 3037 ¹.

424 3081 511 3146 1142.
555 3081 648 3146 Inter
670 3083 881 3146 concordias
896 3082 1096 3146 Vallisoleti
1116 3093 1277 3160 curatas,
1295 3099 1366 3144 una
1387 3082 1453 3145 fuit
1468 3079 1590 3160 magni

359 3190 540 3265 momenti,
556 3207 637 3253 curn
652 3189 769 3252 timeri
784 3200 903 3270 posset
919 3208 963 3253 ne
980 3208 1036 3254 res
1052 3190 1097 3253 ad
1116 3190 1325 3254 seditionem
1346 3189 1490 3253 tandem
1512 3205 1591 3252 ver·

359 3305 473 3375 geret.
490 3296 580 3361 Cum
594 3299 688 3360 enim
707 3297 836 3361 nobilis
855 3298 1031 3377 quaedam
1046 3307 1080 3360 et
1095 3297 1260 3377 perdives
1280 3295 1433 3360 foemina
1450 3295 1590 3359 infimae

358 3403 573 3468 conditionis
595 3405 676 3468 viro
691 3421 757 3468 nec
778 3406 858 3469 ullis
871 3405 1012 3468 dotibus
1027 3404 1094 3484 ipsi
1112 3403 1370 3484 comparando,
1396 3404 1589 3483 nupsisset,

265 3547 271 3564 ι
358 3509 437 3590 eJ'us
451 3512 708 3590 consanguinei
722 3530 766 3575 en
780 3511 963 3574 inimicitia
983 3521 1109 3574 contra
1124 3513 1290 3573 maritum
1311 3519 1533 3588 exarserant,
1550 3520 1590 3574 ut

360 3618 462 3680 multi
474 3615 548 3697 jam
562 3619 599 3681 in
613 3619 741 3698 capitis
761 3619 952 3682 discrimen
970 3597 1165 3682 'venisseut
1183 3616 1252 3680 Sed
1273 3633 1354 3680 cum
1367 3617 1428 3680 illa
1449 3615 1591 3680 cuidam

362 3743 411 3788 ex
424 3727 557 3790 nostris
571 3726 695 3789 intima
715 3727 771 3790 sui
785 3725 894 3790 animi
916 3726 1126 3805 aperuisset,
1144 3725 1317 3805 quosdam
1334 3724 1392 3786 ille
1414 3725 1590 3788 allocutus

358 3840 428 3910 est,
443 3841 478 3895 et
494 3841 741 3912 tempestatem
754 3849 894 3896 omnem
909 3833 962 3896 sic
977 3832 1128 3909 sedavit,
1145 3841 1182 3894 ut
1196 3829 1323 3894 nobilis
1334 3831 1492 3894 mulieris
1507 3848 1592 3894 con·

362 3939 562 4018 sanguinei,
582 3937 659 4019 eJus
673 3940 900 4004 matrimonio
921 3940 1071 4004 libenter
1085 3938 1353 4018 assentirentur;
1376 3947 1412 4000 et
1430 3937 1592 4001 omnibus

360 4044 590 4110 admirationi
604 4046 668 4110 fuit
683 4055 819 4110 tantum
834 4045 1038 4110 incendium
1053 4054 1125 4109 tam
1140 4045 1245 4109 facile
1259 4045 1455 4110 extinctum
1470 4045 1590 4108 fuisse.

360 4149 547 4232 Superflua
562 4163 772 4217 ornamenta
786 4153 950 4233 corporis
962 4153 997 4215 in
1010 4153 1130 4216 multis
1142 4163 1303 4217 resecata
1318 4153 1472 4230 fuerunt,
1485 4161 1519 4214 et
1527 4168 1591 4232 per

365 4261 529 4340 corporis
543 4261 826 4340 castigationem,
848 4261 885 4323 in
906 4259 1037 4337 multis,
1054 4259 1142 4323 vitia
1164 4260 1294 4339 carnis,
1316 4260 1444 4341 quibus
1463 4257 1594 4322 difflue·

361 4366 449 4431 bant
471 4367 610 4431 sublata
623 4367 775 4447 fuerunt,
797 4366 955 4430 adhibita
974 4379 1280 4430 sacramentorum
1298 4365 1592 4446 frequentatione

402 4574 411 4607 ¹
439 4573 556 4628 infrn,n.
566 4573 656 4618 twet
666 4585 720 4628 seq.

401 4645 413 4678 Ι
439 4645 523 4691 Decllt
534 4655 620 4690 antem
631 4645 803 4700 Septimancls
813 4645 927 4690 residere
937 4643 965 4688 Ρ.
976 4643 1154 4697 Bustamante,
1165 4655 1223 4688 cnm
1231 4644 1255 4688 111
1266 4643 1400 4688 Baeticam
1411 4642 1593 4696 Provinclslls,

359 4718 418 4763 ioco
429 4717 516 4762 Patris
526 4716 628 4770 Torret,
640 4717 732 4762 missus
743 4725 790 4761 cst.
802 4716 868 4760 Vide
879 4716 956 4768 infra,
967 4726 991 4760 n.
1004 4715 1064 4759 1445.
