3717 5400
366 494 422 557 idi>
818 493 948 557 Canon.
966 496 1051 555 Soc.
1079 497 1150 570 Jss.

368 646 528 707 iurasset.
546 641 746 706 Postulavit
754 644 806 707 ab
820 660 863 706 eo
878 640 1016 722 Regina
1032 660 1094 707 cur
1115 644 1217 723 prius
1226 641 1299 723 ipsi
1312 656 1387 705 >non
1407 638 1603 721 significas·

369 760 424 815 set
435 750 533 831 quod
542 750 662 830 ipsam
673 751 784 813 vellet
795 751 955 813 salutare
972 749 1067 827 (nam
1081 748 1139 811 hic
1153 758 1207 811 est
1222 760 1305 811 mos
1324 747 1400 829 ejus
1415 747 1597 825 regionis).

369 858 489 921 illese
501 866 718 937 expectasse
731 856 880 919 dicebat
899 868 938 919 ut
956 858 1124 919 voluntas
1143 853 1218 935 ejus
1239 855 1306 935 ipsi
1328 854 1600 934 significaretur3

370 968 406 1027 e't
420 963 560 1027 domum
572 965 796 1026 voluntatem
809 963 878 1043 ipsi
897 973 932 1026 et
952 962 1053 1041 Regi,
1074 960 1149 1041 ejus
1169 961 1251 1041 filio,
1275 960 1456 1026 serviendi
1473 962 1509 1025 in
1529 958 1599 1023 Do·

368 1070 645 1135 mino‘ostendit.
1498 1112 1502 1120 ,

431 1176 522 1240 1947.
565 1177 609 1240 Et
624 1194 706 1240 cum
720 1177 764 1239 de
780 1178 914 1256 scripto
931 1176 1020 1255 Regi
1039 1176 1123 1238 dato
1145 1175 1276 1239 mentio
1297 1175 1407 1252 fieret,
1428 1174 1517 1238 dixit
1534 1173 1601 1238 Re-

370 1285 455 1365 gina
470 1285 632 1347 eamdem
645 1300 730 1347 'esse
746 1284 873 1347 ’Fidem
897 1284 1054 1362 ipsorum
1077 1293 1110 1346 et
1132 1293 1302 1360 nostram,
1325 1300 1391 1345 nec
1412 1299 1501 1363 opus
1518 1298 1601 1347 esse

368 1392 559 1471 quicquam
571 1409 622 1454 ‘ea
639 1391 675 1453 ih
695 1408 734 1453 re
753 1390 938 1453 innovare.
965 1389 1160 1470 Respondit
1181 1388 1220 1454 P.
1236 1389 1419 1453 'Gonzalus
1438 1391 1474 1453 id
1497 1390 1601 1452 facile

368 1513 476 1578 posse
501 1499 661 1576 intelligi,
688 1514 733 1559 aa
759 1498 808 1560 ita
833 1514 872 1560 se
892 1498 1052 1573 haberet,
1073 1516 1118 1561 ex
1142 1499 1275 1579 scripto
1295 1497 1384 1577 Regi
1404 1497 1532 1560 oblato.
1556 1496 1601 1560 Et

368 1606 537 1685 quamvis
551 1606 621 1667 alia
642 1606 678 1668 in
696 1622 738 1667 re
756 1622 828 1667 non
850 1615 1012 1668 errarent
1034 1605 1216 1685 aethiopes
1237 1622 1316 1668 cum
1337 1605 1410 1667 suis
1430 1603 1600 1685 Principi-

371 1714 437 1778 bus
452 1730 556 1791 quam
573 1711 609 1774 in
625 1711 824 1774 obedientia
837 1710 1001 1774 Romano
1016 1710 1176 1775 Pontifici
1190 1722 1225 1775 et
1240 1710 1372 1775 Christi
1384 1710 1415 1773 V
1419 1711 1530 1775 icario
1542 1727 1600 1773 ne·

367 1818 502 1898 ganda,
526 1817 623 1899 quod
644 1818 683 1881 id
708 1820 824 1895 solum
852 1818 1027 1881 sufficeret
1060 1819 1106 1881 ad
1139 1820 1295 1883 omnium
1324 1818 1599 1895 damnationem,

369 1924 668 2005 quemadmodum
683 1925 800 1988 Adam
815 1934 849 1988 et
866 1924 945 1989 Eva
968 1942 1046 1988 cum
1068 1926 1219 2005 posteris
1239 1936 1382 2006 propter
1402 1925 1598 1989 inobedien-

369 2032 457 2094 tiam
481 2030 641 2094 damnati
665 2030 815 2095 fuerant.
843 2032 1002 2112 Cumque
1028 2032 1105 2111 ipsa
1128 2032 1264 2096 diceret
1289 2050 1354 2095 nec
1384 2030 1504 2111 Petra,
1533 2046 1599 2094 nec

369 2137 575 2216 Paul0,·nec
596 2136 749 2218 Christo,
769 2139 884 2219 quiin
905 2140 1015 2203 coelis
1037 2148 1125 2216 erat,
1149 2156 1187 2201 se
1203 2138 1437 2203 obedientiam
1453 2154 1600 2217 negare,

370 2243 522 2324 subjecit
537 2243 575 2307 Ρ.
593 2242 774 2307 Gonzalus
786 2245 874 2309 illud
887 2242 1037 2309 Christi:
1057 2245 1133 2325 “qui
1149 2258 1215 2308 vos
1230 2245 1338 2323 audit,
1362 2264 1418 2309 me
1433 2244 1542 2325 audit,
1566 2254 1601 2307 et

369 2351 431 2431 qui
453 2368 520 2415 vos
539 2352 686 2431 spernit,
708 2368 765 2415 me
783 2354 950 2432 spemin,
972 2364 1007 2416 et
1031 2353 1081 2415 ita
1107 2352 1167 2432 qui
1193 2354 1380 2433 spernebat
1401 2350 1602 2415 Romanum

372 2458 594 2537 Pontificem,
611 2458 744 2523 Christi
758 2458 956 2537 Vicarium,
972 2458 1152 2523 Christum
1167 2459 1368 2539 spernebat.

433 2564 522 2630 1948.
565 2564 764 2630 Postulavit
790 2567 896 2630 etiam
917 2584 937 2629 a
957 2564 1110 2646 Regina,
1130 2565 1417 2648 quandoquidem
1442 2566 1602 2629 futurum

371 2681 424 2737 est
451 2690 560 2738 unum
584 2673 678 2737 ovile
703 2682 738 2737 et
763 2689 854 2736 unus
882 2672 1025 2753 Pastor,
1049 2672 1151 2755 juxta
1179 2674 1327 2758 Joannis
1351 2672 1598 2754 Evangelium,

370 2781 535 2861 quisnam
565 2789 660 2844 esset
687 2781 827 2844 iuturus
859 2779 987 2844 Pastor
1020 2779 1125 2861 hujus
1153 2782 1282 2845 ovilis?
1314 2779 1507 2861 Respondit
1539 2782 1602 2844 illa

371 2885 454 2950 Ἕω
474 2886 652 2964 Petrum,
673 2885 831 2966 SubJecit
848 2886 886 2951 P.
908 2886 1090 2951 Gonzalus
1108 2889 1202 2969 quod
1224 2889 1331 2951 etiam
1351 2889 1411 2969 qui
1429 2887 1602 2950 succede*

369 2993 455 3057 bant
480 2993 525 3057 ei.
546 2993 646 3057 Tunc
665 2995 723 3057 illa
744 2996 932 3075 plusquam
951 2996 1044 3058 mille
1064 3012 1178 3058 aranos
1198 3011 1282 3058 suos
1305 2993 1458 3074 maiores
1475 2995 1515 3058 in
1537 2995 1600 3059 illa

370 3099 439 3163 tide
461 3100 572 3163 fuisse
595 3099 806 3181 affirmabat,
829 3119 895 3164 nee
910 3100 1117 3165 admonitos
1136 3102 1246 3166 fuisse
1265 3111 1317 3166 tot
1339 3101 1491 3165 saeculis
1504 3099 1600 3182 quod

287 3190 292 3197 ⁸
368 3207 550 3272 errabant.
1591 3220 1594 3227 “

434 3313 522 3379 1949.
566 3315 612 3378 Et
626 3316 708 3396 quia
724 3314 763 3378 P.
785 3315 965 3379 Gonzaius
983 3328 1092 3410 unum
1114 3333 1243 3396 corpus
1264 3317 1454 3396 mysticum
1465 3313 1601 3379 Christi

371 3440 480 3486 unum
504 3423 635 3487 habere
660 3433 766 3503 caput
791 3435 826 3485 et
849 3440 920 3486 non
942 3424 1042 3504 plura
1066 3423 1220 3514 diceret,
1245 3441 1308 3503 per
1331 3423 1518 3486 concilium
1537 3423 1600 3486 ali·

369 3527 463 3610 quod
478 3540 512 3593 et
520 3547 598 3593 non
612 3546 675 3610 per
689 3531 867 3610 privatum
883 3529 1061 3594 hominem
1074 3533 1161 3594 haee
1172 3547 1250 3594 esse
1263 3529 1492 3612 proponenda
1504 3528 1599 3600 diee-

369 3637 447 3712 bat;
462 3647 499 3700 et
513 3647 553 3700 ut
564 3637 679 3700 nostri
692 3637 739 3700 ad
754 3637 1000 3701 Patriarcham
1021 3637 1262 3702 Alexandriae
1285 3653 1323 3699 se
1341 3637 1542 3700 conferrent
1564 3645 1600 3698 et

371 3757 453 3807 tum
476 3744 536 3808 illo
563 3745 647 3806 talia
672 3745 923 3824 transigerent,
950 3760 1033 3808 nam
1056 3743 1158 3824 iuxta
1182 3744 1381 3808 Concilium
1405 3743 1600 3808 Nicae'num

369 3847 556 3932 aethiopes
574 3852 624 3915 illi
644 3848 787 3914 obedire
807 3853 1028 3916 tenebantur.
1050 3853 1194 3916 Etcum
1218 3846 1255 3915 P·.
1279 3851 1458 3914 Gonzalus
1478 3855 1599 3930 aegio-

370 3957 522 4020 tautium
549 3974 629 4022 esse
655 3959 791 4022 diceret
818 3959 1029 4023 medicinam
1059 3975 1252 4040 quaerere,
1276 3967 1315 4021 ‘et
1339 3958 1433 4038 quod
1452 3956 1601 4020 debebat

370 4065 528 4128 scribere
551 4064 628 4128 Rex
652 4063 864 4146 Aethiopiae
893 4063 1124 4130 Patriarchae
1149 4055 1392 4129 Alexandrino
1421 4073 1468 4127 a'n
1497 4064 1604 4127 vellet

370 4171 514 4234 obedire
539 4169 699 4236 Pontifici
724 4172 901 4252 Romano,
926 4181 964 4236 ut
985 4173 1253 4254 quadringentis
1271 4172 1477 4253 etamplius
1499 4171 1603 4236 annis

372 4288 454 4342 tante
468 4277 631 4342 Dioscori
646 4280 899 4344 discessionem
913 4292 949 4344 et
967 4279 1164 4345 Concilium
1179 4279 1467 4344 chalcedonense
1484 4277 1602 4341 obedi-

371 4385 518 4465 vissent;
534 4387 674 4466 quodsi
690 4389 809 4465 nollet,
826 4388 923 4450 illum
939 4397 976 4450 ut
992 4388 1210 4452 haereticum
1225 4387 1493 4468 relinquendum
1509 4402 1602 4466 esse,

371 4500 407 4556 et
422 4493 531 4558 alium
544 4493 803 4574 Patriarcham,
820 4512 840 4557 a
862 4495 1023 4558 Romano
1043 4493 1211 4560 Pontifice
1230 4495 1395 4573 missum,
1418 4493 1602 4558 admittent

370 4596 456 4664 dum
470 4617 549 4664 esse
564 4615 646 4664 cum
660 4601 823 4665 doctrina
838 4603 1027 4666 catholica.
1596 4685 1599 4692 .

399 4691 402 4697 ’
434 4705 521 4770 1950.
565 4707 711 4773 Etcum
734 4709 793 4772 illa
820 4711 1073 4776 abstinendum
1087 4708 1219 4773 diceret
1240 4709 1285 4772 ab
1306 4707 1362 4772 his
1379 4709 1603 4776 sermonibus
