3717 5400
369 487 426 545 414
829 489 958 549 Canos.
980 491 1055 549 Soc.
1076 492 1145 565 Jns.

369 631 429 695 die
454 641 593 699 tantum
620 636 802 700 hominum
826 655 1040 702 concursum
1065 650 1334 703 conventurum.
1362 639 1405 703 Et
1430 656 1511 703 cum
1536 646 1591 703 tro

369 742 594 820 quentissimi
607 756 725 806 essent
746 744 936 824 auditores,
959 758 1056 809 tanto
1077 764 1157 809 cum
1177 746 1317 811 silentio
1338 746 1539 825 audiebant,
1565 757 1604 814 ut

370 848 633 927 quodammodo
648 853 765 915 nullus
778 852 827 917 ibi
842 870 919 917 esse
935 854 1127 918 videretur.
1144 853 1251 919 Dedit
1265 854 1315 917 illi
1333 851 1509 917 Dominus
1522 869 1605 932 gra·

371 956 459 1018 tiam
475 964 513 1019 ut
526 973 659 1036 magno
674 976 754 1023 cum
768 961 896 1040 spiritu
910 974 946 1024 et
961 962 1134 1039 doctrina,
1151 971 1186 1025 et
1201 962 1251 1025 ita
1267 978 1347 1025 cum
1361 960 1606 1023 consolatione

372 1074 407 1124 et
421 1065 595 1144 applausu
616 1066 846 1147 audientium,
868 1086 934 1131 suo
949 1086 1094 1132 munere
1108 1068 1327 1149 fungeretur.
1352 1067 1440 1131 Cum
1460 1066 1566 1129 etiam
1581 1084 1602 1129 a

371 1170 522 1249 prandio
537 1172 575 1235 in
589 1173 743 1253 quodam
758 1175 966 1239 monialium
981 1177 1196 1240 monasterio
1211 1176 1248 1238 in
1266 1175 1421 1255 gratiam
1436 1174 1606 1253 Episcopi,
1666 1172 1669 1181 '

372 1277 479 1340 etiam
507 1279 767 1360 praedicasset,
793 1290 828 1344 et
850 1282 947 1346 domi
967 1292 1112 1347 nostrae
1133 1283 1256 1347 varias
1277 1281 1544 1345 exhortationes
1569 1293 1606 1351 et,

370 1385 571 1463 spiritualia
596 1387 787 1468 colloquia,
814 1390 945 1469 quibus
970 1408 1139 1471 proceres
1159 1389 1330 1454 ecclesiae
1354 1387 1546 1451 Abulensis
1570 1396 1605 1450 et

371 1491 433 1554 alii
447 1492 517 1555 viri
531 1493 651 1557 devoti
665 1512 709 1558 ac
720 1495 913 1561 familiares
926 1497 1087 1575 aderant,
1101 1497 1294 1576 habuisset,
1307 1496 1480 1576 quosdam
1494 1494 1604 1559 etiam

373 1616 419 1661 ex
443 1599 622 1679 primariis
647 1602 804 1666 civitatis
830 1604 918 1667 viris
939 1604 1130 1681 invisisset,
1157 1613 1371 1667 commotam
1392 1603 1546 1665 maxime
1571 1610 1605 1663 et

374 1705 539 1769 affectam
554 1725 634 1770 eam
649 1709 834 1773 civitatem
850 1722 884 1773 et
900 1710 1194 1775 admirabundam
1208 1712 1314 1773 etiam
1331 1709 1482 1789 reliquit.

437 1812 524 1877 1193.
568 1814 843 1896 Pro-episcopus
862 1827 982 1881 autern
1001 1828 1075 1881 tam
1097 1836 1203 1897 saepe
1218 1827 1361 1896 tamque
1376 1823 1537 1877 amanter
1558 1814 1606 1885 ad

374 1919 573 1999 Collegium
586 1923 685 1985 venit
696 1942 738 1985 eo
751 1934 921 2002 tempore,
938 1941 1007 2003 quo
1023 1923 1060 1987 P.
1077 1923 1312 1987 Provincialis
1324 1919 1549 1998 Abulaefuit,
1566 1930 1604 1983 ut

373 2039 559 2106 sperarent
586 2031 701 2093 nostri
729 2030 822 2109 quod
844 2030 1085 2111 inposterum
1110 2039 1144 2093 et
1169 2030 1254 2110 ipsi,
1282 2039 1316 2091 et
1342 2028 1402 2090 alii
1431 2027 1608 2107 primores

373 2135 471 2196 urbis
485 2144 520 2197 et
533 2138 718 2214 ecclesiae,
735 2136 933 2217 Collegium
947 2138 1014 2200 hoc
1030 2154 1100 2201 non
1115 2124 1239 2217 parum
1261 2148 1378 2198 essent
1394 2132 1605 2214 promoturi,

437 2239 525 2303 1194.
568 2242 745 2323 Quamdiu
768 2255 886 2308 autem
906 2244 1141 2310 Provincialis
1167 2260 1248 2307 cum
1272 2243 1403 2305 nostris
1429 2239 1605 2302 abulensi-

374 2347 441 2410 bus
461 2360 626 2413 versatus
646 2363 711 2430 est,
734 2351 769 2414 id
789 2364 853 2430 est,
877 2365 959 2415 octo
978 2351 1118 2431 diebus,
1138 2349 1294 2432 quotidie
1313 2349 1402 2429 duas
1427 2347 1521 2427 apud
1542 2362 1608 2411 eos

375 2456 631 2520 conciunculas
657 2469 718 2521 aut
740 2460 915 2538 colloquia
939 2459 1136 2539 spiritualia
1157 2457 1293 2534 habuit,
1316 2466 1349 2518 et
1371 2472 1453 2518 cum
1473 2469 1608 2532 magna

375 2579 438 2625 eos
453 2564 563 2626 animi
577 2565 819 2628 consolatione
835 2567 986 2646 reliquit.

883 2813 1095 2824 ...,..---.-.....

439 2995 526 3059 1195.
570 2994 737 3060 Conchae
751 2996 790 3060 P.
813 2998 1020 3079 Alphonsus
1034 2997 1152 3078 Lopez
1168 2997 1326 3077 Collegio
1346 3003 1522 3076 praeerat.
1544 2991 1606 3056 So«

374 3102 471 3165 cium
486 3103 638 3166 habebat
653 3117 687 3167 et
702 3106 926 3169 sacerdotem
942 3105 1084 3169 Patrem
1098 3105 1282 3169 Pertusam
1300 3105 1307 3136 ¹
1321 3117 1356 3168 et
1371 3104 1525 3185 quinque
1536 3100 1605 3165 fra·

376 3219 461 3284 treS,
478 3227 524 3273 ex
540 3212 666 3291 quibus
682 3212 750 3274 duo
771 3213 1016 3293 philosophiae
1036 3213 1235 3290 studebant,
1253 3213 1377 3275 tertius
1399 3209 1526 3274 litteris
1544 3208 1605 3272 hu·

377 3317 607 3381 manioribus.
622 3319 712 3383 Cum
728 3330 847 3384 autem
861 3331 941 3401 post
954 3320 1189 3402 Epiphaniam
1201 3320 1239 3383 P.
1251 3319 1411 3399 Baptista
1423 3318 1466 3380 de
1477 3316 1607 3385 Barma

377 3423 561 3487 Concham
575 3427 731 3490 venisset
746 3428 769 3504 ²,
786 3427 972 3508 Compluto
988 3429 1128 3491 rediens
1147 3438 1182 3490 et
1200 3427 1266 3490 iter
1281 3425 1607 3504 Caesaraugustam
1705 3507 1712 3514 ι

376 3530 576 3610 instituens,
588 3543 642 3596 ter
654 3547 714 3596 aut
726 3545 852 3614 quater
864 3535 900 3598 in
908 3535 1113 3599 cathedrali
1124 3534 1331 3612 ecclesiast
1342 3532 1396 3595 bis
1406 3532 1442 3595 in
1451 3529 1606 3611 quadarn

378 3640 449 3702 alia
463 3641 635 3719 parochia
654 3643 887 3705 concionatus
906 3654 976 3720 est;
993 3653 1028 3704 et
1049 3658 1226 3705 memores
1239 3657 1310 3704 non
1330 3649 1430 3702 erant
1447 3637 1609 3702 homines

378 3746 473 3825 quod
487 3758 623 3809 tantam
640 3749 840 3810 auditorum
853 3748 1090 3828 frequentiam
1101 3764 1258 3828 unquam
1273 3746 1503 3810 concionator
1515 3745 1609 3808 ullus

377 3853 575 3931 habuisset;
592 3863 627 3916 et
641 3857 770 3916 mirum
784 3855 820 3917 in
834 3855 976 3919 modum
996 3857 1047 3918 eis
1062 3855 1249 3932 satisfecit,
1266 3865 1301 3916 et
1320 3853 1455 3916 fructus
1470 3849 1609 3915 satisfa-

376 3961 486 4023 ctioni
500 3978 544 4024 ac
559 3962 778 4042 frequentiae
792 3978 970 4025 consonus
985 3962 1206 4026 credebatur.

441 4069 528 4133 1196.
571 4069 650 4132 Hoc
665 4072 802 4150 experti
821 4081 904 4133 sunt
917 4069 1031 4133 nostri
1045 4070 1138 4149 quod
1153 4070 1255 4133 multi
1274 4068 1532 4131 obtrectatores
1546 4065 1609 4129 So·-

377 4177 517 4240 cietatis
537 4178 659 4256 priora
677 4177 843 4257 obloquia
862 4178 899 4240 in
918 4177 1041 4239 laudes
1063 4177 1330 4254 convertebant,
1354 4185 1387 4238 et
1408 4175 1611 4246 institutum

377 4281 587 4360 SocietatiS,
612 4285 707 4365 quod
731 4285 830 4364 prius
853 4285 1087 4365 ignorabant,
1115 4285 1240 4346 melius
1264 4283 1460 4362 intelligere
1486 4297 1608 4361 coepe·

377 4402 470 4453 runt.
502 4389 688 4470 Quoddam
714 4392 821 4455 etiam
847 4392 1137 4470 impedimentum
1161 4393 1218 4453 vel
1241 4391 1462 4454 obstaculum
1483 4403 1526 4450 ea
1553 4404 1610 4450 ra-

421 4672 430 4704 ·
458 4671 647 4716 Gundlsalvum
657 4671 775 4716 Pertusa.

419 4745 431 4776 ¹
462 4746 525 4788 Vide
537 4757 625 4800 supra,
635 4758 694 4800 pag.
706 4745 755 4798 359,
766 4757 791 4789 n.
802 4745 849 4789 lb9.
