<?xml version="1.0" encoding="UTF-8"?>
<!DOCTYPE html PUBLIC "-//W3C//DTD XHTML 1.0 Transitional//EN"
    "http://www.w3.org/TR/xhtml1/DTD/xhtml1-transitional.dtd">
<html xmlns="http://www.w3.org/1999/xhtml" xml:lang="en" lang="en">
 <head>
  <title>
</title>
<meta http-equiv="Content-Type" content="text/html;charset=utf-8" />
  <meta name='ocr-system' content='tesseract 3.04.00' />
  <meta name='ocr-capabilities' content='ocr_page ocr_carea ocr_par ocr_line ocrx_word'/>
</head>
<body>
  <div class='ocr_page' id='page_1' title='image "./vitaignatiiloio01polagoog_0148.png"; bbox 0 0 3717 5400; ppageno 0'>
   <div class='ocr_carea' id='block_1_1' title="bbox 369 455 1141 530">
    <p class='ocr_par' dir='ltr' id='par_1_1' title="bbox 369 455 1141 530">
     <span class='ocr_line' id='line_1_1' title="bbox 369 455 1141 530; baseline -0.003 -16"><span class='ocrx_word' id='word_1_1' title='bbox 369 455 422 514; x_wconf 71' lang='lat'>1⁴2</span> <span class='ocrx_word' id='word_1_2' title='bbox 824 457 954 517; x_wconf 75' lang='lat' dir='ltr'>Canon.</span> <span class='ocrx_word' id='word_1_3' title='bbox 974 457 1050 516; x_wconf 89' lang='lat' dir='ltr'><strong>Soc.</strong></span> <span class='ocrx_word' id='word_1_4' title='bbox 1071 457 1141 530; x_wconf 79' lang='lat' dir='ltr'>Jns.</span> 
     </span>
    </p>
   </div>
   <div class='ocr_carea' id='block_1_2' title="bbox 260 603 1608 897">
    <p class='ocr_par' dir='ltr' id='par_1_2' title="bbox 260 603 1608 897">
     <span class='ocr_line' id='line_1_2' title="bbox 260 603 1600 685; baseline 0.002 -20"><span class='ocrx_word' id='word_1_5' title='bbox 260 650 263 654; x_wconf 85' lang='grc'><strong>-</strong></span> <span class='ocrx_word' id='word_1_6' title='bbox 366 603 473 666; x_wconf 90' lang='lat' dir='ltr'>timor</span> <span class='ocrx_word' id='word_1_7' title='bbox 486 603 555 681; x_wconf 90' lang='lat' dir='ltr'>ille,</span> <span class='ocrx_word' id='word_1_8' title='bbox 572 603 615 667; x_wconf 93' lang='lat' dir='ltr'>de</span> <span class='ocrx_word' id='word_1_9' title='bbox 630 621 700 684; x_wconf 94' lang='lat' dir='ltr'>quo</span> <span class='ocrx_word' id='word_1_10' title='bbox 713 603 786 684; x_wconf 77' lang='lat' dir='ltr'>iarn</span> <span class='ocrx_word' id='word_1_11' title='bbox 801 622 895 666; x_wconf 90' lang='lat' dir='ltr'>anno</span> <span class='ocrx_word' id='word_1_12' title='bbox 910 605 1085 684; x_wconf 89' lang='lat' dir='ltr'>superiori</span> <span class='ocrx_word' id='word_1_13' title='bbox 1101 605 1233 669; x_wconf 91' lang='lat' dir='ltr'>mentio</span> <span class='ocrx_word' id='word_1_14' title='bbox 1247 605 1343 668; x_wconf 90' lang='lat' dir='ltr'>facta</span> <span class='ocrx_word' id='word_1_15' title='bbox 1358 614 1412 668; x_wconf 92' lang='lat' dir='ltr'>est</span> <span class='ocrx_word' id='word_1_16' title='bbox 1429 603 1456 682; x_wconf 94' lang='lat'>¹,</span> <span class='ocrx_word' id='word_1_17' title='bbox 1473 622 1600 685; x_wconf 89' lang='lat' dir='ltr'>paren·</span> 
     </span>
     <span class='ocr_line' id='line_1_3' title="bbox 366 705 1608 783; baseline 0.003 -12"><span class='ocrx_word' id='word_1_18' title='bbox 366 716 452 783; x_wconf 92' lang='lat' dir='ltr'>tum,</span> <span class='ocrx_word' id='word_1_19' title='bbox 470 726 512 772; x_wconf 90' lang='lat' dir='ltr'>ne</span> <span class='ocrx_word' id='word_1_20' title='bbox 527 709 589 774; x_wconf 87' lang='lat' dir='ltr'>lilii</span> <span class='ocrx_word' id='word_1_21' title='bbox 604 710 650 773; x_wconf 90' lang='lat' dir='ltr'>ad</span> <span class='ocrx_word' id='word_1_22' title='bbox 664 709 851 774; x_wconf 87' lang='lat' dir='ltr'>Societatis</span> <span class='ocrx_word' id='word_1_23' title='bbox 867 712 1067 774; x_wconf 89' lang='lat' dir='ltr'>institutum</span> <span class='ocrx_word' id='word_1_24' title='bbox 1082 711 1317 776; x_wconf 87' lang='lat' dir='ltr'>afficerentur.</span> <span class='ocrx_word' id='word_1_25' title='bbox 1607 705 1608 710; x_wconf 69' lang='grc'>’</span> 
     </span>
     <span class='ocr_line' id='line_1_4' title="bbox 426 815 1051 897; baseline 0 -17"><span class='ocrx_word' id='word_1_26' title='bbox 426 815 470 880; x_wconf 90' lang='lat' dir='ltr'>Et</span> <span class='ocrx_word' id='word_1_27' title='bbox 485 818 573 880; x_wconf 88' lang='lat' dir='ltr'>haec</span> <span class='ocrx_word' id='word_1_28' title='bbox 588 817 632 881; x_wconf 85' lang='lat' dir='ltr'>de</span> <span class='ocrx_word' id='word_1_29' title='bbox 647 817 866 881; x_wconf 87' lang='lat' dir='ltr'>Ferrariensi</span> <span class='ocrx_word' id='word_1_30' title='bbox 881 817 1051 897; x_wconf 82' lang='lat' dir='ltr'>Collegio.</span> 
     </span>
    </p>
   </div>
   <div class='ocr_carea' id='block_1_3' title="bbox 809 1299 1149 1364">
    <p class='ocr_par' dir='ltr' id='par_1_3' title="bbox 809 1299 1149 1364">
     <span class='ocr_line' id='line_1_5' title="bbox 809 1299 1149 1364; baseline 0.006 -2"><span class='ocrx_word' id='word_1_31' title='bbox 809 1299 872 1363; x_wconf 87' lang='lat' dir='ltr'>DE</span> <span class='ocrx_word' id='word_1_32' title='bbox 896 1300 1149 1364; x_wconf 80' lang='lat' dir='ltr'>MUTINENSI</span> 
     </span>
    </p>
   </div>
   <div class='ocr_carea' id='block_1_4' title="bbox 698 1585 1232 1635">
    <p class='ocr_par' dir='ltr' id='par_1_4' title="bbox 698 1585 1232 1635">
     <span class='ocr_line' id='line_1_6' title="bbox 698 1585 1232 1635; baseline -0.004 0"><span class='ocrx_word' id='word_1_33' title='bbox 698 1629 703 1635; x_wconf 93' lang='lat'>.</span> <span class='ocrx_word' id='word_1_34' title='bbox 725 1585 770 1630; x_wconf 83' lang='lat' dir='ltr'>ET</span> <span class='ocrx_word' id='word_1_35' title='bbox 791 1585 993 1630; x_wconf 82' lang='lat' dir='ltr'>ARGENTINO</span> <span class='ocrx_word' id='word_1_36' title='bbox 1016 1585 1232 1632; x_wconf 87' lang='lat' dir='ltr'>COLLEGIOLO</span> 
     </span>
    </p>
   </div>
   <div class='ocr_carea' id='block_1_5' title="bbox 324 1887 1592 4539">
    <p class='ocr_par' dir='ltr' id='par_1_5' title="bbox 359 1887 1592 2505">
     <span class='ocr_line' id='line_1_7' title="bbox 422 1887 1591 1974; baseline 0.007 -24"><span class='ocrx_word' id='word_1_37' title='bbox 422 1887 483 1968; x_wconf 79' lang='lat'>402</span> <span class='ocrx_word' id='word_1_38' title='bbox 536 1887 705 1952; x_wconf 86' lang='lat' dir='ltr'>Praeerat</span> <span class='ocrx_word' id='word_1_39' title='bbox 724 1890 855 1953; x_wconf 90' lang='lat' dir='ltr'>nostris</span> <span class='ocrx_word' id='word_1_40' title='bbox 880 1888 1138 1954; x_wconf 85' lang='lat' dir='ltr'>Mutinensibus</span> <span class='ocrx_word' id='word_1_41' title='bbox 1159 1891 1197 1956; x_wconf 90' lang='lat' dir='ltr'>P.</span> <span class='ocrx_word' id='word_1_42' title='bbox 1219 1891 1401 1974; x_wconf 90' lang='lat' dir='ltr'>Philippus</span> <span class='ocrx_word' id='word_1_43' title='bbox 1420 1894 1591 1973; x_wconf 78' lang='lat' dir='ltr'>LemeuS,</span> 
     </span>
     <span class='ocr_line' id='line_1_8' title="bbox 363 1993 1592 2078; baseline 0.007 -21"><span class='ocrx_word' id='word_1_44' title='bbox 363 1995 526 2075; x_wconf 88' lang='lat' dir='ltr'>quamvis</span> <span class='ocrx_word' id='word_1_45' title='bbox 539 1996 605 2059; x_wconf 91' lang='lat' dir='ltr'>sub</span> <span class='ocrx_word' id='word_1_46' title='bbox 620 1993 658 2058; x_wconf 90' lang='lat' dir='ltr'>P.</span> <span class='ocrx_word' id='word_1_47' title='bbox 675 1995 861 2060; x_wconf 90' lang='lat' dir='ltr'>Pelletario</span> <span class='ocrx_word' id='word_1_48' title='bbox 878 2005 984 2074; x_wconf 89' lang='lat' dir='ltr'>esset,</span> <span class='ocrx_word' id='word_1_49' title='bbox 1002 2013 1082 2060; x_wconf 92' lang='lat' dir='ltr'>cum</span> <span class='ocrx_word' id='word_1_50' title='bbox 1098 2015 1167 2078; x_wconf 92' lang='lat' dir='ltr'>quo</span> <span class='ocrx_word' id='word_1_51' title='bbox 1182 2000 1308 2062; x_wconf 90' lang='lat' dir='ltr'>unicus</span> <span class='ocrx_word' id='word_1_52' title='bbox 1323 2009 1401 2064; x_wconf 91' lang='lat' dir='ltr'>erat</span> <span class='ocrx_word' id='word_1_53' title='bbox 1422 2002 1592 2065; x_wconf 83' lang='lat' dir='ltr'>sacerdos</span> 
     </span>
     <span class='ocr_line' id='line_1_9' title="bbox 361 2099 1576 2189; baseline 0.007 -25"><span class='ocrx_word' id='word_1_54' title='bbox 361 2100 400 2164; x_wconf 93' lang='grc' dir='ltr'>Ρ.</span> <span class='ocrx_word' id='word_1_55' title='bbox 417 2099 619 2182; x_wconf 88' lang='lat' dir='ltr'>Stephanus</span> <span class='ocrx_word' id='word_1_56' title='bbox 633 2103 829 2183; x_wconf 79' lang='lat' dir='ltr'>BaroelluS,</span> <span class='ocrx_word' id='word_1_57' title='bbox 846 2113 881 2166; x_wconf 90' lang='lat' dir='ltr'>et</span> <span class='ocrx_word' id='word_1_58' title='bbox 895 2121 968 2166; x_wconf 91' lang='lat' dir='ltr'>non</span> <span class='ocrx_word' id='word_1_59' title='bbox 985 2103 1094 2167; x_wconf 91' lang='lat' dir='ltr'>defuit</span> <span class='ocrx_word' id='word_1_60' title='bbox 1108 2105 1176 2169; x_wconf 90' lang='lat' dir='ltr'>hoc</span> <span class='ocrx_word' id='word_1_61' title='bbox 1191 2124 1284 2170; x_wconf 92' lang='lat' dir='ltr'>anno</span> <span class='ocrx_word' id='word_1_62' title='bbox 1300 2107 1369 2170; x_wconf 91' lang='lat' dir='ltr'>illis</span> <span class='ocrx_word' id='word_1_63' title='bbox 1383 2110 1441 2169; x_wconf 90' lang='lat' dir='ltr'>vel</span> <span class='ocrx_word' id='word_1_64' title='bbox 1456 2109 1576 2189; x_wconf 91' lang='lat' dir='ltr'>patien</span> 
     </span>
     <span class='ocr_line' id='line_1_10' title="bbox 361 2211 1592 2291; baseline 0.006 -19"><span class='ocrx_word' id='word_1_65' title='bbox 361 2211 432 2273; x_wconf 89' lang='lat' dir='ltr'>tiae</span> <span class='ocrx_word' id='word_1_66' title='bbox 445 2211 505 2272; x_wconf 82' lang='lat' dir='ltr'>vel</span> <span class='ocrx_word' id='word_1_67' title='bbox 519 2211 705 2274; x_wconf 88' lang='lat' dir='ltr'>charitatis</span> <span class='ocrx_word' id='word_1_68' title='bbox 720 2211 943 2275; x_wconf 79' lang='lat' dir='ltr'>exercendae</span> <span class='ocrx_word' id='word_1_69' title='bbox 960 2212 1114 2291; x_wconf 88' lang='lat' dir='ltr'>occasio;</span> <span class='ocrx_word' id='word_1_70' title='bbox 1132 2221 1167 2275; x_wconf 91' lang='lat' dir='ltr'>et</span> <span class='ocrx_word' id='word_1_71' title='bbox 1183 2213 1218 2276; x_wconf 93' lang='lat' dir='ltr'>in</span> <span class='ocrx_word' id='word_1_72' title='bbox 1235 2213 1517 2279; x_wconf 85' lang='lat' dir='ltr'>confessionibus</span> <span class='ocrx_word' id='word_1_73' title='bbox 1532 2235 1592 2279; x_wconf 88' lang='lat' dir='ltr'>au·</span> 
     </span>
     <span class='ocr_line' id='line_1_11' title="bbox 359 2316 1589 2400; baseline 0.006 -20"><span class='ocrx_word' id='word_1_74' title='bbox 359 2316 498 2380; x_wconf 91' lang='lat' dir='ltr'>diendis</span> <span class='ocrx_word' id='word_1_75' title='bbox 512 2327 546 2379; x_wconf 93' lang='lat' dir='ltr'>et</span> <span class='ocrx_word' id='word_1_76' title='bbox 561 2317 792 2381; x_wconf 91' lang='lat' dir='ltr'>concionibus</span> <span class='ocrx_word' id='word_1_77' title='bbox 807 2334 872 2397; x_wconf 91' lang='lat' dir='ltr'>pro</span> <span class='ocrx_word' id='word_1_78' title='bbox 889 2334 990 2380; x_wconf 92' lang='lat' dir='ltr'>more</span> <span class='ocrx_word' id='word_1_79' title='bbox 1005 2319 1165 2382; x_wconf 87' lang='lat' dir='ltr'>sedulam</span> <span class='ocrx_word' id='word_1_80' title='bbox 1181 2336 1327 2400; x_wconf 89' lang='lat' dir='ltr'>operam</span> <span class='ocrx_word' id='word_1_81' title='bbox 1341 2322 1512 2400; x_wconf 83' lang='lat' dir='ltr'>proximis</span> <span class='ocrx_word' id='word_1_82' title='bbox 1527 2323 1589 2387; x_wconf 91' lang='lat' dir='ltr'>im·</span> 
     </span>
     <span class='ocr_line' id='line_1_12' title="bbox 362 2423 572 2505; baseline 0 -19"><span class='ocrx_word' id='word_1_83' title='bbox 362 2423 572 2505; x_wconf 90' lang='lat' dir='ltr'>pendebant.</span> 
     </span>
    </p>

    <p class='ocr_par' dir='ltr' id='par_1_6' title="bbox 324 2529 1591 3789">
     <span class='ocr_line' id='line_1_13' title="bbox 420 2529 1591 2616; baseline 0.006 -24"><span class='ocrx_word' id='word_1_84' title='bbox 420 2529 490 2593; x_wconf 88' lang='grc'><strong>403.</strong></span> <span class='ocrx_word' id='word_1_85' title='bbox 534 2529 603 2594; x_wconf 85' lang='lat' dir='ltr'>Sed</span> <span class='ocrx_word' id='word_1_86' title='bbox 617 2541 655 2594; x_wconf 93' lang='lat' dir='ltr'>ut</span> <span class='ocrx_word' id='word_1_87' title='bbox 670 2531 846 2611; x_wconf 88' lang='lat' dir='ltr'>quaedam</span> <span class='ocrx_word' id='word_1_88' title='bbox 865 2531 982 2594; x_wconf 92' lang='lat' dir='ltr'>minus</span> <span class='ocrx_word' id='word_1_89' title='bbox 1002 2533 1203 2596; x_wconf 90' lang='lat' dir='ltr'>communia</span> <span class='ocrx_word' id='word_1_90' title='bbox 1222 2533 1391 2610; x_wconf 88' lang='lat' dir='ltr'>referam,</span> <span class='ocrx_word' id='word_1_91' title='bbox 1417 2552 1498 2600; x_wconf 90' lang='lat' dir='ltr'>cum</span> <span class='ocrx_word' id='word_1_92' title='bbox 1518 2536 1591 2616; x_wconf 93' lang='lat' dir='ltr'>qui·</span> 
     </span>
     <span class='ocr_line' id='line_1_14' title="bbox 358 2637 1588 2718; baseline 0.005 -16"><span class='ocrx_word' id='word_1_93' title='bbox 358 2638 443 2703; x_wconf 87' lang='lat' dir='ltr'>dam</span> <span class='ocrx_word' id='word_1_94' title='bbox 466 2655 588 2702; x_wconf 90' lang='lat' dir='ltr'>eorum</span> <span class='ocrx_word' id='word_1_95' title='bbox 612 2637 730 2701; x_wconf 89' lang='lat' dir='ltr'>virum</span> <span class='ocrx_word' id='word_1_96' title='bbox 750 2637 939 2717; x_wconf 86' lang='lat' dir='ltr'>quemdam</span> <span class='ocrx_word' id='word_1_97' title='bbox 959 2639 1065 2718; x_wconf 85' lang='lat' dir='ltr'>gravi</span> <span class='ocrx_word' id='word_1_98' title='bbox 1084 2648 1118 2702; x_wconf 91' lang='lat' dir='ltr'>et</span> <span class='ocrx_word' id='word_1_99' title='bbox 1139 2638 1304 2704; x_wconf 92' lang='lat' dir='ltr'>diuturno</span> <span class='ocrx_word' id='word_1_100' title='bbox 1327 2643 1451 2707; x_wconf 92' lang='lat' dir='ltr'>morbo</span> <span class='ocrx_word' id='word_1_101' title='bbox 1473 2644 1588 2708; x_wconf 86' lang='lat' dir='ltr'>confe-</span> 
     </span>
     <span class='ocr_line' id='line_1_15' title="bbox 356 2746 1588 2826; baseline 0.005 -17"><span class='ocrx_word' id='word_1_102' title='bbox 356 2755 465 2825; x_wconf 90' lang='lat' dir='ltr'>ctum,</span> <span class='ocrx_word' id='word_1_103' title='bbox 482 2755 517 2808; x_wconf 92' lang='lat' dir='ltr'>et</span> <span class='ocrx_word' id='word_1_104' title='bbox 531 2757 651 2809; x_wconf 88' lang='lat' dir='ltr'>tamen</span> <span class='ocrx_word' id='word_1_105' title='bbox 666 2746 898 2826; x_wconf 85' lang='lat' dir='ltr'>pertinaciter</span> <span class='ocrx_word' id='word_1_106' title='bbox 913 2746 1134 2810; x_wconf 86' lang='lat' dir='ltr'>salutiferam</span> <span class='ocrx_word' id='word_1_107' title='bbox 1149 2748 1407 2815; x_wconf 90' lang='lat' dir='ltr'>confessionem</span> <span class='ocrx_word' id='word_1_108' title='bbox 1421 2768 1588 2814; x_wconf 88' lang='lat' dir='ltr'>recusan-</span> 
     </span>
     <span class='ocr_line' id='line_1_16' title="bbox 358 2851 1588 2937; baseline 0.003 -20"><span class='ocrx_word' id='word_1_109' title='bbox 358 2864 441 2931; x_wconf 88' lang='lat' dir='ltr'>tem,</span> <span class='ocrx_word' id='word_1_110' title='bbox 458 2852 639 2931; x_wconf 88' lang='lat' dir='ltr'>inviseret,</span> <span class='ocrx_word' id='word_1_111' title='bbox 656 2870 722 2916; x_wconf 91' lang='lat' dir='ltr'>nec</span> <span class='ocrx_word' id='word_1_112' title='bbox 741 2851 817 2931; x_wconf 90' lang='lat' dir='ltr'>ejus</span> <span class='ocrx_word' id='word_1_113' title='bbox 840 2869 901 2915; x_wconf 92' lang='lat' dir='ltr'>cor</span> <span class='ocrx_word' id='word_1_114' title='bbox 922 2853 1080 2916; x_wconf 90' lang='lat' dir='ltr'>emollire</span> <span class='ocrx_word' id='word_1_115' title='bbox 1099 2855 1170 2917; x_wconf 93' lang='lat' dir='ltr'>ulla</span> <span class='ocrx_word' id='word_1_116' title='bbox 1191 2856 1329 2919; x_wconf 91' lang='lat' dir='ltr'>ratione</span> <span class='ocrx_word' id='word_1_117' title='bbox 1349 2867 1480 2937; x_wconf 90' lang='lat' dir='ltr'>posset,</span> <span class='ocrx_word' id='word_1_118' title='bbox 1504 2868 1588 2921; x_wconf 85' lang='lat' dir='ltr'>tem·</span> 
     </span>
     <span class='ocr_line' id='line_1_17' title="bbox 358 2959 1586 3043; baseline 0.003 -20"><span class='ocrx_word' id='word_1_119' title='bbox 358 2962 436 3041; x_wconf 93' lang='lat' dir='ltr'>pori</span> <span class='ocrx_word' id='word_1_120' title='bbox 451 2970 536 3024; x_wconf 93' lang='lat' dir='ltr'>tunc</span> <span class='ocrx_word' id='word_1_121' title='bbox 550 2960 667 3037; x_wconf 85' lang='lat' dir='ltr'>cessit,</span> <span class='ocrx_word' id='word_1_122' title='bbox 683 2959 747 3022; x_wconf 88' lang='lat' dir='ltr'>sed</span> <span class='ocrx_word' id='word_1_123' title='bbox 761 2959 890 3022; x_wconf 86' lang='lat' dir='ltr'>timens</span> <span class='ocrx_word' id='word_1_124' title='bbox 905 2971 1055 3023; x_wconf 89' lang='lat' dir='ltr'>mortem</span> <span class='ocrx_word' id='word_1_125' title='bbox 1071 2960 1152 3023; x_wconf 91' lang='lat' dir='ltr'>huic</span> <span class='ocrx_word' id='word_1_126' title='bbox 1173 2960 1306 3025; x_wconf 90' lang='lat' dir='ltr'>homini</span> <span class='ocrx_word' id='word_1_127' title='bbox 1320 2963 1516 3043; x_wconf 88' lang='lat' dir='ltr'>imminere,</span> <span class='ocrx_word' id='word_1_128' title='bbox 1539 2976 1586 3042; x_wconf 91' lang='lat' dir='ltr'>et,</span> 
     </span>
     <span class='ocr_line' id='line_1_18' title="bbox 357 3064 1589 3149; baseline 0.002 -17"><span class='ocrx_word' id='word_1_129' title='bbox 357 3078 397 3133; x_wconf 94' lang='lat' dir='ltr'>ut</span> <span class='ocrx_word' id='word_1_130' title='bbox 420 3068 613 3132; x_wconf 85' lang='lat' dir='ltr'>verisimile</span> <span class='ocrx_word' id='word_1_131' title='bbox 637 3075 702 3144; x_wconf 89' lang='lat' dir='ltr'>est,</span> <span class='ocrx_word' id='word_1_132' title='bbox 722 3067 890 3129; x_wconf 90' lang='lat' dir='ltr'>instinctu</span> <span class='ocrx_word' id='word_1_133' title='bbox 911 3064 1055 3129; x_wconf 91' lang='lat' dir='ltr'>Domini</span> <span class='ocrx_word' id='word_1_134' title='bbox 1075 3068 1110 3130; x_wconf 94' lang='lat' dir='ltr'>id</span> <span class='ocrx_word' id='word_1_135' title='bbox 1128 3070 1387 3149; x_wconf 88' lang='lat' dir='ltr'>praesentiens,</span> <span class='ocrx_word' id='word_1_136' title='bbox 1403 3087 1528 3135; x_wconf 91' lang='lat' dir='ltr'>rursus</span> <span class='ocrx_word' id='word_1_137' title='bbox 1543 3072 1589 3135; x_wconf 93' lang='lat' dir='ltr'>ad</span> 
     </span>
     <span class='ocr_line' id='line_1_19' title="bbox 354 3172 1589 3259; baseline 0.002 -20"><span class='ocrx_word' id='word_1_138' title='bbox 354 3194 438 3239; x_wconf 89' lang='lat' dir='ltr'>eum</span> <span class='ocrx_word' id='word_1_139' title='bbox 455 3192 494 3239; x_wconf 93' lang='lat' dir='ltr'>se</span> <span class='ocrx_word' id='word_1_140' title='bbox 519 3175 679 3251; x_wconf 89' lang='lat' dir='ltr'>contulit,</span> <span class='ocrx_word' id='word_1_141' title='bbox 703 3183 748 3251; x_wconf 90' lang='lat' dir='ltr'>et,</span> <span class='ocrx_word' id='word_1_142' title='bbox 773 3190 862 3253; x_wconf 89' lang='lat' dir='ltr'>quae</span> <span class='ocrx_word' id='word_1_143' title='bbox 884 3172 1057 3236; x_wconf 90' lang='lat' dir='ltr'>Dominus</span> <span class='ocrx_word' id='word_1_144' title='bbox 1076 3174 1234 3254; x_wconf 89' lang='lat' dir='ltr'>dederat,</span> <span class='ocrx_word' id='word_1_145' title='bbox 1261 3193 1341 3239; x_wconf 92' lang='lat' dir='ltr'>cum</span> <span class='ocrx_word' id='word_1_146' title='bbox 1361 3194 1402 3239; x_wconf 89' lang='lat' dir='ltr'>eo</span> <span class='ocrx_word' id='word_1_147' title='bbox 1424 3178 1589 3259; x_wconf 87' lang='lat' dir='ltr'>loquutus</span> 
     </span>
     <span class='ocr_line' id='line_1_20' title="bbox 356 3280 1590 3363; baseline 0.002 -17"><span class='ocrx_word' id='word_1_148' title='bbox 356 3282 435 3363; x_wconf 73' lang='lat' dir='ltr'>lest,</span> <span class='ocrx_word' id='word_1_149' title='bbox 452 3280 499 3363; x_wconf 84' lang='lat' dir='ltr'>et]</span> <span class='ocrx_word' id='word_1_150' title='bbox 515 3283 561 3346; x_wconf 92' lang='lat' dir='ltr'>ad</span> <span class='ocrx_word' id='word_1_151' title='bbox 577 3296 748 3359; x_wconf 85' lang='lat' dir='ltr'>magnam</span> <span class='ocrx_word' id='word_1_152' title='bbox 770 3281 1022 3344; x_wconf 89' lang='lat' dir='ltr'>contritionem</span> <span class='ocrx_word' id='word_1_153' title='bbox 1046 3292 1277 3363; x_wconf 90' lang='lat' dir='ltr'>peccatorum</span> <span class='ocrx_word' id='word_1_154' title='bbox 1298 3294 1467 3362; x_wconf 86' lang='lat' dir='ltr'>aegrotus</span> <span class='ocrx_word' id='word_1_155' title='bbox 1486 3286 1590 3348; x_wconf 91' lang='lat' dir='ltr'>dedu·</span> 
     </span>
     <span class='ocr_line' id='line_1_21' title="bbox 355 3388 1586 3469; baseline 0.002 -17"><span class='ocrx_word' id='word_1_156' title='bbox 355 3400 436 3453; x_wconf 92' lang='lat' dir='ltr'>ctus</span> <span class='ocrx_word' id='word_1_157' title='bbox 451 3398 521 3469; x_wconf 73' lang='lat' dir='ltr'>est,</span> <span class='ocrx_word' id='word_1_158' title='bbox 543 3398 578 3451; x_wconf 93' lang='lat' dir='ltr'>et</span> <span class='ocrx_word' id='word_1_159' title='bbox 596 3389 710 3452; x_wconf 89' lang='lat' dir='ltr'>eidem</span> <span class='ocrx_word' id='word_1_160' title='bbox 731 3398 877 3466; x_wconf 88' lang='lat' dir='ltr'>peccata</span> <span class='ocrx_word' id='word_1_161' title='bbox 903 3406 967 3450; x_wconf 92' lang='lat' dir='ltr'>sua</span> <span class='ocrx_word' id='word_1_162' title='bbox 987 3388 1187 3467; x_wconf 80' lang='lat' dir='ltr'>consessuS,</span> <span class='ocrx_word' id='word_1_163' title='bbox 1208 3389 1379 3469; x_wconf 87' lang='lat' dir='ltr'>postridie</span> <span class='ocrx_word' id='word_1_164' title='bbox 1399 3388 1586 3454; x_wconf 87' lang='lat' dir='ltr'>Sanctissi-</span> 
     </span>
     <span class='ocr_line' id='line_1_22' title="bbox 355 3494 1583 3586; baseline 0.003 -27"><span class='ocrx_word' id='word_1_165' title='bbox 355 3513 452 3559; x_wconf 94' lang='lat' dir='ltr'>mum</span> <span class='ocrx_word' id='word_1_166' title='bbox 467 3494 713 3559; x_wconf 89' lang='lat' dir='ltr'>Eucharistiae</span> <span class='ocrx_word' id='word_1_167' title='bbox 728 3494 908 3558; x_wconf 90' lang='lat' dir='ltr'>Viaticum</span> <span class='ocrx_word' id='word_1_168' title='bbox 924 3495 1061 3575; x_wconf 89' lang='lat' dir='ltr'>accepit</span> <span class='ocrx_word' id='word_1_169' title='bbox 1081 3505 1115 3558; x_wconf 90' lang='lat' dir='ltr'>et</span> <span class='ocrx_word' id='word_1_170' title='bbox 1134 3494 1340 3586; x_wconf 85' lang='lat' dir='ltr'>Extremam</span> <span class='ocrx_word' id='word_1_171' title='bbox 1362 3498 1583 3577; x_wconf 89' lang='lat' dir='ltr'>Unctionem‚</span> 
     </span>
     <span class='ocr_line' id='line_1_23' title="bbox 356 3602 1586 3680; baseline 0.002 -15"><span class='ocrx_word' id='word_1_172' title='bbox 356 3611 391 3665; x_wconf 92' lang='lat' dir='ltr'>et</span> <span class='ocrx_word' id='word_1_173' title='bbox 405 3602 530 3666; x_wconf 91' lang='lat' dir='ltr'>eodem</span> <span class='ocrx_word' id='word_1_174' title='bbox 545 3602 602 3664; x_wconf 91' lang='lat' dir='ltr'>die</span> <span class='ocrx_word' id='word_1_175' title='bbox 616 3618 697 3664; x_wconf 91' lang='lat' dir='ltr'>cum</span> <span class='ocrx_word' id='word_1_176' title='bbox 716 3618 845 3680; x_wconf 82' lang='lat' dir='ltr'>magna</span> <span class='ocrx_word' id='word_1_177' title='bbox 868 3620 932 3664; x_wconf 88' lang='lat' dir='ltr'>sua</span> <span class='ocrx_word' id='word_1_178' title='bbox 956 3602 1139 3665; x_wconf 87' lang='lat' dir='ltr'>alacritate</span> <span class='ocrx_word' id='word_1_179' title='bbox 1159 3613 1193 3665; x_wconf 90' lang='lat' dir='ltr'>et</span> <span class='ocrx_word' id='word_1_180' title='bbox 1213 3605 1405 3667; x_wconf 82' lang='lat' dir='ltr'>astantium</span> <span class='ocrx_word' id='word_1_181' title='bbox 1426 3606 1586 3668; x_wconf 89' lang='lat' dir='ltr'>consola-</span> 
     </span>
     <span class='ocr_line' id='line_1_24' title="bbox 324 3707 976 3789; baseline -0.006 -18"><span class='ocrx_word' id='word_1_182' title='bbox 324 3708 333 3729; x_wconf 86' lang='grc'><strong>“</strong></span> <span class='ocrx_word' id='word_1_183' title='bbox 353 3710 451 3772; x_wconf 91' lang='lat' dir='ltr'>tione</span> <span class='ocrx_word' id='word_1_184' title='bbox 466 3709 627 3789; x_wconf 90' lang='lat' dir='ltr'>spiritum</span> <span class='ocrx_word' id='word_1_185' title='bbox 642 3707 796 3770; x_wconf 92' lang='lat' dir='ltr'>Domino</span> <span class='ocrx_word' id='word_1_186' title='bbox 811 3707 976 3772; x_wconf 90' lang='lat' dir='ltr'>reddidit.</span> 
     </span>
    </p>

    <p class='ocr_par' dir='ltr' id='par_1_7' title="bbox 351 3812 1588 4539">
     <span class='ocr_line' id='line_1_25' title="bbox 415 3812 1585 3894; baseline 0.003 -18"><span class='ocrx_word' id='word_1_187' title='bbox 415 3813 485 3877; x_wconf 89' lang='grc'>404.</span> <span class='ocrx_word' id='word_1_188' title='bbox 530 3814 682 3894; x_wconf 90' lang='lat' dir='ltr'>Quidam</span> <span class='ocrx_word' id='word_1_189' title='bbox 707 3815 814 3893; x_wconf 75' lang='lat' dir='ltr'>aliuS,</span> <span class='ocrx_word' id='word_1_190' title='bbox 839 3812 1118 3894; x_wconf 57' lang='lat' dir='ltr'>iureconsultus</span> <span class='ocrx_word' id='word_1_191' title='bbox 1140 3816 1248 3879; x_wconf 90' lang='lat' dir='ltr'>nimio</span> <span class='ocrx_word' id='word_1_192' title='bbox 1274 3817 1390 3880; x_wconf 89' lang='lat' dir='ltr'>studio</span> <span class='ocrx_word' id='word_1_193' title='bbox 1414 3835 1456 3880; x_wconf 92' lang='lat' dir='ltr'>eo</span> <span class='ocrx_word' id='word_1_194' title='bbox 1481 3817 1585 3881; x_wconf 91' lang='lat' dir='ltr'>dedu-</span> 
     </span>
     <span class='ocr_line' id='line_1_26' title="bbox 354 3922 1584 4003; baseline 0.002 -17"><span class='ocrx_word' id='word_1_195' title='bbox 354 3932 434 3987; x_wconf 93' lang='lat' dir='ltr'>ctus</span> <span class='ocrx_word' id='word_1_196' title='bbox 448 3922 565 3985; x_wconf 90' lang='lat' dir='ltr'>fuerat</span> <span class='ocrx_word' id='word_1_197' title='bbox 579 3930 627 3999; x_wconf 93' lang='lat' dir='ltr'>ut,</span> <span class='ocrx_word' id='word_1_198' title='bbox 652 3922 812 4000; x_wconf 91' lang='lat' dir='ltr'>corporis</span> <span class='ocrx_word' id='word_1_199' title='bbox 831 3930 866 3983; x_wconf 91' lang='lat' dir='ltr'>et</span> <span class='ocrx_word' id='word_1_200' title='bbox 886 3922 1025 3984; x_wconf 89' lang='lat' dir='ltr'>animae</span> <span class='ocrx_word' id='word_1_201' title='bbox 1047 3924 1161 3985; x_wconf 91' lang='lat' dir='ltr'>salute</span> <span class='ocrx_word' id='word_1_202' title='bbox 1181 3924 1358 4003; x_wconf 78' lang='lat' dir='ltr'>privatuS,</span> <span class='ocrx_word' id='word_1_203' title='bbox 1383 3925 1584 3988; x_wconf 86' lang='lat' dir='ltr'>execranda</span> 
     </span>
     <span class='ocr_line' id='line_1_27' title="bbox 353 4026 1584 4110; baseline 0 -17"><span class='ocrx_word' id='word_1_204' title='bbox 353 4029 511 4093; x_wconf 89' lang='lat' dir='ltr'>convitia</span> <span class='ocrx_word' id='word_1_205' title='bbox 531 4029 567 4091; x_wconf 93' lang='lat' dir='ltr'>in</span> <span class='ocrx_word' id='word_1_206' title='bbox 593 4026 709 4090; x_wconf 91' lang='lat' dir='ltr'>Deum</span> <span class='ocrx_word' id='word_1_207' title='bbox 730 4028 970 4108; x_wconf 83' lang='lat' dir='ltr'>profunderet,</span> <span class='ocrx_word' id='word_1_208' title='bbox 993 4038 1027 4091; x_wconf 94' lang='lat' dir='ltr'>et</span> <span class='ocrx_word' id='word_1_209' title='bbox 1047 4029 1090 4092; x_wconf 91' lang='lat' dir='ltr'>de</span> <span class='ocrx_word' id='word_1_210' title='bbox 1105 4031 1288 4110; x_wconf 89' lang='lat' dir='ltr'>utriusque</span> <span class='ocrx_word' id='word_1_211' title='bbox 1303 4030 1455 4094; x_wconf 88' lang='lat' dir='ltr'>hominis</span> <span class='ocrx_word' id='word_1_212' title='bbox 1471 4032 1584 4095; x_wconf 91' lang='lat' dir='ltr'>salute</span> 
     </span>
     <span class='ocr_line' id='line_1_28' title="bbox 352 4134 1584 4216; baseline 0.002 -17"><span class='ocrx_word' id='word_1_213' title='bbox 352 4136 559 4214; x_wconf 88' lang='lat' dir='ltr'>desperans,</span> <span class='ocrx_word' id='word_1_214' title='bbox 576 4135 753 4198; x_wconf 88' lang='lat' dir='ltr'>neminem</span> <span class='ocrx_word' id='word_1_215' title='bbox 764 4134 838 4214; x_wconf 87' lang='lat' dir='ltr'>jam</span> <span class='ocrx_word' id='word_1_216' title='bbox 853 4135 972 4212; x_wconf 91' lang='lat' dir='ltr'>alium,</span> <span class='ocrx_word' id='word_1_217' title='bbox 990 4146 1132 4215; x_wconf 86' lang='lat' dir='ltr'>praeter</span> <span class='ocrx_word' id='word_1_218' title='bbox 1154 4138 1296 4201; x_wconf 93' lang='lat' dir='ltr'>unicum</span> <span class='ocrx_word' id='word_1_219' title='bbox 1316 4139 1531 4216; x_wconf 93' lang='lat' dir='ltr'>ministrum,</span> <span class='ocrx_word' id='word_1_220' title='bbox 1548 4138 1584 4201; x_wconf 93' lang='lat' dir='ltr'>in</span> 
     </span>
     <span class='ocr_line' id='line_1_29' title="bbox 352 4241 1585 4323; baseline 0.002 -18"><span class='ocrx_word' id='word_1_221' title='bbox 352 4260 456 4305; x_wconf 90' lang='lat' dir='ltr'>suum</span> <span class='ocrx_word' id='word_1_222' title='bbox 472 4242 671 4303; x_wconf 90' lang='lat' dir='ltr'>cubiculum</span> <span class='ocrx_word' id='word_1_223' title='bbox 685 4241 825 4319; x_wconf 81' lang='lat' dir='ltr'>ingredi</span> <span class='ocrx_word' id='word_1_224' title='bbox 839 4242 1051 4319; x_wconf 87' lang='lat' dir='ltr'>patiebatur.</span> <span class='ocrx_word' id='word_1_225' title='bbox 1067 4242 1146 4305; x_wconf 92' lang='lat' dir='ltr'>Hoc</span> <span class='ocrx_word' id='word_1_226' title='bbox 1161 4260 1247 4323; x_wconf 84' lang='lat' dir='ltr'>ergo</span> <span class='ocrx_word' id='word_1_227' title='bbox 1263 4261 1343 4307; x_wconf 92' lang='lat' dir='ltr'>cum</span> <span class='ocrx_word' id='word_1_228' title='bbox 1358 4261 1449 4307; x_wconf 90' lang='lat' dir='ltr'>unus</span> <span class='ocrx_word' id='word_1_229' title='bbox 1464 4262 1509 4307; x_wconf 89' lang='lat' dir='ltr'>ex</span> <span class='ocrx_word' id='word_1_230' title='bbox 1523 4260 1585 4306; x_wconf 92' lang='lat' dir='ltr'>no·</span> 
     </span>
     <span class='ocr_line' id='line_1_30' title="bbox 352 4347 1588 4433; baseline 0.003 -22"><span class='ocrx_word' id='word_1_231' title='bbox 352 4349 437 4412; x_wconf 91' lang='lat' dir='ltr'>stris</span> <span class='ocrx_word' id='word_1_232' title='bbox 452 4347 695 4411; x_wconf 83' lang='lat' dir='ltr'>sacerdotibus</span> <span class='ocrx_word' id='word_1_233' title='bbox 710 4348 867 4423; x_wconf 90' lang='lat' dir='ltr'>resciret,</span> <span class='ocrx_word' id='word_1_234' title='bbox 885 4348 1104 4412; x_wconf 89' lang='lat' dir='ltr'>orationibus</span> <span class='ocrx_word' id='word_1_235' title='bbox 1118 4348 1269 4428; x_wconf 86' lang='lat' dir='ltr'>Collegii</span> <span class='ocrx_word' id='word_1_236' title='bbox 1282 4352 1500 4432; x_wconf 64' lang='lat' dir='ltr'>praemissis</span> <span class='ocrx_word' id='word_1_237' title='bbox 1523 4368 1588 4433; x_wconf 89' lang='lat' dir='ltr'>per</span> 
     </span>
     <span class='ocr_line' id='line_1_31' title="bbox 351 4455 1584 4539; baseline 0.003 -22"><span class='ocrx_word' id='word_1_238' title='bbox 351 4455 506 4534; x_wconf 86' lang='lat' dir='ltr'>aliquem</span> <span class='ocrx_word' id='word_1_239' title='bbox 525 4455 663 4517; x_wconf 90' lang='lat' dir='ltr'>curavit</span> <span class='ocrx_word' id='word_1_240' title='bbox 683 4465 721 4518; x_wconf 90' lang='lat' dir='ltr'>ut</span> <span class='ocrx_word' id='word_1_241' title='bbox 740 4455 807 4518; x_wconf 90' lang='lat' dir='ltr'>sibi</span> <span class='ocrx_word' id='word_1_242' title='bbox 834 4456 949 4517; x_wconf 88' lang='lat' dir='ltr'>aditus</span> <span class='ocrx_word' id='word_1_243' title='bbox 975 4456 1020 4519; x_wconf 90' lang='lat' dir='ltr'>ad</span> <span class='ocrx_word' id='word_1_244' title='bbox 1047 4458 1141 4519; x_wconf 91' lang='lat' dir='ltr'>hunc</span> <span class='ocrx_word' id='word_1_245' title='bbox 1166 4457 1345 4520; x_wconf 91' lang='lat' dir='ltr'>hominem</span> <span class='ocrx_word' id='word_1_246' title='bbox 1371 4468 1521 4539; x_wconf 90' lang='lat' dir='ltr'>pateret,</span> <span class='ocrx_word' id='word_1_247' title='bbox 1550 4467 1584 4521; x_wconf 90' lang='lat' dir='ltr'>et</span> 
     </span>
    </p>
   </div>
   <div class='ocr_carea' id='block_1_6' title="bbox 366 4614 566 4623">
    <p class='ocr_par' dir='ltr' id='par_1_8' title="bbox 366 4614 566 4623">
     <span class='ocr_line' id='line_1_32' title="bbox 366 4614 566 4623; baseline 0.005 -1"><span class='ocrx_word' id='word_1_248' title='bbox 366 4614 566 4623; x_wconf 79' lang='lat'><strong>———-</strong></span> 
     </span>
    </p>
   </div>
   <div class='ocr_carea' id='block_1_7' title="bbox 393 4692 867 4754">
    <p class='ocr_par' dir='ltr' id='par_1_9' title="bbox 393 4692 867 4754">
     <span class='ocr_line' id='line_1_33' title="bbox 393 4692 867 4754; baseline 0.011 -18"><span class='ocrx_word' id='word_1_249' title='bbox 393 4692 403 4726; x_wconf 84' lang='lat'>¹</span> <span class='ocrx_word' id='word_1_250' title='bbox 430 4693 497 4739; x_wconf 85' lang='lat' dir='ltr'>Vide</span> <span class='ocrx_word' id='word_1_251' title='bbox 507 4708 594 4751; x_wconf 80' lang='lat' dir='ltr'>supra,</span> <span class='ocrx_word' id='word_1_252' title='bbox 606 4704 624 4740; x_wconf 84' lang='lat' dir='ltr'>t.</span> <span class='ocrx_word' id='word_1_253' title='bbox 636 4709 671 4751; x_wconf 72' lang='lat' dir='ltr'>rr,</span> <span class='ocrx_word' id='word_1_254' title='bbox 682 4710 744 4754; x_wconf 73' lang='lat' dir='ltr'>pag.</span> <span class='ocrx_word' id='word_1_255' title='bbox 754 4698 788 4751; x_wconf 84' lang='lat'>58,</span> <span class='ocrx_word' id='word_1_256' title='bbox 798 4712 822 4743; x_wconf 91' lang='lat' dir='ltr'>n.</span> <span class='ocrx_word' id='word_1_257' title='bbox 832 4698 867 4742; x_wconf 82' lang='lat'>99.</span> 
     </span>
    </p>
   </div>
   <div class='ocr_carea' id='block_1_8' title="bbox 0 0 1864 5400">
    <p class='ocr_par' dir='ltr' id='par_1_10' title="bbox 0 0 1864 5400">
     <span class='ocr_line' id='line_1_34' title="bbox 0 0 1864 5400; baseline 0 3"><span class='ocrx_word' id='word_1_258' title='bbox 0 0 1864 5400; x_wconf 95' lang='lat' dir='ltr'> </span> 
     </span>
    </p>
   </div>
  </div>
 </body>
</html>
