3717 5400
815 476 880 533 Ait.
902 477 974 535 1555
1160 467 1165 478 ’
1457 475 1514 535 179

279 622 540 686 communionis
559 623 594 684 in
615 621 767 685 ecclesia
787 632 911 684 nostra
933 623 1166 701 accedebant,
1188 623 1399 704 praesertim
1413 621 1518 686 lestis

280 728 566 807 solemnioribus;
590 729 755 808 quamvis
773 729 897 807 aliqui,
917 731 1060 792 nomine
1080 739 1115 792 et
1134 730 1234 810 vulgi
1253 729 1514 792 existimatione

281 836 494 916 spiritualeS,
511 836 767 915 oppugnabant
778 833 980 915 hujusmodi
995 846 1301 900 sacramentorum
1315 835 1513 916 frequenta·

285 944 431 1022 tionem,
449 953 484 1006 et
498 959 570 1005 non
586 960 719 1023 paucos
734 943 778 1006 ab
794 959 837 1004 ea
856 940 995 1006 frivolis
1013 944 1211 1007 rationibus
1225 944 1464 1020 retrahebant,
1481 953 1516 1005 et

281 1051 362 1114 ideo
388 1051 431 1114 de
457 1050 592 1128 libello,
612 1067 718 1130 quem
736 1047 802 1112 Dr.
825 1048 1022 1114 Madridius
1043 1051 1255 1131 conscripsit
1275 1051 1318 1114 de
1337 1050 1517 1131 frequenti

268 1175 350 1220 usu
366 1156 645 1229 Communionis,
662 1157 896 1236 imprimendo
911 1158 1006 1220 serio
1022 1157 1176 1236 agebant
1197 1158 1309 1221 nostri
1324 1157 1517 1238 neapolita-

281 1266 330 1344 ni,
345 1274 381 1326 et
396 1262 499 1343 huJ'us
513 1263 758 1343 impressionis
773 1279 897 1326 euram
918 1274 1155 1344 susceperunt
1171 1263 1192 1324 ¹.

341 1371 413 1434 515.
457 1369 694 1433 Nihilominus
710 1387 791 1433 cum
810 1372 1028 1450 postulatum
1050 1369 1176 1434 luisset
1195 1372 1434 1435 testimonium
1456 1389 1517 1452 pu·

281 1479 424 1557 blicum,
441 1478 533 1541 sicut
547 1478 592 1540 ab
608 1478 687 1540 aliis
700 1477 800 1552 locis,
817 1486 964 1557 propter
978 1476 1179 1541 Parisiense
1198 1478 1397 1554 decretum,
1421 1481 1516 1541 testi·

282 1586 440 1650 monium
455 1584 596 1665 quidem
611 1584 749 1647 Vicarii
764 1584 775 1616 ’
789 1585 937 1647 missum
952 1595 1017 1664 est;
1035 1594 1069 1648 et
1084 1585 1192 1648 etiam
1214 1585 1371 1649 civitatis
1391 1601 1520 1665 appro-

283 1695 464 1757 bationem
481 1691 525 1755 D.
543 1691 783 1771 Hieronymus
797 1691 937 1770 Vignes
952 1693 1104 1771 curavit;
1121 1693 1182 1756 sed
1199 1702 1317 1756 tamen
1332 1692 1448 1771 ipsum
1459 1692 1516 1754 de-

268 1808 420 1864 ·cretum
435 1798 635 1862 Parisiense
649 1815 721 1863 non
741 1797 960 1862 existimavit
980 1815 1058 1862 esse
1073 1798 1221 1878 Neapoli
1240 1798 1448 1876 videndum,
1473 1815 1518 1860 ne

285 1907 403 1988 pusilli
418 1915 452 1969 et
467 1906 526 1985 qui
542 1906 767 1968 occasionem
782 1906 1073 1969 obmurmurandi
1088 1907 1317 1986 quaerebant,
1331 1906 1436 1969 telum
1449 1905 1520 1968 hoc

286 2023 413 2078 contra
427 2012 644 2077 Societatem
659 2013 914 2092 intorquerent.

344 2119 416 2184 516.
460 2119 550 2184 Cum
576 2128 695 2183 autem
718 2120 924 2182 recessisset
945 2119 1146 2182 Cardinalis
1166 2118 1381 2183 Pasciechus
1406 2120 1451 2183 ab
1476 2137 1520 2182 ea

288 2227 558 2307 gubernatione,
575 2236 610 2290 et
624 2227 855 2289 successisset
868 2225 913 2289 D.
932 2225 1174 2290 Bernardinus
1194 2227 1239 2290 de
1253 2227 1441 2305 Mendoza,
1457 2245 1517 2290 no·

285 2351 356 2398 vus
370 2333 519 2398 Pro-rex
534 2331 557 2412 ⁸,
573 2334 676 2396 lavor
692 2334 728 2395 in
743 2350 785 2396 eo
801 2350 892 2412 pene
906 2335 1024 2396 nullus
1038 2334 1084 2396 ad
1100 2351 1156 2397 res
1171 2331 1359 2398 Societatis
1380 2350 1522 2413 promo·

284 2443 424 2506 vendas
437 2441 696 2504 inveniebatur:
713 2449 751 2503 ut
765 2438 879 2518 major
899 2450 993 2503 esset
1015 2440 1249 2504 confidentiae
1264 2442 1300 2504 in
1319 2441 1436 2504 Deum
1453 2441 1524 2504 eri-

286 2550 425 2630 gendae
442 2549 597 2612 occasi0.

345 2655 417 2720 517.
460 2655 689 2719 Accedebant
704 2665 823 2719 autem
835 2654 997 2717 homines
1011 2655 1280 2735 frequentiores
1297 2671 1403 2736 quam
1425 2655 1523 2719 soliti

288 2773 418 2841 essent,
435 2763 543 2826 etiam
557 2763 722 2842 profestis
736 2761 871 2840 diebuS,
888 2780 969 2825 cum
980 2763 1184 2826 accessione
1196 2764 1344 2826 duorum
1356 2762 1520 2826 sacerdo-

288 2880 374 2948 tum,
391 2873 511 2949 plures
526 2871 633 2934 etiam
648 2871 778 2933 missae
794 2870 1007 2934 dicerentur.
1030 2869 1157 2949 Coepit
1172 2870 1278 2933 etiam
1294 2881 1332 2932 ut
1348 2870 1462 2948 potuit
1477 2870 1525 2932 de·

289 2978 487 3042 christiana
511 2977 675 3039 doctrina
694 2975 733 3038 Ρ.
757 2975 1034 3055 christophorus
1059 2972 1071 3005 ⁴
1095 2976 1264 3039 lectiones
1290 2976 1434 3053 habere,
1457 2974 1522 3039 sed

288 3093 433 3166 propter
448 3084 591 3163 linguae
604 3084 746 3146 italicae
768 3082 946 3146 deiectum
969 3082 1084 3162 prima
1106 3083 1210 3145 lectio
1231 3100 1357 3163 parum
1376 3083 1519 3162 placuit.

287 3190 328 3254 In
352 3191 510 3255 secunda
537 3208 636 3267 vero,
663 3189 790 3269 majori
814 3188 932 3251 studio
958 3189 1125 3268 adhibito,
1150 3190 1281 3252 nostris
1307 3200 1341 3251 et
1365 3189 1526 3253 externis

289 3302 400 3361 multo
415 3297 531 3376 magis
549 3295 739 3374 satisfecit,
756 3296 845 3359 adeo
867 3304 905 3358 ut
924 3295 1033 3358 etiam
1054 3296 1090 3359 in
1110 3296 1278 3359 Adventu
1299 3296 1524 3360 existimave-

331 3647 341 3679 ¹
369 3646 437 3690 Vide
447 3655 535 3699 supra,
546 3652 563 3687 t.
572 3654 609 3697 rr,
620 3654 680 3697 pag.
693 3644 724 3689 13.
733 3655 758 3686 n.
770 3643 804 3695 13,
816 3650 842 3687 et
853 3654 913 3696 pag.
922 3643 957 3690 28.
968 3654 991 3686 u.
1002 3644 1037 3693 85,
1050 3648 1076 3686 et
1087 3654 1147 3696 pag.
1160 3642 1207 3691 182.
1216 3656 1240 3688 n.
1250 3644 1298 3687 385.

331 3717 343 3750 ¹
369 3718 494 3761 Vicarius
504 3715 611 3769 Joannis
623 3716 692 3759 Petri
702 3715 814 3765 Caralis,
823 3715 987 3768 Neapolitani
998 3715 1192 3769 archiepiscopi
1197 3748 1202 3769 ,
1212 3716 1350 3759 dioecesim
1358 3718 1514 3762 administra

292 3788 332 3833 vlt
343 3789 429 3843 Scipio
441 3788 548 3839 Rebiba,
559 3786 710 3830 Motulensis
719 3786 872 3841 Episcopus.
883 3786 1088 3839 Archieplscopo
1100 3794 1187 3829 autem
1197 3788 1230 3829 ad
1242 3787 1372 3831 Summum
1382 3788 1523 3831 Pontifica-

292 3870 347 3905 tum
357 3867 457 3913 evecto,
469 3866 495 3903 et
506 3858 624 3913 Scipione
635 3858 743 3901 Romam
753 3864 863 3900 evocato
873 3868 901 3901 ut
912 3865 982 3901 esset
998 3857 1075 3901 Urbis
1090 3857 1256 3901 Gubernator
1266 3858 1341 3911 (Vide
1357 3870 1448 3913 supra.
1460 3871 1522 3915 pag.

275 3933 340 3996 ,¹75.
351 3932 443 3983 115113),
459 3931 598 3975 dioecesim
613 3932 671 3974 loco
681 3928 821 3979 Pontificis,
832 3931 874 3983 qui
891 3930 978 3973 sedem
995 3930 1114 3983 retinuit,
1129 3931 1324 3974 administravit
1340 3929 1425 3983 Julius
1442 3931 1526 3975 Pave-

291 4004 354 4059 sius,
364 4004 507 4057 Episcopus
518 4001 657 4045 Vestanus.
669 4000 734 4045 Vide
745 4000 870 4048 Ucasttr.
881 4001 963 4043 Italia
975 4001 1067 4052 Sacra,
1083 4008 1101 4044 t.
1117 4001 1138 4055 6,
1154 4003 1201 4045 coi.
1221 4002 1361 4045 lbi-Uter
1375 4012 1463 4047 autetu
1480 3992 1526 4046 ho·

291 4086 349 4119 rum
360 4076 545 4128 testimonium,
555 4075 586 4117 de
597 4085 647 4127 quo
656 4073 699 4116 hic
709 4080 750 4116 est
759 4084 853 4123 sermo,
864 4073 890 4115 in
900 4072 1019 4117 favorem
1030 4072 1169 4116 societatis
1184 4073 1293 4122 dederit.
1305 4074 1377 4117 nobis
1392 4081 1432 4118 est
1450 4075 1524 4127 igno·

292 4153 356 4201 tum,
367 4146 428 4201 qula
438 4146 613 4189 testimonium
623 4157 673 4189 non
682 4144 800 4195 vidimus,
811 4144 877 4198 quod
886 4155 949 4198 prae
956 4143 1073 4188 manibus
1085 4145 1206 4189 habuisse
1216 4146 1255 4189 ait
1265 4145 1334 4199 Pine,
1343 4146 1408 4189 Arta
1417 4146 1526 4192 Sancto·

293 4229 365 4270 rum,
374 4229 461 4262 mense
471 4216 547 4271 Julio,
558 4224 577 4261 t.
589 4227 636 4265 vu.
648 4216 744 4261 Cornua
752 4223 847 4270 praev.
858 4217 891 4259 de
903 4216 1000 4259 Sancto
1011 4216 1126 4268 ignatio,
1136 4228 1159 4259 u.
1170 4216 1219 4268 502,
1228 4224 1254 4261 et
1263 4218 1351 4262 datum
1360 4218 1400 4261 die
1408 4219 1521 4274 septima

292 4290 454 4344 Septembris
463 4289 540 4343 hujus
549 4288 610 4332 anni
622 4288 683 4332 1555.
695 4288 802 4336 Verum.
811 4288 832 4331 si
843 4288 911 4331 diem
920 4294 947 4331 et
958 4299 1078 4340 mensem,
1090 4300 1139 4341 quo
1150 4288 1239 4332 datum
1249 4297 1296 4336 est.
1311 4296 1471 4345 spectemus,
1482 4302 1529 4335 ve·

291 4362 432 4405 rosimilius
441 4361 545 4405 ridetur
555 4372 571 4405 a
581 4361 649 4413 Julio
660 4360 772 4403 Pavesio
782 4360 873 4404 datum
884 4360 972 4403 luisse.
1407 4376 1409 4382 ·

333 4433 345 4465 ὅ
372 4432 440 4477 Vide
449 4444 537 4487 supra,
548 4439 567 4476 t.
577 4444 613 4486 tv,
624 4444 683 4486 pag.
696 4432 743 4484 tau,
753 4437 840 4475 annot.
849 4431 924 4474 2.-1s
933 4432 987 4485 jam
998 4442 1065 4475 anno
1076 4432 1250 4486 praecedenti,
1260 4444 1317 4477 cum
1325 4433 1450 4488 hispanae
1458 4436 1527 4479 clas·

277 4517 280 4521 ·
293 4506 316 4549 si
328 4506 356 4550 lu
364 4504 555 4548 Mediterranea
566 4505 633 4548 marl
643 4510 784 4558 praeesset,
797 4502 928 4546 difficilem
941 4514 968 4547 se
979 4505 1136 4557 praebuerat
1144 4503 1170 4547 ln
1179 4504 1346 4549 admittendis
1354 4507 1380 4550 in
1389 4507 1442 4551 suis
1452 4508 1526 4551 trire-

273 4606 278 4619 .
293 4577 380 4621 usibus
389 4577 479 4629 Sociis,
490 4577 575 4630 quiex
585 4575 712 4630 Hispania
722 4576 749 4619 lu
759 4574 863 4618 Italiam
873 4586 930 4619 curu
943 4575 1022 4619 Patre
1034 4574 1191 4631 Hieronymo
1207 4575 1295 4621 Natali
1311 4580 1437 4632 navigare
1454 4580 1528 4622 vole-

294 4650 368 4693 bant.
378 4647 446 4691 Vide
455 4658 544 4702 supra,
555 4649 580 4691 in
591 4648 680 4691 eodem
692 4656 710 4690 t.
719 4658 754 4700 tv,
766 4658 827 4701 pag.
838 4648 873 4698 il.
885 4658 910 4689 n.
921 4647 957 4690 61.

335 4721 347 4753 ⁰
375 4719 401 4761 P.
412 4718 616 4773 christophorus
625 4720 657 4763 de
666 4718 798 4772 Mendoza‚
810 4730 893 4761 novus
903 4718 1013 4773 collegii
1025 4719 1190 4774 Neapolitani
1203 4720 1306 4765 Rector.
