3717 5400
369 479 427 538 tot
833 479 963 539 Canon.
983 479 1059 540 Soc.
1079 479 1150 552 Jns.

369 642 469 688 reses
485 623 728 705 abjuraverat,
746 636 780 688 et
799 643 869 690 non
885 628 1000 690 solum
1015 627 1212 690 catholicus
1226 626 1371 690 effectus
1385 637 1474 704 erat,
1491 627 1553 689 sed
1568 637 1606 692 ut

371 730 523 796 Pro-rex
538 733 613 811 ipse
636 743 840 812 rogaverat,
863 733 899 795 in
922 731 1137 796 Societatem
1151 732 1338 812 admissus
1360 743 1393 796 et
1416 743 1606 814 postquam

370 841 509 920 aliquot
524 856 639 903 annos
653 840 750 903 dedit
761 840 888 903 litteris
900 857 1058 920 operam,
1075 839 1215 905 difficile
1236 857 1274 904 se
1290 859 1394 920 posse
1410 841 1503 904 ferre
1523 858 1605 904 con·

370 947 559 1010 tinentiam
583 946 775 1024 affirmans,
802 956 899 1010 etse
926 948 971 1010 ob
995 965 1133 1012 summa
1160 947 1329 1012 beneficia
1348 948 1518 1012 Societati
1543 949 1602 1010 ob·

371 1055 521 1117 noxium
541 1070 754 1134 agnoscens
775 1053 913 1118 absolvi
934 1071 1009 1117 sea
1025 1053 1201 1118 Societate
1220 1057 1373 1134 petebat;
1399 1065 1434 1118 et
1457 1056 1607 1134 saepius.

370 1177 409 1223 se
425 1159 545 1240 ipsum
558 1161 709 1224 vincens
732 1170 766 1223 et
781 1161 1003 1241 propositum
1012 1178 1192 1227 renovans
1205 1161 1384 1225 serviendi
1400 1161 1497 1240 Deo,
1513 1163 1601 1224 nibi-

369 1268 524 1331 lominus
539 1283 674 1347 magna
695 1268 936 1332 inconstantia
949 1267 996 1331 ad
1010 1269 1222 1332 solutionem
1245 1269 1433 1349 petendam
1453 1270 1601 1332 redibat.
1702 1287 1714 1304 .

370 1375 415 1438 Et
430 1375 481 1438 sic
503 1375 645 1437 demum
667 1375 910 1438 saecularibus
931 1375 1092 1439 vestibus
1113 1376 1268 1454 indutuS,
1293 1395 1315 1438 a
1338 1374 1515 1440 Societate
1529 1378 1603 1455 qui·

370 1483 453 1546 dem
476 1482 644 1544 dimissus
664 1481 741 1560 suit,
758 1482 872 1546 sedin
892 1484 1055 1547 cubiculo
1069 1483 1223 1563 quodam
1242 1493 1417 1562 retentuS,
1434 1493 1604 1564 tanquam

370 1589 624 1669 inquisitorum
638 1589 796 1668 nomine;
819 1592 882 1654 sed
896 1599 1020 1670 postea
1035 1591 1179 1654 omnino
1195 1591 1282 1654 liber
1297 1592 1364 1654 sibi
1379 1592 1522 1654 relictus
1537 1602 1603 1655 est.

430 1697 502 1759 595.
547 1696 628 1760 Duo
640 1697 748 1760 etiam
762 1715 807 1760 ex
821 1698 900 1776 illis,
919 1699 979 1778 qui
993 1715 1038 1760 ex
1050 1697 1224 1778 Hispania
1233 1711 1417 1775 venerant,
1431 1700 1476 1760 ob
1488 1700 1601 1776 aegri·

367 1804 529 1867 tudinem
546 1821 587 1866 eo
603 1805 743 1867 remissi
758 1815 851 1881 sunt,
874 1805 1020 1881 scilicet,
1043 1802 1081 1866 P.
1108 1803 1320 1869 Vincentius
1339 1804 1416 1868 Roa
1438 1815 1473 1866 et
1491 1803 1522 1867 F
1524 1822 1603 1867 ran·

371 1912 490 1974 ciscus
506 1909 718 1974 llliramonte
738 1916 760 1969 ¹.

429 2019 500 2081 596.
545 2017 652 2081 Pater
667 2019 774 2081 etiam
799 2017 1007 2082 Desiderius
1030 2017 1264 2097 GerardinuS,
1287 2020 1347 2100 qui
1372 2019 1456 2082 olim
1467 2019 1603 2100 Tybur·

372 2127 437 2190 tini
450 2125 599 2204 collegii
614 2123 744 2188 Rector
759 2125 886 2203 fuerat,
902 2136 938 2190 et
952 2125 1151 2204 Messanae,
1174 2125 1283 2190 Italae
1303 2143 1346 2189 ac
1366 2126 1532 2191 Panormi
1546 2126 1604 2204 (ad

372 2251 463 2312 quae
479 2235 556 2295 loca
568 2231 781 2296 valetudinis
795 2234 913 2310 gratia
929 2233 1143 2312 mutabatur)
1161 2233 1185 2312 ²,
1207 2251 1288 2297 cum
1303 2235 1425 2296 morbo
1441 2251 1505 2297 suo
1521 2250 1602 2298 con·

372 2339 537 2415 flictatus,
562 2340 706 2402 tandem
721 2357 815 2402 nona
831 2338 999 2403 Octobris
1013 2339 1180 2404 Panormi
1196 2359 1241 2404 ex
1254 2340 1323 2404 hac
1342 2343 1418 2404 vita
1437 2340 1603 2418 decessit,

370 2447 427 2508 vir
442 2448 521 2526 pius
534 2465 577 2510 ac
592 2446 717 2525 bonus,
735 2448 878 2510 natione
891 2447 1144 2527 Lotbaringu5‚
1162 2457 1197 2510 et
1211 2449 1284 2528 qui,
1297 2448 1465 2528 quamdiu
1477 2449 1601 2528 potuit,

374 2553 579 2634 diligentem
594 2571 632 2616 se
647 2555 850 2634 operarium
865 2556 992 2619 vineae
1006 2554 1152 2619 Domini
1164 2556 1352 2636 praestitit.

431 2661 501 2723 597.
545 2660 583 2725 P.
601 2659 760 2742 Elpidius
780 2662 953 2741 Ugoletus
971 2663 1096 2727 eodem
1117 2672 1276 2744 tempore
1295 2663 1517 2743 aegrotabat,
1540 2663 1602 2727 sed

372 2768 566 2842 convaluit,
583 2778 617 2831 et
638 2785 718 2831 cum
738 2770 774 2832 in
789 2769 948 2849 Collegio
967 2780 1091 2834 nostro
1112 2769 1279 2834 Panormi
1294 2770 1525 2833 christianam
1543 2769 1602 2833 do·

372 2875 525 2937 ctrinam
551 2875 784 2955 praelegisset
815 2876 1031 2957 aliquandiu,
1051 2876 1224 2941 Bibonam
1250 2876 1296 2940 ad
1312 2876 1503 2939 Ducissam
1522 2877 1602 2939 mis·

370 3000 432 3045 sus
446 2992 498 3046 est
514 2980 536 3045 ³.

432 3088 503 3152 598.
547 3088 643 3153 Inter
658 3090 860 3169 morientes,
878 3091 1005 3171 quibus
1020 3091 1132 3154 nostri
1148 3091 1309 3169 aderant,
1329 3091 1394 3154 suit
1413 3089 1458 3154 D.
1479 3090 1602 3154 Hiero·

369 3214 502 3277 nymus
516 3196 573 3259 del
586 3197 733 3278 Campo,
747 3198 803 3260 vir
816 3198 944 3261 nobilis
959 3208 994 3261 et
1007 3199 1051 3261 de
1063 3196 1241 3262 Societate
1252 3207 1373 3261 nostra
1389 3198 1520 3277 optime
1534 3214 1603 3261 me·

371 3304 473 3381 ritus,
490 3304 548 3366 cui
563 3321 625 3382 per
640 3303 788 3367 biduum
804 3304 913 3367 astitit
931 3303 968 3367 P.
986 3304 1133 3383 Paulus;
1148 3316 1183 3367 et
1198 3305 1257 3367 ille
1271 3304 1424 3385 quidem,
1441 3305 1604 3367 omnibus

369 3412 606 3473 sacramentis
623 3412 798 3490 susceptis
813 3430 856 3473 ac
872 3412 961 3473 bene
976 3411 1180 3492 dispositus,
1202 3429 1282 3474 cum
1302 3428 1434 3489 magno
1449 3410 1603 3475 Societa-

370 3518 416 3580 tis
431 3516 443 3547 ⁴
459 3534 565 3580 sensu
582 3519 627 3581 ad
643 3516 835 3581 Dominum
851 3519 1031 3598 migravit.

412 3796 420 3827 t
452 3796 605 3839 Miromon?

407 3869 419 3901 ²
451 3868 520 3913 Vide
529 3880 618 3922 supra,
629 3876 647 3911 t.
657 3879 692 3921 rv,
704 3878 764 3921 pag.
775 3866 823 3915 22Λ.
834 3878 858 3911 n.
869 3866 917 3911 501.

411 3940 422 3969 ¹
451 3940 637 3984 Postulaverat
649 3938 763 3983 Bibonae
774 3938 884 3985 Duclsea
895 3940 1007 3994 aliquem
1018 3940 1067 3983 sibl
1082 3941 1167 3990 mitti.
1185 3941 1227 3993 qui
1244 3939 1396 3983 confessarli
1411 3949 1516 3982 munere
1529 3939 1599 3993 apud

375 4024 432 4057 enm
444 4012 605 4067 iungeretur,
616 4018 641 4054 et
652 4011 719 4055 banc
730 4010 855 4054 Ducissae
866 4012 1068 4065 postulationem
1078 4018 1166 4055 noram
1175 4010 1274 4055 fecerat
1284 4010 1387 4064 ignatio
1394 4010 1421 4054 P.
1429 4010 1602 4064 Hieronymus

372 4084 531 4136 Domenech,
542 4084 664 4127 nonnulla
675 4083 772 4127 addens
782 4084 813 4126 de
823 4084 926 4127 dotibus
937 4084 1028 4138 qulbus
1038 4083 1184 4138 praeditum
1195 4083 1380 4126 confessarium
1386 4092 1443 4125 esse
1453 4082 1600 4136 oportebat.

373 4154 447 4199 Patri
458 4154 607 4198 Domenecb
617 4154 763 4208 respondet,
775 4165 808 4197 ex
818 4166 895 4205 com„
904 4154 1039 4198 Polancus:
1050 4155 1168 4198 “Acorea
1177 4154 1219 4196 del
1229 4154 1322 4196 envinr
1330 4164 1364 4197 un
1373 4152 1605 4207 coniesorespaflol

372 4228 431 4283 yde
441 4228 498 4271 dias
508 4238 573 4281 para
585 4228 609 4271 la
621 4225 679 4271 Srn.
690 4226 820 4281 Daquesa.
830 4228 901 4271 teria
912 4228 978 4279 bien,
989 4227 1011 4270 sl
1022 4228 1045 4269 ie
1060 4226 1166 4270 bublese
1181 4228 1293 4280 (nonque
1309 4225 1375 4268 dudo
1392 4226 1488 4277 aiguno
1503 4236 1552 4279 qne
1567 4230 1607 4278 tna

374 4302 521 4343 costumbre
532 4302 684 4354 convengnb
694 4310 757 4354 pero
768 4310 795 4342 es
805 4300 904 4343 verded
916 4311 965 4353 qne
976 4310 1008 4343 no
1019 4301 1042 4342 le
1060 4300 1114 4355 buy
1128 4309 1176 4353 qne
1193 4304 1273 4351 tengn
1290 4300 1330 4341 las
1343 4302 1434 4352 partes
1450 4310 1499 4352 que
1513 4298 1603 4343 serlnn

376 4377 505 4415 manenter
516 4384 533 4427 y
543 4383 591 4426 que
603 4384 629 4415 se
640 4373 724 4426 paeda
734 4374 825 4416 enviar
836 4373 898 4423 atla,
909 4372 1107 4425 especielrnente
1117 4371 1201 4414 ahorn
1209 4382 1257 4425 qne
1265 4380 1330 4425 para
1339 4372 1366 4414 la
1376 4369 1493 4414 Dietade
1502 4371 1604 4414 Alema·

377 4444 420 4487 nia
431 4444 509 4487 envln
519 4444 565 4487 dos
575 4444 600 4487 el
611 4444 692 4498 Papa,
703 4455 750 4498 qne
762 4444 863 4488 hebrun
875 4444 906 4486 de
916 4454 960 4487 ser
969 4443 1000 4486 de
1011 4444 1050 4487 los
1060 4444 1177 4499 mejores.
1187 4443 1249 4486 Atia
1259 4453 1287 4486 se
1297 4442 1418 4485 ecomode
1429 4440 1463 4484 V.
1473 4441 1505 4485 R.
1516 4444 1540 4485 lo
1555 4452 1606 4485 me

371 4516 415 4571 Jor
426 4527 474 4569 que
483 4517 574 4571 potira:
586 4528 603 4571 y
613 4516 713 4559 cuando
723 4526 750 4559 se
761 4516 830 4559 diere
842 4516 973 4560 comtenzo
988 4518 1014 4560 et
1028 4516 1136 4569 coieglo.
1152 4526 1202 4569 que
1217 4526 1266 4559 con
1280 4520 1355 4558 tento
1371 4515 1479 4568 eeptritn
1494 4525 1513 4570 y
1527 4513 1606 4558 denen

372 4587 473 4631 fabrica
484 4586 520 4629 Su
531 4586 649 4641 Senorla,
660 4592 782 4631 entonces
793 4588 885 4631 tendrd
895 4590 911 4631 a
921 4589 948 4631 in
959 4598 1035 4631 meno
1045 4588 1163 4631 comesor
1173 4586 1274 4631 cunndo
1282 4586 1406 4629 residlere
1414 4595 1445 4628 en
1452 4596 1483 4628 su
1490 4584 1610 4640 enredo,

370 4658 422 4702 ln·
431 4657 548 4710 Jenuartt
561 4658 620 4702 ¹555.

410 4731 421 4764 ⁴
450 4730 641 4785 stemmatis?
