3717 5400
790 516 856 579 Art.
879 520 951 577 tooo
1430 519 1487 578 519

239 666 400 745 ‚genibus
413 664 516 729 flexis
532 674 613 729 ante
628 666 757 729 lectum
773 664 927 727 orationi
942 680 1086 742 vacare,
1100 674 1135 727 et
1146 663 1214 743 ipsi
1225 662 1359 744 aliquid
1373 664 1482 728 etiam

248 772 425 854 temporis
436 773 588 837 orationi
606 771 865 853 impertiebant.

293 878 382 942 1416.
425 878 496 944 Sed
517 879 722 943 scholastici
746 880 853 958 longe
878 878 1026 941 ulterius
1050 878 1390 958 progrediebantur;
1419 879 1482 960 qui

250 1002 417 1050 unacum
433 987 523 1064 aliiS,
547 1002 637 1067 quos
662 986 823 1049 habitare
848 986 885 1048 in
907 985 1041 1049 eisdem
1065 984 1211 1049 aedibus
1237 985 1479 1065 contingebat,

249 1095 411 1174 singulas
425 1094 533 1157 horas
551 1093 702 1157 orationi
717 1093 860 1170 dabant,
878 1102 913 1156 et
932 1110 977 1155 ex
996 1093 1049 1155 eis
1070 1092 1230 1156 nonnulli
1250 1101 1305 1155 ter
1319 1110 1383 1173 per
1398 1093 1480 1157 heb·

248 1200 439 1265 domadam
453 1200 577 1281 flagris
592 1218 722 1281 corpus
737 1200 974 1280 castigabant;
990 1199 1054 1263 sed
1069 1210 1108 1263 ut
1121 1200 1336 1263 valetudinis
1356 1210 1391 1265 et
1408 1211 1479 1264 stu-

249 1308 387 1372 diorum
403 1309 577 1371 rationem
592 1306 774 1387 haberent,
792 1324 813 1371 a
828 1307 962 1371 nostris
982 1306 1236 1387 dirigebantur.

292 1413 380 1478 1417.
424 1412 1383 1499 MultietiametrconcionibusanimatilueruntadB.⁸⁶
1400 1413 1480 1477 Vir·

246 1522 342 1601 ginis
357 1522 534 1585 rosarium
549 1522 779 1599 recitandum,
797 1522 891 1601 quod
907 1522 1096 1601 diligenter
1116 1521 1341 1585 commendat
1359 1520 1402 1599 is,
1418 1523 1479 1600 qui

237 1628 479 1692 christianam
494 1630 694 1693 doctrinam
708 1629 888 1710 explicare
902 1629 1028 1692 solitus
1043 1639 1096 1691 est
1112 1629 1133 1688 ¹.

289 1734 378 1799 1418.
422 1735 512 1799 Cum
527 1736 570 1799 de
585 1738 703 1815 aliquo
725 1734 905 1815 publicum
924 1736 1136 1799 sumendum
1154 1744 1232 1799 erat
1251 1736 1476 1816 supplicium,

247 1842 523 1907 accersebantur
537 1843 649 1907 nostrl
664 1852 702 1905 ut
717 1840 793 1921 ejus
807 1842 1068 1906 confessionem
1079 1843 1242 1906 audirent
1256 1854 1291 1905 et
1303 1843 1475 1907 morituro

246 1950 463 2013 assisterent.
481 1948 664 2015 Curabant
680 1960 799 2013 autem
813 1951 937 2026 nostri,
954 1968 1035 2015 cum
1049 1951 1116 2015 hos
1126 1960 1161 2012 et
1174 1950 1263 2013 alios
1272 1950 1382 2013 etiam
1392 1966 1473 2029 gra·

246 2056 338 2119 viter
350 2066 578 2136 aegrotantes
589 2058 860 2125 comitabantur.
875 2068 913 2121 ut
924 2057 986 2137 qui
997 2058 1157 2135 aderant,
1167 2058 1343 2137 spirituali
1353 2058 1473 2137 aliqua

235 2165 472 2244 eleemosyna
485 2166 589 2228 morti
603 2164 787 2246 proximos
801 2163 1024 2244 adiuvarent
1037 2166 1157 2245 itaque
1171 2165 1232 2228 alii
1250 2166 1296 2229 ad
1315 2181 1473 2228 commu-

245 2272 388 2333 nionem
408 2288 446 2334 se
466 2288 687 2351 accessuros
715 2273 775 2335 alii
797 2272 927 2336 Missae
953 2272 1140 2350 sacrificia,
1168 2272 1228 2336 alii
1250 2272 1394 2353 jejunia,
1411 2272 1472 2337 alii

246 2376 415 2458 quidquid
430 2380 512 2441 boni
543 2389 690 2458 agerent
719 2397 761 2442 eo
781 2396 913 2458 mense,
935 2380 1027 2442 bono
1047 2380 1165 2443 animo
1185 2379 1394 2455 offerebant3
1411 2380 1472 2460 qui

244 2484 524 2553 admonebantur
539 2486 680 2549 interim
694 2502 865 2565 magnum
885 2504 923 2549 sc
944 2485 1153 2549 beneficium
1170 2504 1191 2549 a
1210 2486 1287 2549 Deo
1308 2486 1471 2568 accipere

243 2592 477 2671 potiusquam
492 2602 716 2673 praestarent
728 2593 814 2675 ipsis
826 2592 1009 2674 proximiS,
1023 2608 1102 2655 cum
1115 2611 1181 2673 pro
1192 2594 1280 2674 ipsis
1291 2596 1376 2657 talia
1388 2592 1472 2657 offe·

233 2699 380 2762 rebant.

286 2805 374 2868 1419.
417 2807 456 2870 In
470 2807 711 2887 spiritualibus
730 2810 909 2873 exercitiis
930 2812 1039 2892 aliqui
1059 2811 1154 2876 domi
1173 2821 1319 2875 nostrae
1338 2812 1472 2875 exculti

244 2923 336 2991 sunt,
353 2929 399 2976 ex
414 2913 549 2993 quibuS,
568 2916 731 2996 quamvis
745 2917 853 2996 aliqui
868 2918 904 2982 in
919 2916 1133 2982 Societatem
1147 2919 1287 2982 admitti
1308 2920 1472 2983 omnibus

242 3021 337 3084 votis
352 3022 615 3100 contenderent,
632 3040 671 3086 rc
692 3035 812 3087 tamen
826 3024 860 3087 id
880 3025 1057 3106 exigente,
1084 3043 1206 3089 eorum
1232 3025 1402 3089 admissio
1422 3026 1471 3090 di.-

213 3205 220 3218 ·
242 3128 315 3190 lata
331 3126 396 3190 luit
410 3127 432 3192 ³.

284 3233 371 3296 1420.
415 3232 515 3313 Quae
532 3234 574 3298 dc
589 3237 814 3316 reprimendo
834 3237 1118 3318 juramentorum
1139 3240 1252 3303 abusu
1271 3240 1356 3304 alibi
1375 3239 1469 3304 dicta

241 3340 381 3404 luerunt
397 3339 420 3416 ⁵,
437 3339 623 3406 Cordubae
648 3344 755 3406 etiam
781 3345 968 3423 diligenter
989 3358 1072 3409 sunt
1091 3364 1111 3408 a
1131 3347 1264 3410 nostris
1283 3355 1419 3426 curata,
1436 3359 1471 3410 et

240 3465 321 3513 cum
336 3448 576 3512 cordubenses
592 3451 723 3531 alioqui
739 3453 913 3532 ingeniosi
928 3454 1127 3516 habeantur
1142 3464 1177 3516 et
1192 3471 1317 3534 parum
1339 3454 1470 3536 simpli·

240 3571 301 3617 ces
315 3551 338 3633 ⁴,
355 3573 437 3618 cum
450 3566 569 3619 tamen
583 3557 619 3619 in
634 3557 783 3638 publicis
798 3559 866 3622 viis
880 3560 1155 3624 admonerentur
1166 3559 1338 3641 jurantes
1358 3578 1471 3642 aequo

242 3661 359 3724 animo
375 3678 413 3724 se
428 3663 561 3740 corrigi
578 3666 815 3744 patiebantur,
832 3677 867 3730 et
887 3666 990 3730 flexis
1005 3668 1113 3731 etiam
1126 3668 1276 3748 genibus
1296 3669 1471 3748 precatio·

239 3770 441 3833 nemetiam
456 3770 682 3851 dominicam,
700 3783 805 3852 prout
821 3773 889 3836 illis
903 3774 1161 3854 imponebatur,
1179 3774 1355 3852 dicebant;
1372 3776 1470 3838 etita

239 3877 338 3939 multi
354 3877 582 3941 discedebant
598 3891 636 3942 ut
651 3896 688 3940 se
704 3880 855 3960 amplius
870 3898 1000 3944 nornen
1014 3880 1083 3944 Dei
1102 3899 1172 3946 non
1193 3891 1326 3946 temere
1338 3881 1472 3962 iuratu-

230 3999 300 4046 ros
315 3983 543 4047 affirmarent.

278 4259 286 4293 ¹
314 4259 356 4304 lta
374 4259 479 4306 Polancl
495 4263 624 4315 librarius,
642 4267 706 4309 haec
722 4277 754 4310 ex
768 4277 849 4322 supra
865 4269 1018 4312 memoratio
1032 4267 1161 4322 Alphonsl
1176 4268 1207 4310 de
1224 4267 1321 4312 Zarate
1331 4269 1428 4314 litteris
1444 4270 1470 4315 ln

229 4329 383 4376 caronuon
394 4337 580 4382 transcribens.
601 4337 728 4382 Polancue
747 4345 834 4384 tamen
850 4339 949 4385 rectius
959 4339 1106 4394 scripsisset
1124 4341 1356 4386 commendabat...
1373 4343 1470 4386 solitus

236 4405 304 4448 erat.

278 4474 289 4504 ⁹
316 4475 371 4520 Non
380 4477 481 4532 quidem
491 4481 611 4534 omnium,
621 4483 664 4536 qul
675 4482 700 4526 ln
712 4481 870 4528 Societatem
878 4483 983 4528 admitti
989 4484 1121 4537 petebam
1130 4483 1234 4538 quidam
1242 4485 1318 4539 enlm,
1326 4487 1376 4530 etsi
1383 4488 1469 4540 parci,

230 4545 287 4588 abac
297 4557 364 4590 anno
374 4550 479 4594 admissi
487 4558 555 4600 sunt.
566 4559 594 4595 ut
610 4555 700 4597 videre
710 4561 749 4597 est
765 4555 790 4598 ln
806 4555 903 4599 litteris
918 4555 1026 4599 Petrum
1041 4555 1171 4610 Navarro,
1188 4557 1309 4601 aceoeuo
1323 4566 1350 4602 et
1362 4557 1470 4604 Zarete.

234 4615 360 4662 Litterae
370 4621 600 4674 Quadrimestres,
609 4631 627 4667 t.
637 4624 770 4669 rrt.-Vlde
779 4627 858 4670 etlam
868 4627 875 4670 l
879 4627 945 4681 nire,
957 4639 981 4670 n.
992 4627 1055 4671 1430.

278 4687 290 4720 ³
317 4687 438 4744 Pomm,
450 4703 475 4736 n.
487 4693 538 4736 1311
549 4701 575 4738 et
586 4705 640 4750 seq.

278 4757 290 4790 ⁴
317 4759 384 4806 Vide
395 4775 483 4819 cupra,
495 4769 514 4807 t.
525 4775 561 4819 tv,
572 4775 633 4821 pag.
642 4765 691 4816 m.
703 4777 793 4816 annot.
802 4769 823 4813 2.
