3717 5400
343 446 402 506 344
804 451 931 512 Canon.
953 453 1030 514 Soc.
1050 456 1120 529 Jus.

343 595 427 674 quis
442 593 631 662 Societatis
645 607 790 662 nostrae
811 602 988 665 rationem
1008 601 1159 665 aedificii
1177 603 1450 682 praescriberet,
1472 613 1506 668 et
1527 606 1577 670 ita

349 702 488 782 aliquos
510 704 552 767 de
573 702 752 769 Societate
772 706 875 770 adse
900 708 1003 786 mitti,
1025 726 1069 771 ac
1090 710 1301 774 nominatim
1324 709 1362 773 Ρ.
1389 711 1579 776 Violaeum

344 809 550 888 postulabat
567 810 587 875 ¹.

404 917 475 980 926.
519 919 783 1000 Discipulorum
797 931 945 984 caterva
957 921 1133 987 obruisset
1144 927 1356 1004 magistrum
1368 925 1576 1008 Robertum,

345 1025 381 1086 si
396 1043 458 1089 eos
473 1026 658 1091 admittere
673 1029 856 1107 voluisset;
873 1039 907 1091 et
921 1028 1127 1094 Praefectus
1141 1031 1378 1096 Billiomensis
1393 1052 1435 1095 ac
1450 1035 1578 1114 prima·

347 1133 424 1195 rius
445 1131 577 1197 Consul
592 1133 797 1198 IssorIensis
812 1135 905 1199 filios
920 1153 1005 1200 suos
1026 1137 1119 1218 apud
1136 1138 1315 1218 hospitem
1335 1141 1496 1219 magistri
1511 1141 1578 1204 Ro·

348 1236 440 1302 berti
465 1242 696 1315 collocarunt,
723 1252 761 1305 ut
786 1239 860 1322 ejus
886 1243 982 1306 vitae
1007 1247 1170 1325 exemplo
1196 1255 1231 1308 et
1255 1247 1445 1310 arbitraria
1469 1265 1579 1328 opera

347 1345 505 1425 ejusdem
521 1348 567 1410 ad
581 1349 764 1412 meliorem
778 1349 917 1428 frugem
932 1351 1226 1430 proveherentur.
1246 1353 1361 1417 Tanto
1383 1365 1502 1418 autem
1516 1356 1580 1418 ho·

348 1471 434 1516 nore
448 1461 554 1534 atque
569 1455 736 1535 obsequio
752 1473 834 1518 eum
848 1458 1155 1538 prosequebantur
1166 1472 1200 1522 et
1216 1460 1458 1524 Billiomenses
1473 1471 1508 1524 et
1519 1479 1579 1525 ex·

346 1571 530 1626 ternorum
544 1563 702 1625 locorum
717 1563 889 1643 homineS,
905 1576 945 1627 ut
959 1565 1009 1628 illi
1023 1566 1285 1644 quodammodo
1297 1567 1372 1648 jam
1393 1571 1580 1632 molestum

341 1677 450 1731 esset.
468 1667 586 1732 Prima
601 1669 657 1732 die
672 1667 900 1749 Septembris,
917 1681 1106 1752 postquam
1121 1690 1224 1736 mane
1240 1674 1275 1736 in
1290 1691 1427 1738 summo
1447 1676 1579 1755 templo

346 1774 580 1839 concionatus
595 1785 699 1856 esset,
717 1777 1013 1858 disputationibus
1027 1779 1178 1859 publicis
1190 1789 1270 1860 post
1281 1782 1464 1845 meridiem
1475 1782 1580 1845 inter-

345 1883 424 1960 luit,
437 1882 474 1945 in
487 1883 625 1962 quibus,
642 1901 724 1947 cum
738 1885 874 1964 primus
884 1883 1089 1964 disputandi
1100 1887 1201 1950 locus
1210 1887 1244 1949 ei
1257 1888 1461 1967 assignatus
1472 1897 1577 1969 esset,

343 1985 516 2052 honorem
530 1989 624 2053 bunc
639 1991 715 2070 ipse
730 1991 853 2054 detulit
868 1992 1158 2056 claramontanae
1178 1994 1324 2058 scholae
1348 1996 1576 2074 moderatori,

343 2097 406 2175 qui
417 2105 502 2160 tunc
514 2098 649 2160 aderat.
662 2097 732 2162 Sed
744 2099 938 2163 secundum
948 2101 1078 2178 locum,
1092 2101 1300 2178 velinvitus,
1314 2103 1433 2165 sortiri
1446 2103 1576 2179 debuit,

347 2222 414 2268 nec
430 2205 505 2267 sine
520 2205 644 2268 favore
659 2204 860 2270 auditorum
875 2225 917 2270 eo
933 2206 1137 2287 disputandi
1152 2225 1297 2272 munere
1315 2209 1459 2273 functus
1473 2219 1553 2273 est„

409 2311 480 2375 927.
523 2312 657 2376 Eodem
682 2313 738 2376 die
763 2313 901 2377 litteras
925 2314 1065 2395 accepit
1088 2333 1110 2377 a
1131 2314 1338 2396 Praeposito
1364 2335 1408 2380 ac
1432 2315 1580 2380 Vicario

348 2419 519 2483 Generali
533 2419 725 2497 Riomensi,
743 2421 869 2500 quibus
884 2439 929 2484 ex
945 2422 1124 2485 communi
1138 2421 1310 2503 suffragio
1326 2423 1580 2488 canonicorum

350 2527 567 2590 invitabatur
580 2527 625 2590 ad
636 2528 830 2591 solemnem
842 2529 1061 2605 concionem,
1076 2530 1154 2608 ipso
1163 2528 1434 2595 dieNativitatis
1444 2530 1485 2593 B.
1499 2531 1580 2595 Vir·

345 2633 442 2713 ginis
470 2634 685 2714 habendam
712 2645 747 2699 et
772 2634 944 2715 ignorans
969 2637 1141 2717 magister
1162 2635 1338 2702 Robertus
1363 2638 1457 2720 quod
1483 2638 1576 2703 hanc

344 2742 554 2805 concionem
570 2742 710 2806 Priores
725 2741 1054 2823 Dominicanorum,
1068 2744 1341 2809 Carmelitarum
1355 2757 1390 2810 et
1408 2747 1578 2826 Augusti·

246 2930 249 2934 ι
349 2850 522 2926 nensium,
540 2867 582 2913 ac
598 2850 747 2930 denique
762 2850 990 2915 Guardianus
1010 2852 1197 2931 Minorum,
1220 2853 1286 2916 sibi
1307 2854 1438 2917 deferri
1459 2864 1579 2934 postu·

350 2958 524 3036 laverant,
542 2959 624 3037 quia
639 2959 854 3038 percelebris
869 2968 957 3038 erat,
974 2969 1008 3021 et
1024 2962 1204 3038 repulsam
1218 2962 1383 3039 tulerant,
1400 2960 1505 3025 fidem
1520 2962 1579 3025 ha·

348 3060 485 3127 bendae
500 3066 682 3128 concionis
698 3065 805 3129 dedit.

408 3170 479 3237 928.
521 3171 630 3236 Venit
646 3173 767 3253 itaque
782 3172 946 3238 Riomum
967 3174 1081 3254 pridie
1105 3174 1313 3239 Nativitatis
1336 3177 1375 3239 B.
1406 3175 1581 3254 Virginis

346 3288 382 3341 et
397 3279 473 3359 ipso
488 3279 545 3342 die
566 3279 655 3343 duas
677 3279 868 3343 conciones
891 3280 931 3343 in
952 3280 1028 3362 ejus
1050 3282 1181 3361 templo
1204 3281 1345 3360 habuit,
1372 3299 1453 3345 cum
1477 3283 1582 3354 unica

349 3384 472 3449 baberi
492 3386 596 3450 solita
611 3399 716 3463 esset,
733 3405 815 3451 cum
840 3397 941 3452 tanto
955 3389 1075 3470 populi
1099 3389 1276 3469 confluxu,
1294 3398 1463 3469 quantum
1484 3391 1587 3453 locus

348 3510 477 3573 capere
492 3494 617 3574 potuit.
634 3493 807 3558 Canonici
822 3504 942 3558 autem
953 3513 1033 3574 cum
1050 3496 1268 3576 Praeposito,
1286 3506 1366 3575 post
1384 3497 1583 3575 gratiarum

347 3602 536 3679 actionem,
553 3619 634 3665 cum
649 3602 862 3681 stipendium
888 3602 1056 3666 offerrent
1081 3603 1223 3667 solitum
1247 3612 1282 3666 et
1308 3603 1467 3666 dolerent
1489 3604 1584 3683 quod

350 3709 438 3772 nibil
453 3709 666 3785 admitteret,
683 3710 790 3773 talem
814 3727 892 3773 esse
917 3711 1209 3774 consuetudinem
1228 3709 1420 3776 Societatis
1439 3719 1583 3773 nostrae

346 3818 400 3879 eis
416 3816 642 3896 significavit,
657 3834 701 3879 ne
716 3818 867 3896 amplius
879 3835 959 3881 eum
974 3828 1154 3895 urgerent.
1167 3817 1237 3881 Sed
1249 3817 1292 3880 de
1304 3818 1458 3897 hospitio
1471 3818 1582 3898 ipsius

347 3925 440 3986 inter
454 3924 644 4003 primarios
658 3925 757 3987 viros
772 3925 957 3988 altercatio
983 3935 1071 4003 erat,
1097 3942 1178 3987 cum
1203 3925 1300 3988 domi
1325 3942 1412 3988 suae
1434 3926 1583 4005 quisque

348 4049 429 4093 cum
444 4031 575 4094 habere
590 4031 707 4110 vellet;
721 4041 755 4093 et
770 4032 934 4111 quamvis
948 4032 1119 4112 optabant
1133 4041 1172 4095 ut
1187 4032 1223 4094 in
1238 4031 1328 4095 festo
1344 4031 1586 4095 Exultationis

347 4136 502 4201 Sanctae
519 4138 642 4202 Crucis
662 4138 792 4202 ibidem
818 4139 1103 4218 concionaretur,
1128 4139 1211 4219 quia
1232 4138 1386 4202 Billiomi
1411 4140 1585 4218 agebatur

349 4244 438 4307 baec
453 4244 639 4325 festivitas
657 4264 728 4309 non
744 4246 829 4308 alibi
842 4246 1051 4308 concionari
1063 4263 1143 4309 eum
1155 4246 1324 4325 oportuit,
1337 4246 1525 4325 etpacavit
1535 4246 1586 4309 in·

348 4353 454 4415 terim
469 4352 606 4415 animos
622 4352 775 4416 offensos
791 4353 911 4433 aliquo
928 4353 1034 4416 modo
1056 4353 1100 4416 ob
1115 4354 1212 4433 piam
1227 4353 1504 4416 aemulationem
1521 4352 1586 4415 ha·

349 4476 429 4521 rum
446 4459 640 4522 civitatum.

393 4699 401 4731 ¹
432 4700 456 4743 P.
468 4699 592 4751 Joannem
602 4700 751 4754 Baptistam
762 4700 916 4745 viola-cr.
928 4702 1008 4745 etiam
1018 4712 1098 4755 snpra
1108 4702 1180 4745 dicta
1191 4712 1250 4756 pag.
1259 4700 1307 4757 Μ,
1319 4713 1344 4746 n.
1353 4701 1402 4747 8⁹1.
