3717 5400
794 469 858 528 Au.
887 470 957 528 1555
1435 469 1493 529 ‘225

254 613 450 679 Viennensi
466 615 625 696 Collegio
641 615 765 695 primis
781 615 865 678 anni
881 616 1061 678 mensibus
1078 624 1245 678 versatus
1263 624 1336 693 est;
1357 630 1482 695 postea

193 789 199 806 ,
258 721 414 802 Pragam
428 740 466 786 se
482 723 647 804 contulit;
664 732 699 785 et
714 738 876 784 seorsum
892 722 935 785 de
950 723 1010 785 illo
1035 731 1070 784 et
1090 721 1133 784 de
1155 723 1245 785 actis
1266 739 1287 784 a
1308 719 1346 784 Ρ.
1366 721 1487 786 Natali

258 830 294 893 in
310 830 504 894 Germania
520 839 658 909 agetur.

318 936 389 1002 650.
433 937 563 1000 Rector
579 936 727 1018 Collegii
743 936 958 1001 Viennensis
979 937 1017 1000 P.
1038 936 1205 1002 Nicolaus
1226 938 1396 1018 Lanoyus
1415 938 1485 1002 hoc

259 1045 367 1108 etiam
382 1062 475 1107 anno
490 1045 567 1123 luit,
584 1045 620 1108 in
632 1061 701 1126 quo
713 1061 772 1108 res
784 1054 926 1108 nostrae
938 1045 975 1108 in
985 1045 1133 1108 Austria
1144 1046 1401 1108 incrementum
1412 1063 1485 1109 non

259 1151 442 1214 minimum
457 1161 683 1232 acceperunt.
700 1151 791 1215 Nam
805 1152 899 1232 quod
915 1152 962 1216 ad
976 1153 1118 1216 scholas
1133 1153 1269 1229 attinet,
1282 1151 1357 1232 jam
1372 1153 1409 1216 in
1423 1153 1486 1215 ini·

259 1261 309 1322 tio
325 1259 409 1321 anni
423 1267 588 1322 creverat
607 1259 903 1322 scholasticorum
925 1269 1154 1323 externorum
1172 1260 1370 1338 multitudo,
1392 1271 1427 1323 et
1446 1262 1483 1323 in

260 1367 414 1446 quinque
439 1366 612 1429 classibus
636 1365 697 1429 250
721 1376 756 1429 et
781 1385 823 1429 eo
848 1368 1001 1447 amplius
1021 1367 1311 1446 numerabantur,
1335 1384 1489 1448 quorum

264 1489 432 1552 magnam
447 1481 596 1552 partem,
613 1473 726 1536 bonus
744 1473 833 1536 odor
853 1473 1067 1552 scholarum,
1091 1491 1136 1536 ex
1160 1474 1272 1537 variis
1292 1471 1491 1554 provinciis

264 1579 444 1644 Viennam
457 1589 693 1659 pertraxerat.
710 1580 821 1642 Erant
836 1581 929 1642 enim
949 1580 1111 1658 Bohemi,
1128 1579 1259 1654 Sclavi,
1275 1580 1440 1660 Hungari
1453 1589 1489 1642 et

263 1686 412 1764 Bavari;
429 1688 538 1750 etalii
554 1696 659 1767 atque
675 1687 733 1749 alii
750 1687 916 1765 quotidie,
933 1688 993 1767 qui
1011 1696 1214 1750 nostrorum
1229 1687 1436 1766 disciplinae
1451 1704 1492 1750 se

262 1791 412 1857 subdere
428 1794 626 1873 cupiebant,
644 1794 877 1874 accedebant;
895 1811 985 1873 quos
999 1811 1042 1857 eo
1056 1795 1221 1858 libentius
1236 1796 1349 1858 nostri
1364 1795 1490 1857 admit·

263 1901 395 1979 tebant,
412 1918 480 1981 quo
496 1901 612 1980 magis
627 1918 688 1963 eos
702 1900 863 1979 indigere
874 1901 969 1963 bona
981 1900 1200 1964 institutione
1211 1901 1391 1980 videbant;
1408 1919 1493 1965 nam

263 2017 390 2088 gentes
403 2007 579 2088 quaedam
598 2025 644 2070 ex
663 2007 732 2070 illis
754 2009 842 2071 satis
862 2008 1026 2072 barbaris
1048 2017 1083 2070 et
1109 2009 1310 2088 agrestibus
1335 2009 1493 2071 moribus

263 2114 446 2195 praeditae
462 2124 580 2192 erant;
597 2123 727 2178 etcum
742 2115 909 2178 militaria
928 2115 1046 2194 magis
1064 2132 1172 2194 quam
1195 2132 1286 2194 quae
1310 2115 1391 2178 fidei
1409 2125 1492 2178 sunt

263 2231 471 2300 tractarent,
492 2222 597 2284 facile
616 2222 653 2284 in
671 2223 891 2302 periculosos
911 2239 1052 2285 errores
1074 2240 1095 2285 a
1114 2222 1286 2285 ministris
1307 2222 1493 2285 daemonis

264 2329 548 2407 adducebantur;
572 2346 653 2392 cum
678 2328 747 2392 illis
773 2329 808 2390 in
833 2329 921 2391 locis
946 2330 1065 2409 palam
1090 2329 1261 2392 haeretici
1281 2330 1490 2408 dogmatum

261 2454 407 2500 suorum
422 2453 600 2499 venenum
616 2437 753 2514 ignaris
768 2436 973 2516 propinent,
991 2437 1086 2516 quod
1102 2453 1145 2499 ex
1163 2437 1340 2517 plerisque
1355 2439 1494 2518 experi-

263 2553 382 2607 mento
397 2544 510 2606 nostri
525 2542 740 2620 didicerunt;
757 2544 817 2622 qui
831 2553 963 2621 tamen,
979 2544 1062 2607 licet
1076 2560 1270 2624 pravorum
1285 2544 1495 2622 dogmatum

265 2652 479 2731 contagione
494 2649 615 2714 insecti
629 2660 760 2729 essent,
778 2651 837 2715 ubi
858 2651 901 2716 de
920 2651 1072 2715 veritate
1092 2661 1127 2715 et
1146 2651 1308 2715 doctrina
1328 2650 1489 2715 christia·

264 2777 332 2822 nae
347 2758 427 2822 fidei
444 2776 465 2821 a
480 2758 623 2837 nostris,
636 2768 715 2821 -tum
735 2760 770 2822 in
790 2760 977 2839 colloquiis
995 2758 1240 2837 familiaribus
1261 2770 1336 2822 tum
1358 2761 1494 2838 praeci-

265 2884 333 2947 pue
367 2866 403 2929 in
436 2864 659 2928 consessione
683 2874 800 2929 essent
827 2866 1013 2943 instructi,
1045 2867 1216 2945 plurimos
1241 2883 1382 2929 errores
1410 2866 1495 2947 abji-

266 2974 422 3051 ciebant,
440 2983 474 3035 et
488 2974 666 3035 sinceram
680 2972 785 3035 fidem
801 2990 842 3035 ac
859 2973 1065 3051 religionem
1080 2972 1294 3035 catholicam
1309 2974 1495 3053 amplecte-

265 3081 405 3143 bantur.

326 3187 396 3250 651.
440 3186 693 3250 Reddebantur
708 3196 826 3249 autem
841 3188 877 3249 hi
903 3187 1110 3251 scholastici
1123 3189 1160 3251 in
1182 3188 1258 3251 dies
1283 3191 1497 3268 paratiores,

267 3296 313 3359 ad
334 3293 568 3358 confessionis
590 3303 625 3356 et
645 3294 892 3357 Eucharistiae
915 3292 1165 3379 Sacramenta,
1181 3307 1216 3358 et
1235 3294 1392 3373 juniores
1412 3314 1497 3360 con·

266 3401 434 3465 fessionis
449 3419 535 3482 prae
551 3401 702 3464 caeteris
717 3411 817 3463 erant
829 3401 990 3478 studiosi,
1003 3402 1062 3481 qui
1074 3403 1181 3464 etiam
1193 3402 1237 3465 ad
1249 3420 1391 3467 sacram
1403 3422 1498 3467 com-

264 3510 468 3573 munionem
492 3506 755 3587 suscipiendam
781 3524 912 3587 magna
938 3507 1069 3587 pietate
1094 3508 1353 3586 afficiebantur3
1381 3512 1498 3591 etqui

267 3617 479 3680 maturuisse
495 3614 540 3677 ad
555 3614 591 3678 id
605 3614 817 3678 videbantur
833 3615 928 3693 (nam
943 3616 1152 3691 habebatur,
1169 3629 1207 3679 ut
1221 3626 1388 3697 parerat,
1402 3629 1497 3682 aeta·

267 3724 313 3786 tis
329 3722 443 3800 ratio),
461 3722 506 3785 ad
520 3722 784 3802 perceptionem
799 3723 1014 3786 sanctissimi
1027 3723 1130 3802 hujus
1146 3726 1361 3789 sacramenti
1376 3724 1499 3789 admit·

267 3832 443 3894 tebantur.
462 3827 662 3908 Pergebant
677 3838 795 3917 autem
811 3830 875 3905 illi,
894 3832 1001 3893 etiam
1020 3849 1092 3893 non
1114 3831 1248 3912 rogati,
1271 3833 1381 3895 libros
1402 3850 1501 3909 suos,

267 3938 310 4002 de
325 3937 465 4000 haeresi
480 3942 676 4015 suspectos
695 3937 829 3999 nostris
844 3937 1112 4017 examinandos,
1126 3948 1161 4001 et
1176 3940 1206 4002 si
1220 3949 1410 4019 oporteret,
1423 3940 1502 4019 igni

266 4042 460 4109 tradendos
474 4042 576 4121 dare,
593 4043 629 4105 in
644 4059 797 4122 quorum
816 4045 934 4133 locum
950 4062 971 4107 a
986 4046 1123 4108 nostris
1136 4046 1316 4109 Hortulos
1334 4046 1497 4122 animae,

267 4150 440 4215 Gersonis
457 4146 478 4227 ¹,
495 4158 528 4211 et
543 4149 621 4229 pios
633 4148 667 4211 id
678 4151 821 4227 generis
836 4151 973 4213 libellos
988 4153 1223 4232 accipiebant,
1236 4154 1363 4233 quibus
1377 4155 1500 4231 legen-

266 4259 321 4322 dis
336 4258 446 4321 multo
458 4256 532 4337 jam
548 4256 673 4335 magis,
690 4273 796 4336 quam
811 4258 909 4337 prius
925 4259 1131 4337 haereticiS,
1149 4259 1428 4323 delectabantur.
1451 4260 1498 4323 Et

266 4366 304 4429 iu
314 4375 437 4428 tenera
450 4364 509 4426 illa
521 4372 637 4426 aetate
650 4363 735 4426 nihil
750 4364 851 4442 sellis,
865 4346 952 4429 nihil
964 4368 1223 4444 contumaciae,
1236 4368 1322 4430 nihil
1333 4368 1501 4431 elationis

267 4473 490 4547 cernebatur;
507 4470 569 4533 sed
584 4471 682 4549 pueri
698 4488 845 4551 prorsus
859 4473 1048 4552 simplices,
1062 4474 1204 4537 candidi
1220 4486 1254 4537 et
1270 4474 1313 4537 ad
1331 4475 1499 4555 pietatem

310 4716 318 4747 ¹
349 4712 415 4758 Vldc
427 4714 547 4758 Litterae
557 4714 786 4773 Quaarnnestres,
798 4727 816 4762 t.
828 4730 863 4768 ιιι,
877 4732 935 4773 pag.
947 4719 996 4772 209,
1008 4726 1096 4763 annot.
1108 4720 1117 4761 l
1130 4725 1155 4762 ct
1167 4720 1187 4762 2.

434 4803 472 4858 T.
490 4820 519 4884 v,
