3717 5400
361 479 418 538 318
826 477 954 537 Canon.
976 476 1052 536 Soc.
1073 477 1144 548 jas.

364 627 518 689 fornaci
532 627 686 705 agebant
702 641 782 688 cum
798 641 868 687 uno
883 625 942 686 vel
956 624 1081 700 altero,
1094 622 1154 702 qui
1165 623 1217 684 eis
1229 622 1430 696 inserviret,
1447 639 1493 684 ex
1510 623 1600 685 redi·

364 735 456 796 tibus
471 734 703 796 canonicatus
718 731 833 794 Patris
848 730 1006 810 Quintini
1022 730 1332 805 sustentabantur;
1355 739 1391 790 et
1412 741 1599 808 supererat

365 840 457 903 unde
468 840 587 902 multis
602 839 814 920 pauperibus
826 840 1074 916 eleemosynae
1085 837 1315 900 donarentur.
1328 835 1478 898 Romam
1490 836 1597 899 etiam

364 948 431 1010 hoc
447 965 540 1010 anno
559 947 595 1009 in
611 946 758 1025 Collegii
778 947 1040 1023 eleemosynam
1061 943 1102 1005 40
1123 942 1274 1005 ducatos
1294 942 1400 1005 misit.
1423 942 1598 1023 Cupiebat

363 1055 504 1134 quidem
516 1071 618 1117 suum
630 1054 726 1116 illum
740 1055 988 1116 canonicatum
1004 1052 1188 1130 resignare
1201 1047 1238 1110 P.
1252 1047 1453 1128 Quintinus,
1467 1068 1489 1111 a
1500 1067 1570 1131 quo
1590 1053 1596 1078 ¹

364 1171 563 1241 postquam
579 1161 667 1224 liber
685 1168 790 1238 esset,
811 1159 1067 1240 professionem
1082 1160 1245 1222 emittere
1260 1177 1282 1221 a
1295 1156 1333 1220 P.
1354 1157 1494 1236 ignatio
1518 1175 1598 1220 con-

362 1284 504 1331 cessum
518 1279 605 1344 erat,
620 1266 682 1329 sed
698 1267 763 1330 hoc
779 1284 873 1329 anno
888 1267 984 1329 nulla
999 1283 1039 1328 se
1051 1266 1175 1328 obtulit
1187 1266 1330 1329 occasio
1343 1268 1400 1326 vel
1415 1264 1597 1343 resignan-

354 1375 410 1452 di,
425 1377 493 1448 vel,
511 1375 604 1454 quod
619 1375 694 1454 ipse
709 1375 864 1452 optabat,
882 1372 1124 1435 commutandi
1139 1391 1220 1435 cum
1243 1373 1323 1434 aliis
1345 1371 1598 1434 ecclesiasticis

364 1482 544 1558 reditibus,
561 1483 620 1562 qui
636 1481 681 1544 ad
696 1481 934 1545 Tornaceasis
954 1480 1103 1560 Collegii
1117 1480 1371 1557 fundationem,
1396 1481 1451 1541 vel
1473 1480 1598 1542 saltem

364 1589 579 1652 fundationis
595 1589 743 1666 initium,
761 1589 994 1651 deservirent.

420 1695 492 1758 864.
535 1695 680 1758 Miserat
695 1695 880 1758 Bruxellas
896 1695 1029 1775 aliquot
1051 1695 1214 1773 exempla
1227 1692 1384 1771 iubilaei,
1407 1711 1451 1754 ex
1470 1692 1598 1771 quibus

364 1821 470 1866 unum
486 1803 597 1865 voluit
613 1821 633 1865 a
648 1803 692 1865 D.
706 1802 868 1864 Fontana
883 1802 1009 1880 accipi,
1038 1803 1098 1880 qui
1124 1801 1264 1863 curavit
1290 1817 1354 1879 per
1369 1798 1570 1861 Parochum
1588 1799 1599 1827 ¹

363 1909 508 1989 majoris
526 1910 696 1973 ecclesiae
713 1909 952 1972 Bruxeliensis
968 1908 1053 1970 illud
1066 1907 1290 1970 manifestari
1313 1917 1348 1968 et
1363 1907 1470 1968 etiam
1489 1908 1599 1968 sacel-

365 2021 445 2080 lano
461 2015 472 2047 ⁸
488 2017 714 2096 imperatoris
737 2028 770 2078 et
785 2016 921 2078 Nuncio
937 2016 1139 2094 apostolico
1155 2012 1168 2042 ⁴
1182 2012 1257 2092 ejus
1281 2013 1522 2076 concessionis
1541 2011 1599 2074 de-

365 2123 415 2186 dit
430 2125 602 2202 notitiam,
621 2141 711 2204 quae
728 2143 748 2185 a
763 2123 854 2205 Julio
870 2122 918 2185 lli
934 2122 1031 2185 facta
1049 2131 1141 2199 erat;
1167 2131 1201 2183 et
1223 2137 1348 2183 omnes
1367 2137 1409 2182 ea
1429 2121 1483 2181 usi
1504 2129 1595 2187 snnt;

356 2247 445 2293 nam
462 2229 663 2311 hujusmodi
678 2229 918 2292 concessionis
928 2246 1002 2290 non
1020 2244 1152 2307 magna
1168 2227 1364 2289 habebatur
1377 2226 1467 2288 ratio
1481 2227 1516 2288 in
1531 2226 1598 2288 illis

364 2338 462 2416 lociS,
481 2338 528 2400 ita
541 2355 666 2417 parum
682 2337 829 2400 sollicite
845 2338 1010 2416 exempla
1025 2351 1146 2397 earum
1163 2352 1204 2396 eo
1225 2333 1558 2396 transmittebantur
1573 2329 1596 2389 ⁸.

422 2443 493 2506 865.
538 2443 605 2505 Pro
619 2460 748 2522 magno
760 2443 867 2505 etiam
878 2441 1049 2504 beneficio
1059 2440 1210 2502 ducebat
1223 2440 1316 2504 idem
1325 2439 1500 2515 Fontana,
1515 2440 1597 2501 dum

365 2567 427 2630 per
442 2568 520 2612 eum
538 2551 675 2613 litterae
691 2551 815 2613 crebro
828 2550 873 2612 ad
888 2559 1032 2611 nostros
1048 2548 1281 2625 mitterentur,
1297 2557 1334 2610 ut
1347 2564 1437 2628 quae
1449 2546 1495 2608 ad
1507 2546 1597 2609 aedi·

363 2657 562 2721 ficationem
577 2657 797 2737 spectabant,
816 2656 847 2719 ei
870 2667 1016 2736 apertae
1036 2654 1260 2718 mitterentur
1274 2651 1304 2732 θ;
1325 2663 1359 2717 et
1380 2662 1522 2734 praeter
1541 2653 1598 2716 be·

363 2766 601 2827 nevolentiam
617 2780 703 2843 erga
718 2763 942 2837 Societatem,
960 2780 1051 2842 quae
1071 2763 1108 2825 in
1127 2780 1169 2825 eo
1189 2761 1420 2837 nutriebatur,
1446 2770 1480 2823 et
1498 2761 1598 2824 favo·

365 2888 498 2934 remae
521 2870 701 2948 auxilium,
731 2888 822 2949 quae
850 2870 1005 2949 negotiis
1020 2869 1149 2931 nostris
1178 2878 1338 2930 amanter
1359 2868 1594 2947 impendebat,

363 2995 446 3041 cum
475 2977 628 3040 fructum
642 2996 687 3041 ex
703 2978 861 3056 collegiis
881 2976 1151 3056 provenientem
1171 2975 1321 3052 videret,
1346 2991 1519 3038 accensus
1544 2984 1598 3037 est

365 3085 411 3147 ad
426 3084 857 3163 CollegiumTurritanum
869 3085 925 3145 vel
947 3081 1162 3146 Sassarense
1184 3098 1249 3143 suo
1270 3091 1483 3144 testamento
1501 3082 1597 3143 insti·

406 3422 414 3454 ¹
444 3422 491 3467 lis.
501 3424 580 3467 habet
590 3426 644 3475 eui:
653 3434 741 3467 sensus
753 3428 840 3467 tamen
850 3429 876 3465 et
887 3422 1007 3478 syntaxis
1017 3421 1124 3473 exigunt
1135 3426 1163 3463 ut
1173 3420 1306 3463 scribatur
1315 3430 1332 3461 a
1343 3430 1400 3471 orco.
1412 3418 1458 3463 Est
1470 3432 1533 3475 ergo
1542 3432 1598 3464 sen-

364 3506 408 3537 sus
418 3506 572 3539 concessum
577 3496 668 3550 fuisse
682 3495 757 3538 Patri
768 3494 897 3545 Quintiae
908 3504 924 3535 a
939 3492 1022 3535 Patre
1033 3492 1138 3544 ignatio
1148 3491 1348 3545 professionem
1364 3493 1489 3535 emittere
1503 3494 1598 3536 statim

365 3576 397 3608 ac
407 3566 476 3609 liber
486 3578 501 3609 a
512 3568 672 3611 canonicatu
683 3577 739 3616 suo,
750 3566 827 3609 illum
840 3564 1013 3616 resignando,
1024 3564 1159 3607 evaderet.
1174 3563 1241 3605 Hinc
1250 3569 1338 3606 autem
1353 3574 1448 3606 norum
1464 3574 1599 3617 argumen-

356 3644 419 3681 *tum
429 3639 484 3681 erni
496 3648 580 3693 potest
591 3639 717 3681 adversus
728 3646 861 3682 auctorem
873 3637 1004 3679 Historiae
1013 3636 1194 3689 Tornacensis,
1205 3634 1305 3677 Dnurn.
1317 3634 1423 3686 cousin,
1433 3635 1465 3677 de
1476 3647 1524 3689 quo
1533 3637 1598 3679 haec

367 3708 517 3763 Drnrcacn,
533 3712 549 3753 l.
567 3722 596 3761 c..
615 3722 674 3763 pag.
691 3710 725 3761 25,
736 3716 823 3753 annot.
835 3710 864 3753 2.:
880 3709 1021 3762 “Toujours
1037 3708 1090 3750 fort
1105 3715 1196 3758 exact,
1213 3706 1316 3756 cousin,
1330 3713 1440 3750 commet
1457 3708 1599 3752 seulement

366 3781 475 3825 ferrent
485 3781 516 3824 de
528 3782 675 3825 considerer
691 3784 714 3825 le
732 3781 762 3824 P.
776 3782 902 3825 Charlart
919 3791 1016 3823 comme
1034 3780 1235 3832 n'appartenant
1249 3781 1266 3821 a
1279 3779 1305 3821 la
1323 3777 1482 3831 campagnia
1499 3790 1548 3832 que
1565 3780 1599 3823 de

366 3862 445 3895 coeur
455 3855 481 3895 et
488 3852 653 3909 d'assecft'on.
665 3852 686 3896 ll
696 3854 792 3897 semble
804 3853 907 3907 ignoret
917 3862 965 3894 son
974 3851 1063 3905 sejour
1072 3852 1089 3893 a
1097 3850 1186 3902 Rome;
1198 3860 1235 3899 or,
1245 3850 1354 3903 quoique
1366 3850 1390 3891 le
1398 3849 1464 3892 Pete
1475 3850 1545 3893 n'eat
1552 3862 1599 3904 pas

365 3922 413 3965 fait
424 3924 461 3966 les
471 3924 602 3967 dernieres
613 3936 698 3972 voeux.
709 3926 726 3967 il
738 3924 803 3967 etalt
816 3924 945 3967 rrairnent
957 3923 1087 3975 religieux
1097 3922 1128 3964 de
1140 3921 1263 3971 l'Ordre.,

406 3994 417 4024 ²
445 3994 588 4039 Emendate
598 4002 656 4039 sunt
668 3996 731 4038 haec
742 3996 832 4047 verba,
844 4006 889 4037 nec
900 3995 967 4039 satis
977 3995 1059 4047 liquet
1070 3994 1130 4046 quid
1142 3993 1246 4036 tandem
1256 3992 1393 4045 legandum
1407 3992 1449 4041 sit.
1458 3998 1511 4046 per
1522 3992 1600 4035 Paro

366 4066 454 4115 anum,
465 4068 507 4109 vel
518 4078 534 4109 a
545 4066 672 4117 Parocho,
684 4068 726 4110 vei
737 4066 862 4110 Parocfro.

406 4138 418 4170 ³
444 4137 490 4181 Ms.
501 4139 580 4183 habet
591 4138 701 4189 sacella·
711 4138 810 4182 rectius
820 4146 905 4182 tamen
922 4138 1026 4181 videtur
1037 4137 1183 4181 sacellano.
1202 4135 1258 4179 Non
1273 4146 1339 4179 unus
1354 4143 1411 4179 erat
1427 4137 1453 4179 in
1468 4137 1540 4180 curia
1555 4136 1602 4179 sed

367 4212 453 4263 plnres
463 4210 612 4255 sacerdotes
622 4212 670 4254 hoc
681 4212 783 4254 nomine
793 4210 948 4253 sacellarius
958 4209 1094 4263 appellati.
1105 4209 1171 4252 Item
1182 4220 1232 4250 non
1240 4218 1318 4250 unum
1326 4208 1371 4250 scd
1379 4209 1429 4251 duo
1437 4217 1513 4251 erant
1521 4208 1600 4261 Impe-

366 4283 463 4327 ratoris
473 4284 571 4326 sacella
581 4282 730 4336 (chapelle),
741 4294 863 4336 magnum
871 4290 896 4326 et
906 4292 1026 4337 parvum.
1037 4281 1078 4325 Illi
1089 4288 1212 4335 praeerat
1224 4292 1290 4323 anno
1300 4280 1352 4323 1517
1360 4280 1459 4323 Maitre
1471 4280 1601 4323 Corneillr·

367 4354 400 4397 tie
410 4353 491 4403 Heni,
502 4354 614 4396 Provost
622 4354 655 4397 de
665 4354 692 4396 la
702 4354 837 4408 chapelle·
845 4354 903 4398 huic
913 4353 1014 4397 Maure
1023 4353 1114 4396 Odard
1123 4354 1156 4395 de
1166 4351 1331 4405 Barsaqnes,
1341 4352 1433 4394 Grand
1442 4352 1598 4395 Anmonr'er.

368 4426 493 4475 Heraens,
506 4424 682 4479 Supptement
693 4425 877 4478 auxeropnees
886 4426 922 4467 du
933 4425 1068 4476 Bradanl,
1078 4434 1097 4469 t.
1109 4436 1125 4476 r,
1138 4424 1181 4467 lib.
1191 4434 1229 4468 ιιι.

406 4493 418 4525 ⁴
445 4494 512 4539 Vide
521 4508 609 4551 supra,
621 4505 639 4541 t.
650 4509 685 4551 iv,
696 4507 757 4551 pag.
767 4497 814 4545 288,
825 4508 849 4539 n.
860 4496 907 4549 att,
920 4505 1009 4540 annot.
1021 4498 1041 4540 1.

407 4566 418 4599 ὅ
445 4566 540 4611 Sensus
549 4576 588 4611 est
599 4568 655 4612 ideo
665 4568 793 4622 ignatium
804 4568 973 4611 solicitiorem
983 4568 1062 4612 fuisse
1073 4569 1099 4611 in
1110 4568 1243 4612 mittendis
1253 4568 1392 4611 Bruxellaa
1401 4568 1552 4621 apostolicis
1568 4568 1599 4611 de

362 4640 478 4690 -iubilaeo
488 4638 589 4687 litteris.
599 4640 659 4692 qula
670 4640 752 4683 minus
763 4640 798 4684 ibi
807 4640 834 4683 in
845 4640 893 4683 hac
905 4647 980 4693 parte
991 4641 1037 4683 alii
1048 4648 1124 4683 erant
1136 4640 1239 4684 soliciti.

407 4706 418 4741 ⁸
446 4708 512 4752 Vide
525 4708 619 4753 Cantus
633 4710 665 4753 de
678 4710 732 4753 San
744 4711 861 4765 Ignacio,
872 4718 888 4756 t.
902 4712 1052 4766 v1,pag.81.
