3717 5400
308 460 362 519 534
768 460 895 523 Canon.
916 463 993 523 Soc.
1010 465 1080 537 jus.

311 606 446 670 alendis
471 607 605 689 reditus
631 606 766 688 aliquos
787 607 1042 673 destinaverat.
1067 609 1255 674 informem
1277 611 1398 692 itaque
1421 628 1541 691 quam-

310 715 393 777 dam
409 714 550 795 collegii
566 715 739 778 rationem
755 718 873 780 animo
894 718 1158 799 praecogitans
1179 715 1216 781 id
1235 718 1427 798 prudenter
1446 718 1539 796 lecit,

308 820 404 901 quod
431 840 492 901 per
519 822 807 886 concionatorem
832 824 1020 903 quemdam
1045 834 1080 887 et
1105 825 1298 905 doctorem,
1328 826 1539 905 cognomine

308 928 481 991 Verdolai
499 926 520 1007 ¹,
536 927 678 992 Patrem
694 930 890 1010 Baptistam
913 931 957 995 de
981 930 1123 1009 Barma,
1148 932 1184 995 in
1203 933 1434 1011 gubernanda
1456 932 1539 996 Pro·

309 1036 429 1099 vincia
442 1035 648 1115 Aragoniae
660 1035 697 1099 P.
711 1037 861 1101 Stradae
874 1040 1011 1101 socium
1026 1036 1048 1118 ²,
1065 1037 1111 1101 ad
1122 1056 1160 1103 se
1175 1039 1353 1118 evocavit,
1366 1040 1437 1120 qui,
1454 1038 1538 1103 Cae-

308 1151 546 1222 saraugustae
567 1143 700 1207 relictis
726 1145 870 1224 nostris,
898 1156 978 1227 post
1002 1144 1235 1209 Pentecosten
1253 1164 1317 1226 per
1336 1145 1539 1210 Gandiense

308 1247 533 1331 [Collegium]
558 1250 731 1315 Murciam
758 1270 837 1315 cum
861 1253 998 1316 duobus
1018 1254 1264 1317 sacerdotibus
1285 1264 1319 1315 et
1339 1270 1409 1317 uno
1430 1253 1540 1316 fratre

309 1358 400 1420 laico
416 1355 427 1387 ³
442 1357 621 1437 proiectus
637 1370 704 1438 est,
720 1370 757 1422 ut
772 1361 898 1423 melius
913 1360 999 1440 quid
1013 1360 1081 1423 sihi
1103 1362 1209 1423 vellet
1223 1361 1423 1441 Episcopus
1442 1360 1540 1423 intel·

305 1466 446 1544 ligaret,
464 1473 498 1527 et
516 1472 553 1526 ut
573 1463 728 1545 ejusdem
744 1467 879 1530 bonam·
895 1466 1128 1547 voluntatem,
1147 1467 1204 1531 ubi
1220 1484 1310 1548 opus
1324 1477 1430 1545 esset,
1444 1468 1541 1531 circa

307 1572 565 1635 institutionem
581 1572 723 1653 collegii
741 1572 921 1652 dirigeret.

371 1678 458 1741 1457.
502 1677 605 1742 Prius
621 1689 740 1743 tamen
756 1698 863 1761 quam
879 1679 947 1743 hoc
964 1682 1032 1745 iter
1042 1681 1249 1759 susciperet,
1268 1681 1457 1761 collegium
1468 1680 1539 1745 Va·

306 1786 479 1849 lentinum
498 1795 533 1849 et
553 1786 756 1850 Gandiense
776 1804 841 1868 pro
864 1786 970 1850 officii
995 1790 1049 1851 sui
1074 1788 1212 1851 ratione
1236 1788 1477 1867 perlustravit,
1505 1798 1540 1851 et

305 1894 447 1974 aliquas
462 1893 653 1957 conciones
668 1893 735 1956 illis
751 1894 786 1957 in
802 1895 941 1975 populis
956 1894 1092 1976 habuit;
1109 1895 1172 1958 sed
1185 1895 1378 1975 profectus
1395 1903 1433 1958 ut
1452 1895 1537 1974 dixi,

306 2011 388 2079 post
403 2000 492 2063 festa
508 2000 746 2077 PentecosteS,
771 2002 852 2065 licet
875 2012 996 2065 aestus
1015 2013 1133 2065 essent
1152 2018 1284 2081 graves
1303 2012 1338 2065 et
1356 2003 1422 2065 iter
1444 2002 1539 2065 labo·

306 2109 452 2187 riosum,
473 2108 626 2171 evadere
646 2127 716 2172 non
742 2109 855 2189 potuit
879 2109 1157 2189 praedicationis
1179 2127 1307 2173 munus
1329 2110 1540 2189 quibusdam

309 2215 460 2294 inlociS,
488 2233 508 2277 a
534 2216 661 2295 quibus
680 2226 805 2279 sancta
833 2215 988 2295 quadam
1014 2216 1281 2296 importunitate
1309 2217 1538 2301 invitabatur.

308 2320 378 2384 Sed
401 2339 568 2401 magnam
593 2323 629 2386 in
652 2323 710 2385 illo
731 2340 841 2403 regno
864 2323 1024 2386 Murciae
1039 2340 1191 2386 messem
1206 2322 1325 2403 etjam
1341 2324 1459 2387 albam
1473 2324 1540 2387 sibi

305 2447 455 2493 cernere
483 2428 693 2508 videbatur,
724 2439 758 2492 et
790 2430 833 2492 de
862 2428 1040 2493 Societate
1068 2446 1235 2510 magnam
1264 2432 1393 2494 ibidem
1421 2431 1538 2494 existi·

308 2536 500 2600 mationem
529 2536 674 2599 invenit.
710 2535 791 2616 Ipsa
821 2554 907 2617 ergo
933 2538 1058 2617 vigilia
1088 2538 1258 2617 Corporis
1285 2537 1419 2601 Christi
1446 2538 1538 2601 Mur·

306 2643 399 2706 ciam
415 2645 589 2724 pervenit,
607 2653 700 2706 etue
717 2643 955 2708 offenderetur
970 2645 1169 2726 Episcopus
1184 2655 1217 2707 et
1232 2644 1377 2725 quidam
1396 2663 1441 2708 ex
1463 2643 1540 2726 ejus

306 2750 488 2830 ministris
513 2751 572 2829 qui
592 2749 631 2813 P.
654 2749 854 2832 Baptistam
875 2752 1084 2830 deducebat,
1108 2771 1180 2815 non
1204 2752 1249 2814 ad
1268 2739 1539 2832 hospitale,'sed

308 2857 354 2921 ad
368 2857 512 2920 domum
527 2858 638 2939 ipsius
652 2860 820 2940 Episcopi
835 2871 934 2922 recta
950 2869 1195 2940 perrexerunt,
1212 2859 1271 2937 qui
1291 2859 1430 2922 ardenti
1450 2859 1537 2922 desi·

307 2964 406 3027 derio
421 2975 562 3028 nostros
577 2969 796 3046 expectabat,
814 2967 874 3047 qui
889 2977 1031 3030 nostros
1052 2966 1307 3029 humanissime
1328 2965 1482 3045 hospitio
1503 2979 1538 3029 et

307 3090 429 3135 mensa
442 3089 506 3135 sua
520 3074 713 3154 excipiens
728 3075 1051 3137 commodissimam
1066 3074 1191 3136 domus
1206 3085 1343 3152 partem
1355 3073 1442 3152 ipsis
1454 3074 1538 3136 assi·

304 3179 442 3258 gnavit,
460 3178 518 3241 ubi
534 3181 643 3260 ipsius
659 3189 735 3242 erat
751 3182 930 3256 sacellum,
947 3191 985 3242 ut
999 3190 1144 3259 possent
1156 3180 1205 3244 ihi
1216 3179 1345 3242 Missas
1357 3181 1538 3245 celebrare

303 3295 340 3348 et
355 3297 456 3350 extra
472 3287 626 3350 familiae
641 3287 828 3365 strepitum
844 3305 893 3366 se,
911 3304 997 3351 cum.
1008 3290 1149 3366 vellent,
1167 3290 1347 3368 colligere.

368 3392 456 3456 1458.
501 3393 674 3458 Postridie
690 3402 855 3474 coeptum
870 3406 922 3456 est
939 3394 981 3456 de
997 3395 1137 3473 collegii
1159 3397 1381 3459 institutione
1405 3397 1475 3476 agi.
1499 3395 1538 3458 ln

303 3519 348 3564 ea
373 3510 457 3565 tunc
483 3512 560 3564 erat
586 3501 761 3565 sententia
783 3501 982 3581 Episcopus
1003 3511 1040 3563 ut
1060 3500 1303 3566 fundationem
1324 3504 1536 3581 institueret,

305 3609 441 3672 reditus
456 3610 550 3672 mille
567 3626 766 3671 annuorum
781 3608 992 3671 ducatorum
1008 3618 1041 3671 et
1055 3626 1096 3671 eo
1108 3609 1273 3688 ampliuS,
1286 3619 1325 3672 ut
1336 3611 1465 3688 viginti
1476 3610 1537 3673 ho·

304 3715 418 3779 mines
433 3726 577 3778 nostrae
593 3715 781 3779 Societatis
796 3717 988 3794 alerentur,
1005 3733 1050 3778 ex
1066 3715 1192 3795 quibus
1214 3715 1399 3780 duodecim
1420 3733 1536 3782 sacer-

304 3823 408 3886 dotes
434 3833 564 3901 essent,
593 3822 652 3902 qui
674 3820 747 3901 jam
776 3823 903 3886 studiis
929 3822 1002 3884 suis
1026 3822 1204 3900 perfuncti
1227 3830 1263 3886 et
1287 3823 1323 3887 in
1348 3824 1538 3887 virtutibus

306 3929 461 4010 probati,
489 3947 551 4010 per
572 3930 826 4010 Episcopatum
846 3928 1181 4008 Carthaginiensem
1202 3930 1309 3992 certis
1328 3929 1537 4010 quibusdam

306 4037 524 4117 temporibus
539 4046 782 4114 excurrerent,
800 4047 834 4098 et
850 4037 1046 4100 ministeria
1062 4034 1232 4100 Societati
1248 4048 1417 4100 consueta
1439 4055 1538 4101 exer·

305 4153 440 4222 cerent,
457 4157 491 4206 et
507 4145 714 4224 obligationi
729 4144 841 4224 ipsius
855 4144 1023 4224 Episcopi
1044 4161 1109 4224 pro
1123 4145 1218 4207 virili
1237 4153 1337 4223 parte
1358 4144 1538 4208 satisface-

346 4346 354 4380 ¹
384 4347 450 4391 l'lde
460 4359 548 4402 supra,
559 4355 579 4392 t.
589 4359 625 4400 ιν,
635 4359 695 4402 pag.
704 4348 753 4398 345,
764 4360 789 4392 ιι.
799 4348 847 4398 736,
859 4353 884 4391 et
893 4356 981 4392 annot.
991 4349 1014 4391 4.

345 4419 356 4451 ¹
384 4418 451 4462 Vide
464 4431 551 4474 supra,
564 4426 581 4463 t.
591 4431 627 4473 ιν,
638 4431 699 4474 pag.
708 4419 757 4470 «182.
768 4431 793 4463 ιι.
806 4418 864 4472 1019;
876 4419 936 4462 etin
946 4419 995 4463 hoc
1006 4425 1025 4462 t.
1035 4431 1061 4471 v,
1072 4431 1133 4474 pag.
1142 4420 1191 4473 369,
1202 4421 1273 4465 naar
1281 4427 1307 4464 et
1316 4433 1377 4475 pag.
1386 4421 1435 4475 ³86,
1443 4432 1467 4465 n.
1477 4420 1539 4465 10⁴6.

347 4491 358 4522 ³
386 4492 501 4546 Quinque
512 4491 591 4535 fuisse
603 4491 690 4534 Patris
701 4492 836 4546 Baptistae
851 4491 881 4533 de
893 4490 990 4534 Barma
1005 4492 1088 4534 socios
1103 4492 1141 4535 alt
1152 4493 1288 4547 Attum,
1304 4493 1427 4536 Historia
1442 4505 1489 4537 ms.
1505 4493 1539 4536 de

304 4565 332 4606 la
346 4566 489 4619 provincia
500 4563 532 4606 de
544 4563 659 4616 aragon,
669 4564 713 4606 lib.
725 4573 742 4618 ι,
754 4574 810 4617 cap.
821 4563 855 4615 t7,
867 4571 895 4606 ut
906 4569 933 4605 et
944 4561 972 4605 P.
982 4562 1174 4615 Rrvanartaraa,
1186 4563 1309 4606 Historia
1320 4576 1366 4608 ms.
1383 4565 1416 4608 de
1425 4564 1453 4608 la
1463 4565 1538 4608 Asis·

304 4637 394 4680 tancia
406 4636 438 4679 da
449 4635 571 4689 aspare,
581 4636 625 4678 lib.
634 4645 660 4688 n,
676 4647 735 4690 cap.
752 4635 788 4678 13.
803 4635 900 4678 Neuter
916 4643 1003 4678 tamen
1018 4645 1107 4678 eorum
1122 4636 1225 4680 nomina
1241 4636 1450 4690 profert.-Unus
1464 4643 1538 4684 certo

296 4709 355 4752 vtuit
369 4708 540 4765 Hieronymus
551 4707 582 4750 de
595 4707 715 4761 Ripalda.
726 4704 793 4750 Vide
807 4707 925 4750 Litterae
936 4705 1167 4759 Quadrr'mestres,
1177 4715 1197 4752 t.
1206 4719 1243 4760 ιιι,
1253 4711 1373 4764 pag-671.
