3717 5400
797 485 861 546 An.
884 487 969 560 1555,
1453 487 1491 548 59

252 631 338 696 tarii
351 649 395 695 ac
409 631 531 696 fratris
545 632 659 696 nostri
673 639 695 712 ¹,
713 650 735 696 a
747 631 785 696 P.
801 631 939 713 ignatio
954 633 1194 719 obtinuerunt.
1208 632 1414 714 Opportune
1428 649 1490 696 an-

254 747 328 802 tem
347 739 415 802 hoc
436 737 562 802 favore
583 738 784 828 Cardinalis
806 738 1046 803 Ferrariensis
1070 740 1184 803 nostri
1205 753 1290 803 tunc
1313 739 1368 802 usi
1393 748 1488 819 sunt;

254 861 340 909 nam
354 845 461 925 paulo
475 854 567 925 post,
584 861 666 910 cum
681 843 790 910 Paulo
805 844 974 911 Pontifice
988 845 1146 910 Maximo
1165 845 1365 910 Cardinalis
1381 844 1487 924 idem,

253 951 430 1033 quasdam
445 950 489 1034 ob
504 969 644 1030 causas,
665 968 792 1033 parum
812 960 938 1032 gratus
956 961 1068 1031 esset,
1091 953 1124 1016 ei
1146 951 1492 1016 administrationem

254 1058 414 1122 civitatis
428 1057 647 1140 Tyburtinae
662 1058 794 1123 ademit
808 1058 840 1144 ’.ι

320 1165 385 1230 125.
429 1165 470 1230 In
483 1165 636 1230 ecclesia
649 1173 774 1230 nostra
784 1163 867 1229 spe
883 1165 1018 1230 Mariae
1030 1164 1088 1228 del
1099 1166 1221 1228 Passo
1232 1165 1405 1230 heremita
1415 1167 1490 1246 qui·

253 1271 339 1337 dam
353 1273 566 1337 constitutus
580 1281 645 1350 est,
662 1281 701 1336 ut
714 1283 876 1353 apertam
889 1272 1061 1337 ecclesiae
1075 1282 1217 1352 portam
1231 1282 1352 1337 tenere
1366 1283 1490 1352 posset

207 1405 210 1408 ·
253 1387 292 1442 et
306 1378 450 1443 domum
465 1379 677 1456 inhabitare,
693 1396 738 1443 ac
751 1379 804 1442 sic
817 1387 962 1442 nostros
975 1396 1018 1441 eo
1034 1379 1157 1442 labore
1171 1379 1303 1444 levare.

321 1484 388 1549 126.
432 1485 574 1550 Mortua
587 1493 642 1548 est
655 1485 724 1549 hoc
740 1500 834 1548 anno
849 1483 1018 1564 religiosa
1034 1501 1077 1548 ac
1092 1483 1224 1548 devota
1247 1485 1403 1548 foemina
1422 1486 1491 1551 Lu·

251 1591 313 1655 cia
324 1591 479 1672 Cynthia
492 1589 515 1670 ⁵,
528 1607 621 1671 quae
631 1591 774 1655 hortum
787 1607 869 1654 cum
879 1590 987 1655 vinea
1005 1590 1156 1670 collegio
1173 1589 1372 1672 Tyburtino
1384 1592 1491 1656 dona·

254 1708 372 1776 verat,
383 1699 550 1777 quamvis
563 1696 708 1778 quidam
719 1695 795 1776 ejus
805 1697 1105 1776 consanguineae,
1115 1708 1154 1760 ut
1165 1700 1308 1775 assolet,
1321 1698 1492 1780 impedire

255 1804 381 1882 voluit,
397 1804 461 1868 sed
474 1821 539 1884 per
554 1803 846 1885 compositionem
864 1802 1007 1868 demum
1022 1820 1081 1866 res
1101 1812 1155 1867 est
1175 1814 1377 1883 transacta,
1401 1818 1436 1869 et
1455 1806 1492 1869 in

254 1909 406 1990 Collegii
430 1919 644 1991 potestatem
668 1910 794 1974 hortus
818 1909 876 1974 iile
896 1909 1050 1989 devenit,
1068 1910 1103 1974 in
1122 1927 1192 1991 qno
1211 1911 1271 1972 illa
1286 1911 1491 1976 thesaurum

255 2016 447 2098 quemdam
456 2016 576 2097 J’acere
591 2016 852 2098 suspicabatur;
869 2017 932 2080 sed
946 2017 1073 2080 vivens
1087 2018 1204 2081 locum
1219 2017 1317 2081 illum
1328 2016 1490 2082 effodien-

253 2124 341 2188 dum
356 2123 508 2200 curavit,
525 2133 561 2187 et
573 2124 679 2190 iacile
693 2124 892 2188 illusionem
907 2133 969 2188 aut
988 2124 1233 2204 deceptionem
1253 2123 1374 2204 fuisse,
1395 2125 1491 2206 quod

258 2231 497 2312 cogitaverat,
514 2230 698 2294 intellexit.

321 2337 389 2402 127.
432 2337 603 2417 Magnam
629 2338 879 2402 auctoritatem
904 2348 940 2402 et
963 2338 1117 2419 quietem
1139 2338 1248 2402 etiam
1272 2355 1294 2402 a
1318 2340 1490 2404 molestiis

259 2445 508 2509 oblocutorum
533 2453 722 2526 pepererat
740 2445 874 2510 nostris
895 2444 1096 2509 Cardinalis
1114 2443 1355 2509 Ferrariensis
1373 2445 1488 2525 favor;

254 2561 293 2616 et
308 2553 356 2616 ita
372 2568 505 2633 magna
520 2552 556 2616 in
570 2569 660 2632 pace
672 2551 788 2616 nostri
800 2552 965 2630 agebant,
979 2560 1015 2614 et
1028 2551 1090 2631 qui
1099 2550 1341 2616 familiaritate
1353 2563 1489 2616 nostro-

257 2676 339 2724 rum
355 2660 391 2725 in
405 2661 532 2742 spiritu
547 2677 590 2725 ac
609 2661 742 2725 virtute
760 2675 975 2742 progressus
996 2660 1135 2740 aliquos
1155 2659 1345 2739 faciebant,
1369 2660 1491 2725 statim

259 2766 438 2831 desiderio
453 2768 543 2831 alios
556 2766 802 2831 lucrifaciendi
817 2766 960 2831 Christo
975 2766 1274 2831 accendebantur.

322 2874 389 2938 128.
433 2873 735 2955 Archiepiscopus
754 2871 921 2937 Senensis
936 2872 968 2952 ⁴,
992 2873 1053 2954 qui
1073 2873 1111 2936 in
1131 2872 1265 2936 familia
1290 2872 1490 2937 Cardinalis

257 2978 502 3045 Ferrariensis
516 2989 605 3061 erat,
627 2980 815 3045 occasione
835 2981 1049 3045 concionum
1070 2979 1109 3042 P.
1131 2978 1314 3043 Benedicti
1336 2997 1489 3043 commo·

258 3096 329 3165 tnS,
346 3085 447 3167 cujus
462 3088 653 3152 conciones
667 3097 853 3168 tantopere
868 3087 1014 3168 probari
1027 3086 1183 3166 videbat,
1200 3084 1238 3149 P.
1252 3086 1391 3166 ignatio
1405 3086 1490 3149 scri·

255 3193 329 3274 psit
344 3194 556 3274 rogavitque
570 3193 708 3275 aliquos
722 3194 767 3259 de
782 3192 962 3258 Societate
976 3204 1099 3257 nostra
1114 3192 1228 3257 Senas
1246 3192 1411 3270 mitteret,
1429 3191 1489 3254 ubi

254 3301 293 3364 in
314 3300 415 3364 bellis
440 3310 548 3381 atque
570 3302 648 3365 aliis
669 3300 904 3364 incommodis
926 3302 1053 3379 ingens
1072 3315 1242 3364 numerus
1263 3299 1490 3362 sacerdotum

256 3405 335 3487 ejus
349 3405 523 3471 dioecesis
538 3406 728 3486 defecerat,
752 3407 810 3473 vel
830 3407 1015 3471 moriendo
1041 3408 1101 3471 vel
1124 3408 1194 3470 alio
1214 3405 1431 3483 recedendo;
1454 3415 1490 3469 et

297 3720 306 3753 ¹
335 3720 402 3766 Erat
412 3722 434 3766 ia
443 3721 601 3767 Laurentina
609 3720 724 3775 Triatan,
734 3722 766 3766 de
776 3732 825 3775 quo
833 3721 1129 3777 janeupra,t.1v,pag.
1142 3721 1163 3774 9,
1172 3726 1261 3765 annot.
1270 3719 1291 3763 8.
1301 3718 1367 3763 Vide
1375 3717 1487 3774 Ftnvrl,

262 3789 331 3835 Vidn
342 3792 375 3836 de
387 3792 442 3837 San
451 3793 570 3847 lauacro,
579 3793 624 3838 lib.
636 3803 682 3846 vu,
693 3804 749 3848 cap.
759 3803 795 3845 1u;
807 3791 932 3836 vavaar
941 3791 1019 3845 Rosa,
1030 3793 1048 3836 1.
1059 3803 1090 3846 c.,
1101 3791 1145 3835 lib.
1157 3800 1194 3844 rv,
1205 3801 1262 3845 cap.
1284 3802 1319 3835 iv.

298 3862 310 3895 ¹
336 3864 442 3921 “Doppo
452 3867 553 3922 dunque
564 3865 583 3909 il
593 3864 718 3909 Cardinal
733 3864 850 3910 Colonna
864 3864 891 3909 in
907 3863 1094 3909 Governadore
1111 3863 1137 3907 di
1150 3862 1237 3907 Tlvoli
1250 3864 1293 3907 nel
1308 3862 1363 3907 153)
1375 3862 1487 3907 Hercole

255 3938 391 3994 comaga.
406 3938 530 3983 cardinal
547 3936 572 3981 di
586 3936 718 3991 stanton,
733 3938 775 3981 nel
794 3931 845 3980 1535
859 3936 878 3980 11
888 3936 988 3991 Nepote
998 3936 1025 3979 di
1034 3936 1109 3989 Papa
1126 3934 1205 3980 Paolo
1219 3934 1309 3989 Terzo,
1327 3934 1488 3979 Alemandro

254 4010 382 4056 cardinal
393 4010 514 4063 Famem,
526 4020 539 4053 e
551 4010 640 4064 poscia
650 4009 692 4053 nel
704 4008 756 4053 1558
765 4007 815 4053 Gio
825 4008 966 4053 Domeoico
977 4007 1115 4052 cardinale
1130 4006 1162 4050 de
1172 4005 1260 4061 Cupie,
1274 4014 1301 4050 et
1314 4006 1367 4050 indi
1382 4006 1425 4050 nel
1435 4005 1489 4051 1519

255 4082 392 4139 Hippolito
402 4082 432 4127 D'
438 4080 508 4136 Este,
518 4080 643 4127 cardinal
652 4081 678 4125 di
686 4078 809 4134 Ferrarrq
821 4086 848 4123 et
856 4081 964 4124 essendo
973 4081 1015 4123 nel
1024 4077 1156 4123 totietate
1164 4078 1198 4122 da
1207 4078 1286 4123 Panto
1296 4078 1395 4130 Quarto
1406 4079 1489 4123 ricon-

252 4154 351 4199 cednta
361 4156 389 4199 la
398 4152 471 4199 Citra
479 4155 506 4197 al
516 4152 614 4209 Populo
624 4152 750 4205 Romano,
760 4152 788 4195 1ιι
798 4152 832 4195 da
842 4162 900 4197 esso
910 4162 959 4195 con
971 4150 1063 4206 arand’
1073 4150 1170 4193 honore
1180 4150 1281 4194 inviato
1289 4160 1306 4193 a
1316 4148 1402 4194 'rivoli
1413 4161 1461 4205 per
1470 4150 1490 4194 il

252 4228 340 4283 primo
351 4226 536 4271 Governadore
543 4225 655 4280 angero,
663 4225 744 4279 padre
755 4224 797 4267 dei
804 4222 938 4267 Marchese
947 4222 1105 4266 Baidassare
1112 4221 1214 4266 Palnzzi
1223 4221 1365 4275 Albertini,
1375 4220 1488 4266 Patritlo

252 4298 380 4351 Romano:
390 4308 433 4342 ma
443 4308 525 4341 venne
536 4298 562 4341 in
568 4298 649 4340 breve
659 4298 686 4341 la
696 4295 807 4341 Camere
817 4296 971 4350 Apostolica
981 4295 1143 4348 reintegrata
1153 4295 1196 4337 nel
1211 4292 1322 4337 dominio
1335 4299 1362 4338 et
1374 4292 1490 4338 ilCardi-

253 4372 301 4415 nal
310 4370 337 4415 dl
347 4370 463 4415 Ferrato
472 4368 514 4413 nel
523 4378 639 4423 goveroo
649 4367 719 4413 della
728 4367 869 4411 medesima
880 4365 993 4419 Cirtam„
1002 4364 1110 4419 Maarrr,
1120 4364 1245 4409 Historia
1255 4364 1392 4420 ampliata
1402 4364 1433 4409 dt
1445 4364 1487 4408 Τι’·

253 4442 322 4497 voli,
330 4442 378 4487 lib.
391 4452 408 4485 1.

295 4513 308 4547 ὓ
335 4512 402 4556 Vide
412 4522 500 4567 snpra,
510 4518 529 4556 t.
538 4522 567 4567 rr,
576 4522 638 4567 pag.
650 4511 683 4567 19,
691 4522 718 4555 n.
730 4510 766 4555 ³5.

297 4587 309 4618 ὁ
338 4585 492 4630 Franciacna
502 4583 621 4629 Baodini.
631 4584 749 4639 Antiqua
756 4583 811 4638 jam
821 4593 879 4627 cum
889 4583 954 4626 hono
964 4582 1014 4626 hoc
1031 4582 1153 4627 Praelata
1169 4581 1256 4627 fumat
1271 4580 1373 4637 ignauo
1381 4580 1487 4637 alaeque

255 4658 336 4703 eccila
345 4657 511 4711 camerado,
525 4656 655 4701 stridere
666 4662 706 4699 eet
716 4657 742 4699 in
753 4654 848 4699 cartas
865 4654 899 4697 de
913 4654 969 4697 San
984 4653 1104 4707 lauacro,
1118 4659 1137 4699 t.
1148 4665 1166 4706 1,
1182 4665 1241 4709 pag.
1249 4651 1284 4706 86,
1295 4659 1322 4696 et
1332 4651 1489 4707 Omanovar,

257 4728 331 4775 Hm.
341 4728 397 4773 Soc.
406 4726 472 4784 Jes„
482 4729 527 4774 lib.
537 4738 566 4781 n,
575 4739 601 4773 n.
611 4726 646 4771 92.
