3717 5400
810 497 875 557 Aa.
903 497 974 556 1555
1455 499 1513 560 287

263 649 434 708 sanctam
457 643 741 706 communionem
767 643 919 722 accepit,
948 649 1014 705 nec
1040 642 1142 723 pejus
1167 643 1291 722 solito,
1317 645 1375 708 vel
1399 654 1507 725 quam

271 747 404 814 Rbhlae
421 751 582 824 habebat,
599 750 634 811 in
650 748 776 812 itinere
796 750 926 812 habere
952 749 1152 827 videbatur;
1169 759 1204 813 et
1230 768 1311 814 cum
1333 750 1506 815 Coloniae

263 851 592 933 biduomansisset,
610 856 778 936 postridie
793 855 950 919 omnium
970 854 1182 920 Sanctorum
1204 873 1331 920 versus
1351 859 1505 938 patriam

271 963 449 1046 proficisci
472 963 584 1026 voluit
603 979 685 1026 cum
710 963 824 1040 socio,
847 977 913 1026 nec
935 963 1038 1025 enim
1058 963 1176 1026 minus
1207 961 1325 1044 [male]
1351 966 1507 1030 habebat

263 1069 458 1147 ‘Coloniam
484 1079 519 1133 et
545 1069 649 1132 tertia
675 1068 764 1132 seria
790 1068 951 1150 sequenti
979 1069 1112 1132 nullum
1139 1070 1320 1149 peculiare
1348 1071 1504 1151 signum,

263 1176 364 1258 quod
378 1177 477 1258 pejus
490 1176 647 1253 haberet,
665 1175 828 1252 ostendit;
845 1175 908 1238 sed
923 1193 1013 1238 cum·
1027 1177 1189 1256 sequenti
1209 1176 1267 1240 die
1288 1192 1393 1240 mane
1408 1180 1507 1242 solus

269 1285 345 1365 ipse
360 1286 534 1363 surgeret,
552 1282 728 1346 etdeinde
754 1282 934 1362 paululum
961 1281 1215 1362 conquiescere
1240 1284 1359 1362 vellet,
1386 1285 1505 1365 coepit

262 1389 397 1454 *sudore
408 1389 582 1471 perfundi,
600 1389 737 1453 socium
752 1406 795 1452 ac
810 1387 970 1464 fratrem,
988 1389 1129 1452 nornine
1152 1387 1372 1465 Anselmum,
1396 1407 1503 1455 voca·

268 1497 332 1573 vit,
353 1497 412 1577 qui
432 1498 549 1560 lumen
569 1495 769 1559 accendens
780 1494 852 1574 J'am
875 1495 1125 1574 agonizantem
1141 1495 1288 1575 invenlt,
1306 1506 1341 1561 et
1359 1498 1430 1561 viic
1443 1497 1505 1562 de·

260 1604 361 1668 eima
375 1603 486 1666 horae
506 1619 591 1683 pars
610 1601 810 1677 transierat,
840 1614 920 1664 cum
946 1602 1102 1664 animam
1122 1599 1278 1666 Domino
1293 1603 1446 1668 reddidit
1468 1605 1504 1668 in

261 1710 420 1791 quodam
436 1710 600 1790 hospitio.
618 1709 687 1772 Vir
698 1709 764 1772 fuit
778 1709 983 1772 rarissimae
1008 1725 1051 1771 ac
1071 1725 1217 1788 prorsus
1236 1710 1422 1790 virgineae
1438 1729 1501 1792 pu-

268 1818 395 1897 ritatis,
412 1817 567 1880 invictae
583 1817 774 1896 patientiae
788 1825 824 1878 et
839 1815 1124 1894 promptissimae
1139 1814 1374 1896 obedientiae,
1392 1817 1429 1880 in
1443 1818 1505 1880 tri·

262 1919 335 1988 'bus
347 1924 478 2003 linguis
494 1933 528 1986 et
543 1924 649 1986 etiam
663 1924 700 1986 in
714 1922 939 2003 philosophia
952 1931 987 1984 et
1002 1923 1181 2002 theologia
1193 1923 1363 2002 eruditus
1375 1933 1502 1988 etcum

268 2033 361 2096 ultra
382 2031 582 2110 Novegium
600 2030 608 2060 ¹
624 2029 816 2093 honorilice
832 2031 991 2108 sepultus
1005 2027 1142 2108 fuisset,
1158 2028 1301 2093 iuturus
1315 2030 1503 2094 videbatur

265 2137 305 2201 P.
318 2137 506 2202 Leonardo
520 2136 693 2201 mediator
704 2135 794 2199 inter
810 2135 1117 2214 Noviomagenses
1132 2153 1176 2199 ac
1187 2146 1342 2201 nostros:
1359 2138 1503 2202 demum

260 2255 304 2308 ut
319 2245 456 2309 fructus
471 2254 631 2308 maturus
647 2261 668 2306 a
684 2242 842 2307 Domino
859 2244 1029 2306 collectus
1045 2252 1113 2307 est.

326 2350 397 2415 785.
440 2350 641 2431 Scripserat
673 2350 752 2414 Rex
781 2349 1028 2414 Romanorum
1062 2350 1311 2415 Ferdinandus
1347 2351 1502 2417 Archie-

267 2457 413 2539 piscopo
439 2468 473 2521 et
499 2457 637 2520 senatui
653 2456 848 2520 coloniensi
867 2453 890 2534 ¹,
912 2455 1303 2521 Societatem-nostram
1324 2458 1411 2538 ipsis
1432 2459 1503 2523 offi-

260 2567 361 2631 ciose
375 2563 640 2644 commendans,
662 2565 723 2644 qni
742 2564 890 2627 libenter
910 2564 1258 2629 commendationem
1277 2575 1502 2645 receperunt:

261 2671 450 2738 sed-‘amici
464 2681 606 2736 nostros
622 2671 858 2735 admonebant
873 2670 973 2752 quod
998 2668 1200 2751 huiusmodi
1225 2671 1501 2738 commendatlo

258 2782 366 2845 'nibus
382 2798 508 2861 parum
523 2786 763 2857 moverentur,
779 2794 846 2842 nec
860 2778 1121 2858 expectandum
1142 2796 1222 2843 esse
1247 2788 1286 2843 ut
1302 2780 1500 2862 Episcopus

259 2890 486 2953 autsenatus
500 2897 643 2952 nostros
661 2894 824 2965 vocaret;
842 2885 1055 2966 frigidiores
1072 2899 1151 2950 esse
1172 2887 1372 2967 huiusmodi
1391 2889 1503 2952 homi·

265 3010 328 3060 nes
352 2996 388 3059 in
413 2996 489 3058 illis·
509 2995 614 3074 locis,
645 3011 752 3076 quam
781 3000 820 3057 ut
847 2993 883 3056 id
912 2992 1117 3058 faciendum
1145 3004 1324 3057 censeant.
1352 2994 1502 3059 Dicebat

264 3101 309 3167 D.
326 3103 532 3184 Gropperus
549 3099 560 3132 ³
575 3100 670 3182 quod
684 3100 715 3163 si
729 3100 856 3181 aliquis
871 3098 914 3163 de
930 3098 1111 3163 Societate
1122 3110 1259 3179 nostra,
1280 3101 1340 3182 qui
1362 3104 1502 3182 publice

257 3210 418 3288 doceret,
435 3208 620 3273 Coloniam
636 3208 775 3271 veniret
791 3208 972 3270 autetiam
984 3208 1045 3288 qui
1058 3208 1199 3288 publice
1214 3209 1501 3288 concionaretur,

259 3326 427 3382 senatum
453 3324 512 3381 aul
528 3318 745 3397 Episcopum
770 3314 1029 3396 prohibiturum
1054 3332 1124 3378 non
1145 3332 1235 3392 esse,
1257 3316 1363 3380 etsie
1383 3318 1503 3396 paula·

230 3434 234 3447 ·
262 3424 336 3497 tim,
350 3424 466 3503 magis
478 3440 584 3504 quam
599 3422 977 3499 commendationibus,
990 3438 1053 3484 eos
1062 3421 1222 3485 homines
1231 3423 1371 3486 moveri
1384 3438 1501 3501 posse.

262 3528 306 3595 Et
321 3532 428 3594 etiam
444 3532 521 3611 ipso
537 3532 572 3594 in
589 3531 689 3594 initio
710 3528 872 3592 savorem
899 3536 1126 3591 ostensurum
1148 3544 1227 3591 esse
1252 3540 1427 3606 senatum;
1450 3531 1503 3593 sic

258 3639 356 3702 enim
380 3640 449 3718 ipsi
471 3638 589 3701 dicere
615 3638 787 3700 solebant:
822 3634 1011 3711 “Veniant
1039 3635 1202 3709 veniant,
1224 3653 1296 3699 non
1321 3634 1503 3715 ejiciemus

258 3760 355 3822 eos„
372 3744 570 3808 Audierant
585 3744 727 3826 quidem
742 3744 853 3805 multa
870 3741 912 3803 de
928 3739 1118 3817 Societate,
1135 3752 1170 3804 et
1186 3744 1288 3821 plura
1304 3759 1412 3821 quam
1427 3761 1502 3807 cre·

257 3850 346 3915 dere
367 3860 524 3933 possent3
551 3850 725 3930 reliquum
747 3859 837 3927 erat,
863 3858 901 3911 ut
926 3848 1094 3911 viderent
1120 3865 1238 3912 mores
1265 3848 1503 3913 Societatiset

257 3958 563 4040 ejusprocedendi
578 3958 735 4021 modum.

320 4066 390 4129 786.
435 4066 568 4129 Fidelis
593 4065 730 4129 amicus
754 4064 957 4141 SocietatiS,
984 4064 1088 4127 Prior
1103 4063 1328 4139 Carthusiae,
1345 4072 1502 4145 praeter-

255 4190 367 4255 quam
381 4173 475 4255 quod
491 4174 590 4235 initio
617 4172 776 4235 autumni
796 4169 859 4233 400
887 4188 1015 4234 aureos
1040 4172 1077 4234 in
1098 4171 1296 4234 subsidium
1322 4172 1417 4234 misit
1433 4170 1502 4234 Ro-

274 4378 473 4391 -uuhu———n

301 4524 309 4556 ¹
339 4522 389 4576 Slc;
401 4522 491 4566 Kesael
501 4522 526 4565 in
537 4520 660 4564 Litterae
674 4519 911 4573 Quadrimestres,
922 4529 959 4569 ιιι,
970 4527 1030 4570 pag.
1040 4517 1087 4567 755.
1097 4516 1247 4571 Nouaaium,
1259 4516 1355 4560 Neuss.

298 4596 311 4629 ¹
338 4595 393 4639 llas
404 4593 561 4638 Ferdinandi
573 4593 679 4636 litteras
690 4590 724 4635 ad
742 4590 867 4634 Senatum
884 4590 1063 4633 coloniensem
1079 4589 1214 4642 Augustae
1231 4590 1255 4633 ll
1271 4587 1331 4644 Mali
1348 4589 1424 4644 hujus
1440 4590 1502 4634 anni

259 4669 340 4713 datas
351 4666 426 4711 allert
439 4666 554 4717 liausau,
566 4665 583 4707 l.
594 4674 626 4713 c..
635 4674 697 4717 pag.
708 4662 751 4705 256
762 4668 788 4705 et
798 4660 848 4706 257.

295 4736 311 4773 ἶ
339 4741 455 4795 Joannes
467 4742 624 4794 Gropperua,
636 4738 666 4780 de
678 4746 727 4791 quo
735 4737 790 4792 Jam
802 4732 906 4786 saepias
915 4730 940 4775 in
951 4732 1000 4774 hoc
1012 4730 1150 4775 Chronico.
