3717 5400
801 498 865 558 ΑΝ.
894 499 964 558 1555
1445 493 1499 553 eoi

263 652 384 708 tamen
401 661 480 708 eam
492 643 541 708 ad
557 645 814 722 confessionem
828 645 986 722 induxit,
1003 653 1037 708 et
1055 644 1100 708 ab
1119 642 1400 723 Archiepiscopo
1423 637 1431 670 ¹
1447 638 1498 701 ia-

266 753 434 814 cultatem
460 752 625 828 obtinuit,
653 761 691 816 ut
716 753 792 833 ipsa
813 754 878 816 sibi
901 751 1124 815 sacerdotem
1148 750 1294 829 eligeret
1318 758 1353 812 et
1373 747 1498 818 eodem

265 857 344 920 loco
360 876 402 921 ac
418 859 535 938 mod0,
551 877 623 939 quo
634 859 712 939 ipsa
726 860 931 940 postulavit,
947 858 1130 938 negotium
1144 865 1388 937 perageretur,
1402 864 1436 916 et
1449 853 1497 914 ita

268 964 303 1027 in
319 974 451 1029 statum
467 967 591 1030 salutis
606 967 761 1030 foemina
774 968 864 1030 haec
879 966 1026 1030 reducta
1044 965 1120 1029 fuit.

329 1073 399 1136 973.
443 1073 546 1138 Alius
566 1074 672 1138 etiam
694 1074 838 1156 quidam
859 1093 879 1137 a
905 1073 1069 1154 conjugis
1095 1089 1181 1135 suae
1205 1068 1437 1134 contubernio
1457 1067 1499 1128 24

267 1197 380 1244 annos
396 1191 583 1261 separatus
598 1182 750 1262 vixerat,
767 1192 802 1246 et
816 1183 866 1245 ita
887 1181 998 1262 ipsius
1019 1199 1109 1244 uxor
1129 1179 1189 1243 alii
1208 1178 1347 1241 cuidam
1369 1176 1498 1238 adhae-

266 1297 374 1350 serat.
392 1287 508 1367 Quum
528 1305 615 1369 ergo
636 1291 671 1352 in
687 1290 876 1370 quemdam
890 1299 1053 1353 nostrum
1067 1287 1322 1351 confessarium
1342 1283 1398 1344 vir
1412 1282 1496 1343 inci-

266 1391 388 1471 disset,
411 1396 588 1474 persuasit
608 1397 639 1458 ei
662 1407 700 1459 ut
720 1414 821 1460 suam
841 1396 1038 1476 legitimam
1060 1411 1208 1458 uxorem
1227 1393 1272 1456 ad
1292 1409 1330 1454 se
1354 1388 1496 1452 reduce·

267 1510 331 1577 ret,
351 1512 385 1563 et
400 1502 591 1565 foeminam
606 1521 770 1566 securam
785 1503 961 1580 redderet,
973 1510 1011 1565 ut
1026 1501 1171 1564 auderet
1183 1500 1228 1562 ad
1240 1500 1356 1579 ipsum
1367 1495 1497 1559 redire.

266 1605 329 1669 illa
344 1625 442 1683 vern,
460 1610 503 1672 de
517 1627 583 1672 sua
598 1610 712 1673 salute
726 1611 874 1674 nimium
889 1612 1034 1688 timens,
1056 1609 1243 1672 recusabat
1264 1605 1309 1668 ad
1331 1602 1498 1666 maritum

269 1715 401 1792 venire,
419 1715 531 1778 donec
552 1717 724 1780 intellexit
745 1718 861 1780 virum
881 1733 983 1780 suum
999 1715 1138 1779 cuidam
1157 1711 1336 1777 sacerdoti
1354 1720 1498 1772 nostrae

224 1853 228 1862 -
269 1818 460 1885 Societatis
484 1821 592 1886 fuisse
618 1823 828 1887 confessum.
854 1825 955 1888 Tunc
976 1825 1071 1886 enim
1091 1839 1170 1886 eam
1192 1819 1358 1884 fiduciam
1377 1817 1503 1880 animo

267 1930 441 2009 concepit,
459 1939 497 1993 ut
512 1933 586 1993 sola
602 1932 637 1994 in
653 1932 771 1995 mariti
786 1931 929 1995 domum
944 1948 983 1994 se
998 1931 1183 2010 reciperet,
1200 1937 1234 1990 et
1246 1926 1291 1989 ad
1303 1924 1379 2005 ejus
1389 1923 1499 2004 pedes

267 2052 306 2097 se
323 2035 507 2115 abjecerit,
525 2055 567 2101 ac
583 2035 740 2117 ejusdem
755 2039 924 2119 potestati
946 2056 984 2101 se
1002 2037 1173 2112 subdens,
1193 2033 1332 2098 etiamsi
1347 2030 1504 2112 quodvis

268 2141 310 2203 de
332 2142 410 2223 ipsa
432 2145 641 2224 supplicium
657 2146 763 2208 vellet
779 2162 928 2208 sumere.
952 2144 1022 2208 Sed
1043 2145 1110 2221 vir,
1133 2142 1290 2205 omnium
1311 2137 1498 2217 criminum

268 2249 407 2328 oblitus,
425 2267 557 2331 magna
572 2269 654 2317 cum
668 2254 853 2316 alacritate
869 2253 978 2315 animi
992 2269 1072 2314 eam
1084 2249 1181 2337 domi
1195 2265 1281 2311 suae
1296 2245 1446 2326 excepit,
1463 2252 1497 2306 et

267 2357 423 2436 quietam
439 2375 520 2420 cum
535 2359 612 2439 ipsa
628 2359 740 2423 vitam
756 2377 864 2440 agere
879 2358 1135 2440 perseveravit.

328 2463 398 2527 974.
443 2465 516 2528 Nec
536 2467 652 2530 minor
667 2468 703 2530 in
725 2468 795 2530 alio
811 2466 965 2547 quodam
980 2467 1058 2530 viro
1073 2466 1139 2529 suit
1154 2463 1311 2528 efficacia
1325 2459 1429 2540 hujus
1443 2476 1496 2521 sa·

267 2572 441 2634 eramenti
462 2571 536 2651 qui,
564 2591 644 2636 cum
663 2572 803 2638 cuidam
822 2593 867 2636 ex
887 2575 1019 2637 nostris
1041 2571 1225 2636 confessus
1245 2578 1355 2646 esset,
1376 2586 1420 2629 ne
1445 2583 1501 2628 re*

267 2674 343 2741 dire
358 2679 498 2759 quidem
513 2680 548 2743 in
565 2680 707 2745 domum
724 2697 824 2745 suam
841 2682 969 2760 voluit,
990 2681 1028 2744 in
1047 2697 1152 2761 quam
1176 2677 1358 2742 mulierem
1377 2691 1496 2756 quam·

268 2784 362 2863 dam,
379 2803 398 2849 e
415 2786 518 2850 domo
534 2787 588 2851 sui
603 2790 715 2868 patris
731 2788 932 2865 abductam,
955 2788 1160 2865 induxerat;
1184 2796 1218 2849 et
1239 2784 1363 2848 maluit
1384 2782 1496 2862 supel-

267 2892 420 2956 lectilem
435 2911 505 2957 non
520 2894 707 2970 modicam,
724 2913 831 2976 quam
845 2895 940 2959 domi
956 2896 1120 2972 habebat,
1136 2894 1310 2969 amittere,
1327 2908 1446 2972 quam,
1459 2900 1500 2955 ut

267 3016 348 3062 eam
362 3009 600 3080 recuperaret,
617 3004 774 3082 periculo
789 3004 970 3083 gravioris
980 3002 1142 3083 iacturae
1157 3018 1195 3063 se
1211 3016 1398 3079 exponere.
1423 2996 1496 3060 Nec

267 3124 309 3169 eo
326 3117 524 3186 contentuS,
540 3107 635 3171 dedit
650 3127 795 3189 operam
809 3118 847 3172 ut
861 3110 988 3173 mulier
1003 3110 1061 3173 illa
1077 3108 1277 3173 inhonesto
1291 3108 1370 3169 loco
1392 3104 1498 3167 collo·

268 3223 420 3291 caretur,
439 3224 475 3277 ut
490 3232 528 3277 se
544 3225 654 3279 totam
669 3215 790 3279 divino
806 3217 952 3280 servitio
969 3215 1136 3295 traderet,
1153 3212 1448 3294 quemadmodum
1462 3224 1498 3273 et

267 3320 355 3399 ipse,
372 3320 449 3384 Deo
465 3321 668 3402 adjuvante,
685 3323 804 3386 facere
819 3324 1015 3403 proposuit.

329 3426 444 3506 Hujus
468 3430 611 3509 generis
631 3448 701 3493 non
720 3447 835 3510 pauca
858 3431 929 3495 dici
949 3440 1108 3511 possent,
1130 3430 1224 3511 quod
1243 3430 1290 3493 ad
1309 3426 1501 3491 avaritiam

270 3534 408 3597 attinet.

327 3640 398 3704 975.
441 3642 522 3705 Alia
538 3644 644 3706 etiam
656 3661 739 3707 rara
753 3648 914 3725 exempla
926 3647 963 3709 in
975 3645 1186 3726 quibusdam
1197 3651 1388 3723 conspecta
1401 3650 1496 3713 sunt,

268 3748 326 3825 qui
341 3750 439 3812 lucra
455 3750 572 3813 minus
587 3750 735 3815 honesta
748 3770 791 3814 ac
803 3752 946 3816 divitias
957 3770 1022 3834 pro
1038 3754 1178 3815 animae
1191 3769 1276 3814 suae
1290 3750 1403 3813 salute
1415 3764 1496 3809 con·

268 3865 498 3935 tempserunt.
515 3856 586 3921 Alii
603 3858 708 3920 etiam
723 3856 870 3938 injurias
884 3859 1120 3938 gravissimas
1135 3857 1392 3933 condonarunt
1406 3854 1502 3915 inter

267 3979 357 4042 quos
371 3963 514 4042 quidam
529 3962 605 4041 suit,
628 3965 687 4044 qui
710 3964 769 4028 diu
790 3976 1017 4029 sacramenta
1037 3966 1336 4047 frequentaverat,
1360 3971 1394 4024 et
1417 3977 1501 4025 cum

266 4070 363 4149 ligno
379 4071 518 4150 publice
533 4089 722 4151 percussus
736 4083 840 4153 esset,
857 4092 965 4154 quam
978 4073 1144 4154 injuriam
1155 4082 1270 4136 morte
1284 4067 1502 4150 expiandam

267 4178 436 4240 mundani
452 4176 610 4241 homines
627 4190 782 4258 censent,
800 4182 843 4244 de
858 4192 973 4245 morte
989 4181 1197 4244 adversario
1213 4178 1396 4243 inserenda
1417 4192 1501 4254 gra«

267 4285 358 4347 viter
378 4302 399 4346 a
418 4284 590 4349 daemone
611 4288 824 4351 tentabatur.
846 4287 915 4352 Sed
937 4287 1012 4367 ejus
1031 4288 1271 4351 confessarius
1294 4298 1331 4349 ut
1353 4283 1501 4347 inimico

266 4389 432 4469 injuriam
444 4390 663 4456 condonaret
673 4393 777 4457 iacile
790 4395 834 4458 ab
846 4412 888 4457 eo
901 4396 1114 4475 impetravit.
1129 4394 1174 4458 Et
1186 4395 1238 4457 sic
1249 4392 1353 4473 hujus
1364 4404 1399 4455 et
1414 4392 1499 4455 alio·

310 4741 318 4775 ¹
348 4740 443 4786 Sancto
454 4742 582 4786 Thomna
593 4741 743 4787 villanova.
755 4742 821 4787 Vide
833 4756 921 4799 supra,
933 4752 951 4789 t.
964 4756 1000 4798 ιν,
1011 4758 1072 4801 pag.
1080 4747 1131 4801 3³5,
1141 4759 1166 4791 n.
1176 4748 1223 4802 712,
1235 4755 1314 4793 annot
1326 4750 1348 4791 t.
