3717 5400
791 496 855 554 Aa.
884 495 954 553 1555
1434 492 1492 552 209

257 642 359 704 chius
374 642 584 704 concionari
598 642 722 704 solitus
737 650 814 704 erat
829 650 1021 720 antequam
1043 640 1188 720 propria
1210 639 1361 702 ecclesia
1380 639 1488 703 confi·

257 760 409 826 ceretur,
427 749 628 828 complures
642 765 687 810 ex
702 748 771 811 illis
786 747 963 827 religiosis
978 747 1141 811 foeminis
1156 747 1288 811 nostris
1300 745 1487 810 confessae

258 863 356 935 sunt,
373 865 495 918 ettam
510 873 554 918 ex
570 855 639 918 illis
653 871 760 936 quam
774 871 820 918 ex
834 856 926 930 aliis,
942 856 1074 918 multae
1088 856 1276 934 generales
1297 855 1489 918 confessio·

259 980 322 1026 nes
337 962 480 1026 auditae
497 962 649 1040 fuerunt,
672 981 761 1043 quae
784 979 1009 1043 summopere
1029 963 1290 1042 poenitentibus
1308 971 1411 1025 erant
1431 979 1492 1026 ne·

261 1069 450 1146 cessariae,
475 1071 676 1150 multaeque
698 1071 837 1132 animae
860 1087 881 1131 a
902 1069 1038 1150 laqueis
1060 1069 1244 1132 daemonis
1264 1069 1402 1132 solutae
1417 1069 1491 1133 fue·

262 1187 356 1250 runt,
378 1177 413 1240 in
436 1178 562 1256 quibus
583 1177 642 1240 diu
661 1179 880 1258 multumque
899 1178 1057 1240 irretitae
1076 1177 1227 1240 fuerant.
1248 1177 1418 1241 Inventus
1436 1187 1490 1241 est

262 1285 332 1366 qui,
350 1301 431 1347 cum
447 1287 551 1347 vellet
564 1283 801 1366 juramentum
818 1284 945 1348 falsum
960 1285 1099 1365 publice
1113 1285 1244 1364 facere,
1259 1299 1340 1346 curn
1354 1284 1491 1347 dubita-

261 1402 314 1454 ret
330 1409 376 1454 an
391 1401 578 1471 peccatum
594 1403 699 1464 esset,
721 1410 741 1454 a
762 1393 915 1472 quodam
932 1391 1151 1455 confessario
1172 1407 1239 1454 suo
1259 1392 1328 1454 hoc
1349 1391 1489 1456 consilii

262 1499 401 1577 accepit
426 1499 523 1576 (erat
548 1507 665 1562 autern
695 1499 725 1562 is
754 1499 994 1562 confessarius
1025 1499 1258 1579 peritissimus
1287 1495 1362 1576 ejus
1390 1499 1489 1562 urbis

261 1606 497 1684 existimatus)
513 1617 551 1668 ut
569 1605 715 1684 juraret,
738 1623 821 1668 nam
844 1607 889 1669 ad
910 1605 1152 1670 defensionem
1171 1606 1338 1686 propriae
1358 1622 1491 1669 causae

262 1712 298 1776 id
311 1715 381 1793 ipsi
395 1714 514 1776 licere.
531 1711 619 1775 Cum
635 1723 753 1776 autem
769 1713 988 1776 conscientia
1008 1713 1304 1790 obmurmuraret,
1325 1729 1491 1776 securum

262 1838 343 1884 eum
358 1819 510 1883 reddidit
526 1819 764 1882 confessarius
778 1820 847 1896 ille,
865 1837 908 1882 ac
929 1836 1037 1899 supra
1056 1837 1158 1882 suam
1177 1819 1433 1882 conscientiam
1452 1836 1491 1882 se

264 1929 427 2008 accipere
442 1926 547 2004 dixit3
564 1927 663 1990 etita
679 1926 809 1990 falsum
820 1925 1060 2005 juramentum
1076 1927 1133 1990 ille
1147 1927 1242 1991 fecit.
1260 1927 1361 2006 Quod
1373 1928 1490 2006 retuli,

264 2045 302 2098 ut
317 2035 483 2098 tenebras
498 2034 734 2112 ignorantiae,
758 2035 793 2096 in
816 2034 943 2114 quibus
961 2033 1012 2096 illi
1033 2035 1280 2111 versabantur,
1303 2025 1490 2112 insinuem,

264 2152 298 2205 et
313 2142 407 2221 quod
427 2143 473 2205 ad
500 2142 649 2204 verbum
668 2141 752 2204 illud
773 2141 906 2204 Christi
924 2141 1063 2221 impleri
1083 2141 1280 2205 videbatur:
1304 2141 1348 2203 Si
1366 2157 1492 2204 caecus

263 2265 363 2312 caeco
377 2249 548 2312 ducatum
558 2249 742 2328 praebeat,
756 2249 857 2312 ambo
873 2248 910 2310 in
923 2250 1076 2327 foveam
1091 2249 1224 2311 cadunt
1246 2247 1268 2309 ¹.
1290 2249 1336 2311 Hi
1359 2257 1491 2327 tamen,

264 2357 414 2438 quisine
433 2359 599 2436 scrupulo
618 2357 818 2436 J'uramenta
840 2354 1041 2435 hujusmodi
1059 2356 1135 2418 fieri
1156 2372 1260 2436 posse
1280 2355 1491 2435 sentiebant,

265 2467 471 2545 scrupulum
494 2465 722 2528 nihilominus
746 2463 945 2527 sentiebant
969 2465 999 2526 si
1024 2465 1151 2527 crebro
1176 2463 1491 2528 communicarent.

265 2571 457 2636 Crescebat
474 2580 591 2634 tamen
607 2569 808 2650 hujusmodi
823 2571 948 2634 crebro
960 2569 1299 2634 communicantium
1309 2587 1491 2648 numerus

265 2687 299 2743 et
315 2679 486 2759 paulatim
501 2679 768 2759 expellebantur
784 2694 945 2742 errorum
960 2687 995 2741 et
1009 2677 1235 2758 ignorantiae
1250 2678 1429 2742 tenebrae.

322 2786 394 2850 609.
437 2788 532 2850 Inter
547 2787 758 2867 complures
775 2786 834 2867 qui
848 2786 1030 2849 discordes
1050 2795 1163 2864 erant,
1179 2802 1252 2866 pax
1266 2786 1361 2849 facta
1376 2796 1442 2865 est;
1458 2798 1494 2849 et

266 2894 394 2974 partim
410 2894 650 2971 concionibuS,
668 2910 758 2974 quae
782 2894 818 2956 in
833 2892 985 2956 ecclesia
999 2902 1122 2955 nostra
1137 2894 1287 2971 singulis
1308 2891 1495 2956 dominicis

266 3000 389 3064 diebus
404 3000 545 3079 fiebant,
562 3002 693 3081 partim
707 3000 941 3063 familiaribus
960 3000 1156 3080 colloquiis
1178 3000 1339 3063 homines
1354 3000 1399 3063 ad
1419 3018 1492 3063 mu·

266 3118 364 3171 tuam
385 3108 477 3171 inter
502 3126 540 3171 se
562 3108 761 3170 animorum
786 3106 1072 3170 conciliationem
1093 3106 1373 3170 adducebantur.
1399 3106 1495 3170 inter

265 3214 354 3277 alios
370 3214 439 3277 duo
451 3214 597 3291 nobiles,
614 3215 675 3293 qui
690 3214 822 3293 aliquot
835 3230 949 3275 annos
961 3212 1042 3276 odio
1056 3213 1272 3291 gravissimo
1291 3214 1496 3277 seinvicem

264 3321 579 3401 prosequebantur,
598 3338 706 3400 opera
721 3328 923 3383 nostrorum
940 3319 1082 3383 tandem
1098 3320 1145 3383 ad
1163 3337 1289 3400 pacem
1302 3320 1494 3386 redierunt.

266 3428 438 3492 Curatum
453 3438 506 3491 est
520 3428 628 3491 etiam
643 3436 680 3490 ut
695 3427 858 3493 remissio
873 3425 973 3489 fieret
988 3428 1082 3507 parti
1100 3428 1303 3491 contrariae
1317 3445 1340 3491 a
1355 3428 1496 3509 quibus·

267 3535 367 3615 dam;
393 3544 429 3598 et
453 3536 498 3598 ab
523 3534 601 3615 ipso
626 3532 872 3597 Gubernatore
897 3533 1003 3597 venia
1027 3535 1216 3614 impetrata
1230 3534 1440 3615 quibusdam
1458 3536 1495 3598 in

268 3642 409 3705 exilium
421 3642 539 3705 missis
554 3651 698 3722 propter
713 3640 873 3704 defectus
886 3657 958 3704 non
975 3641 1253 3721 praemeditatos
1267 3642 1330 3705 sed
1343 3658 1442 3721 casu,
1458 3652 1496 3705 ut

269 3751 412 3827 assolet,
430 3748 643 3812 accidentes.

327 3855 398 3919 610.
442 3855 547 3935 Quod
560 3855 605 3918 ad
621 3856 762 3919 scholas
777 3854 914 3933 attinet,
928 3872 1068 3936 semper
1082 3857 1194 3918 nostri
1210 3866 1444 3936 perrexerunt
1458 3858 1496 3919 in

267 3964 395 4028 litteris
409 3973 444 4025 et
459 3962 653 4026 christiana
669 3962 831 4025 doctrina
847 3961 1020 4040 docenda,
1037 3964 1202 4042 quamvis
1218 3963 1418 4026 auditorum
1431 3981 1497 4027 uu-

270 4086 389 4134 merus
403 4086 497 4133 nunc
513 4069 640 4150 maior,
655 4087 748 4132 nunc
764 4069 879 4132 minor
898 4078 1009 4143 essen
1032 4086 1116 4132 nam
1130 4072 1264 4134 caritas
1281 4087 1443 4133 annonae
1462 4081 1498 4134 et

269 4176 437 4241 sterilitas
467 4176 595 4239 borum
617 4176 767 4239 duorum
795 4192 970 4239 annorum
992 4175 1158 4240 effecerat
1184 4188 1222 4240 ut
1246 4177 1362 4257 potius
1387 4176 1496 4241 victui

273 4390 485 4398 ,ου-,Μ

269 4523 392 4567 coenobio
402 4522 550 4569 ldoniallum
564 4524 657 4569 Sancti
668 4525 829 4576 Castrensis,
839 4526 911 4580 culus
929 4527 1046 4571 meminit
1061 4528 1180 4571 Roccuus
1198 4530 1301 4582 Planus,
1319 4532 1336 4573 l.
1351 4542 1383 4582 e,
1398 4529 1502 4576 aronae-

270 4594 422 4647 regalenses
433 4594 570 4640 Ecclesiae
582 4596 685 4641 Noiiiia
696 4596 748 4649 111,
758 4598 802 4641 llb.
811 4608 828 4653 1,
836 4598 895 4641 dum
903 4605 980 4653 gesta
988 4606 1081 4643 narrat
1090 4599 1241 4654 Hieronymi
1250 4599 1354 4646 Venere
1363 4608 1388 4645 et
1396 4601 1502 4660 Leyra,

271 4664 505 4719 Monteregalensis
515 4668 723 4723 Arcbieplscopl.

315 4738 322 4768 ¹
353 4736 447 4782 March.
458 4750 502 4795 xv,
514 4742 549 4784 ll.

418 4828 456 4883 T.
472 4846 500 4884 v.
1334 4852 1365 4903 ¹4
