3717 5400
266 439 271 448 ⁸
376 458 431 518 496
827 459 957 521 ennon.
982 462 1060 521 Soc.
1085 462 1157 535 Jss.

376 623 596 687 magnopere
618 606 768 671 animati
791 606 935 672 fuerunt
960 617 995 671 et
1018 608 1155 683 laetati,
1182 618 1216 672 et
1243 609 1413 689 paulatim
1437 608 1614 690 Hispalim

377 710 504 783 deinde
531 731 715 778 accessere
741 714 787 777 ad
808 715 1008 795 spiritualia
1035 716 1205 779 exercitia
1233 715 1470 797 suscipienda.
1501 716 1613 796 Impe-

376 830 518 885 trarunt
533 833 651 885 autem
670 821 721 884 eis
739 822 852 886 nostri
872 840 893 885 a
913 820 1062 886 Vicario
1082 821 1351 904 Archiepiscopi
1376 822 1384 855 ¹
1405 823 1611 887 facultatem

377 928 623 1006 concionandi,
638 937 674 991 et
688 929 876 993 facultates
888 929 1064 1002 audiendi.
1081 930 1133 993 eis
1144 929 1298 1011 quidem,
1312 930 1372 1011 qui
1382 934 1553 994 talentum
1565 930 1612 993 ad

376 1036 413 1099 id
428 1036 524 1100 nacti
537 1038 689 1101 fuerant.
706 1036 806 1099 Multi
822 1053 868 1099 ex
882 1036 938 1099 his
957 1054 1038 1101 cum
1058 1054 1123 1101 suo
1141 1048 1374 1118 praeceptore
1397 1036 1442 1101 ad
1457 1036 1610 1101 Societa-

377 1152 448 1207 tem
471 1154 633 1207 nostram
661 1153 764 1207 erant
792 1144 976 1223 propensi,
1009 1144 1072 1207 sed
1097 1144 1254 1208 nondum
1284 1145 1319 1208 in
1345 1162 1425 1208 eam
1453 1144 1611 1207 admissi.

376 1248 498 1313 Nostri
518 1260 637 1313 autem
657 1250 694 1313 in
713 1250 881 1331 hospitali
898 1250 1094 1331 hospitium
1114 1251 1243 1314 ibidem
1264 1252 1473 1329 habuerunt,
1489 1252 1526 1314 in
1541 1267 1614 1331 quo

377 1365 411 1420 et
426 1356 666 1420 confessiones
681 1356 869 1435 audiendo,
891 1365 926 1419 et
947 1358 1141 1421 morituros
1163 1357 1378 1437 adjuvando,
1401 1370 1436 1420 et
1454 1367 1614 1421 mortuos

377 1464 484 1528 etiam
499 1480 677 1544 pauperes
691 1464 908 1544 sepeliendo,
927 1474 1165 1544 opportunam
1179 1482 1326 1545 operam
1341 1472 1530 1528 navarunt.

418 1570 506 1634 1351.
549 1570 634 1634 Inde
648 1571 684 1633 in
703 1570 774 1634 alia
795 1571 938 1651 oppida,
965 1572 1098 1635 scilicet
1124 1570 1291 1635 Utreram
1315 1581 1351 1634 et
1376 1570 1609 1651 Carmonam,

378 1680 691 1759 quornmalterum
702 1686 868 1758 quatuor,
885 1680 1036 1743 alterum
1052 1696 1116 1743 sex
1134 1679 1247 1742 millia
1263 1678 1479 1743 familiarum
1491 1678 1612 1757 habet,

376 1787 469 1850 unde
481 1786 623 1866 saepius
637 1786 773 1866 aliquid
788 1786 936 1849 subsidii
956 1804 977 1849 a
1000 1786 1131 1849 nostris
1151 1787 1434 1867 postulaverant.
1456 1783 1514 1849 Ad
1529 1802 1611 1848 con·

376 1894 498 1957 ciones
511 1892 818 1973 frequentissimus
837 1900 914 1956 erat
935 1910 1142 1973 concursus;
1166 1896 1297 1957 multae
1314 1892 1464 1973 injuriae
1480 1891 1612 1955 condo·

377 2011 483 2064 natae
508 2001 665 2079 fuerunt;
682 2000 876 2063 multorum
902 2000 1010 2063 etiam
1035 2000 1240 2064 necessitati
1267 2000 1464 2064 subsidium
1489 1998 1611 2063 datum

377 2118 442 2171 est.
458 2107 545 2171 Erat
564 2108 636 2188 qui,
657 2124 739 2169 cum
754 2106 823 2169 duo
845 2106 993 2170 haberet
1018 2107 1171 2185 indusia,
1198 2109 1349 2171 alterurn
1374 2106 1420 2171 ad
1435 2106 1612 2186 hospitale

378 2215 549 2279 mittebat.
566 2214 699 2295 Magna
713 2215 771 2278 vis
785 2214 1017 2293 profanorum
1035 2214 1206 2278 librorum
1225 2226 1259 2277 et
1275 2215 1484 2277 chartarum
1506 2212 1612 2293 copia

377 2322 573 2386 combusta.
585 2321 667 2385 Fuit
681 2322 743 2402 qui
768 2322 896 2385 horum
920 2321 1050 2401 viginti
1065 2320 1174 2386 libros
1189 2321 1393 2385 adduceret.
1411 2320 1450 2384 In
1461 2329 1614 2400 utroque

378 2448 423 2494 ex
444 2429 636 2510 praedictis
655 2428 793 2509 oppidis
815 2429 962 2492 domum
982 2426 1171 2492 Societatis
1192 2428 1416 2509 expetebant,
1440 2437 1474 2490 et
1490 2443 1610 2491 neces·

378 2536 474 2601 saria
489 2536 535 2599 ad
550 2535 784 2616 quorumdam
802 2535 1097 2599 sustentationem
1113 2534 1310 2599 offerebant
1325 2534 1348 2599 ².

421 2642 510 2708 1352.
553 2642 666 2720 PriuS,
683 2643 720 2706 id
734 2651 799 2722 est,
816 2651 897 2723 post
911 2641 987 2705 2.¹¹m
1009 2641 1138 2705 festum
1152 2640 1288 2707 Natalis
1305 2640 1449 2706 Domini
1462 2638 1485 2720 ³,
1498 2642 1611 2706 nostri

378 2752 423 2815 ad
440 2751 559 2815 vicina
579 2753 658 2813 ioca
679 2767 717 2813 se
738 2750 975 2826 contulerunt,
997 2758 1080 2828 treS,
1103 2750 1248 2826 scilicet,
1272 2757 1333 2812 aut
1352 2758 1505 2831 quatuor
1526 2765 1611 2829 ope-

377 2858 476 2936 rarii,
498 2867 684 2938 postquam
705 2856 971 2937 Hispalensium
992 2857 1174 2920 devotioni
1189 2856 1454 2935 satisfecerant;
1474 2873 1540 2920 nec
1556 2873 1613 2919 so·

376 2965 653 3044 lumpraedictis
672 2965 760 3028 locis
780 2965 1060 3028 consolationem
1079 2973 1113 3028 et
1135 2965 1319 3045 spirituale
1340 2964 1509 3028 auxilium
1525 2965 1614 3026 tule-

377 3081 471 3152 runt,
488 3073 550 3136 sed
570 3072 676 3135 etiam
701 3072 787 3152 ipsis
812 3071 1082 3151 Hispalensibus
1102 3071 1342 3136 aedificationi
1366 3071 1443 3150 fuit,
1465 3087 1546 3133 cum
1561 3071 1610 3133 vi·

377 3180 500 3244 derent
511 3189 654 3243 nostros
668 3197 739 3242 non
754 3178 790 3242 id
806 3195 914 3258 agere
928 3180 1044 3242 solum
1065 3187 1102 3242 ut
1122 3179 1157 3242 in
1178 3179 1319 3258 magnis
1341 3177 1545 3242 civitatibus
1558 3195 1613 3241 re·

377 3286 527 3364 sideaat,
544 3286 727 3350 sedetiam
743 3285 892 3348 libenter
909 3286 1124 3366 pauperibus
1146 3286 1316 3365 agricolis
1337 3301 1439 3348 suam
1464 3301 1614 3364 operam,

377 3393 593 3474 impendere.
619 3391 658 3456 In
683 3393 739 3455 his
763 3393 896 3457 ultimis
920 3393 1281 3473 peregrinationibus,
1310 3393 1451 3456 cuidam
1471 3393 1613 3456 animae

378 3503 471 3565 inter
484 3501 574 3564 alias
587 3501 763 3580 insignem
783 3501 939 3578 gratiam
957 3501 1106 3565 contulit
1126 3499 1238 3578 Deus,
1262 3519 1354 3582 quae
1374 3517 1437 3564 sex
1456 3502 1514 3564 vei
1529 3509 1611 3562 octo

378 3609 484 3672 annis
507 3608 543 3670 in
564 3606 788 3686 gravissimis
812 3607 970 3687 peccatis
991 3607 1043 3670 sic
1066 3608 1293 3685 versabatur,
1318 3618 1356 3673 ut
1377 3623 1514 3670 summa
1529 3623 1612 3670 cum

288 3717 292 3724 '
377 3715 560 3796 hypocrisi
575 3731 618 3776 ea
633 3731 735 3777 suum
755 3715 1012 3778 confessarium
1034 3715 1141 3778 etiam
1163 3716 1306 3788 celaret,
1329 3727 1367 3778 ut
1388 3714 1451 3777 vix
1466 3714 1523 3777 ilie
1538 3729 1609 3776 ma·

378 3822 505 3886 teriam
520 3820 753 3884 absolutionis
767 3821 956 3900 inveniret;
972 3831 1006 3884 et
1021 3829 1139 3884 tamen
1159 3820 1264 3902 hujus
1285 3821 1426 3884 animae
1444 3821 1612 3885 misertus

421 4064 430 4096 ¹
459 4062 628 4118 Hispalensis,
639 4061 680 4105 cul
690 4060 808 4116 subiacet
817 4059 901 4114 Jerez.

419 4135 430 4169 ¹
456 4133 591 4188 Temporis
600 4133 711 4177 decursa
721 4133 746 4176 in
756 4139 867 4186 atroque
877 4132 971 4187 oppido
981 4134 1072 4188 pedem
1087 4133 1205 4180 Societas
1216 4133 1281 4190 fixit,
1296 4133 1408 4179 Utrerae
1424 4132 1527 4189 quidem
1540 4143 1613 4176 anno

381 4207 441 4261 1625,
452 4205 597 4251 Carmonae
608 4215 671 4248 vero
681 4205 772 4258 paucis
782 4205 931 4258 posternis.

419 4279 431 4312 ⁸
458 4276 595 4324 Librarius
603 4276 746 4331 scripserat
756 4277 799 4320 hic
807 4275 917 4331 paseha.
928 4277 1035 4323 Festum
1043 4279 1110 4324 enlm
1121 4279 1224 4325 Natalis
1236 4279 1338 4324 Domini
1348 4281 1475 4335 appellari
1484 4282 1518 4324 ab
1526 4281 1613 4335 hispa-

379 4352 420 4397 nis
429 4349 564 4396 consuevit
574 4349 673 4403 pascha
680 4353 786 4404 pascua
796 4349 830 4392 de
838 4347 976 4400 Navidcrd,
985 4357 1013 4394 ut
1026 4351 1190 4394 pentecostes
1198 4357 1302 4406 pascua
1318 4351 1362 4395 dei
1378 4350 1503 4407 aspirrru
1518 4351 1613 4396 Sunio.

381 4423 431 4468 Sed
440 4424 486 4468 illa
496 4433 560 4466 voce
571 4421 672 4476 pascha
687 4421 783 4473 deleta,
799 4421 984 4476 superscripsit
1000 4420 1128 4468 Polancus
1139 4424 1198 4466 au
1208 4423 1309 4476 festam
1324 4423 1434 4468 Natalis
1448 4423 1574 4477 Domini,·
1587 4427 1616 4466 in

379 4497 472 4552 quibas
481 4491 670 4538 advertendum
679 4499 719 4536 est
729 4503 820 4536 vocem
830 4493 971 4537 1118111211·-
980 4495 1155 4540 cancellatam
1165 4493 1258 4545 sideri,
1275 4501 1303 4539 at
1321 4507 1370 4539 non
1385 4495 1451 4539 satis
1465 4495 1612 4550 perspicue,

378 4571 406 4615 in
415 4567 471 4620 iia,
481 4564 580 4620 quodsi
591 4564 758 4609 cancellands
773 4566 877 4619 nonsit,
888 4571 943 4609 turn
958 4565 991 4618 id,
1002 4566 1069 4620 quod
1079 4567 1167 4612 verbis
1179 4567 1220 4611 his
1231 4567 1376 4624 exprimere
1389 4568 1473 4612 voluit
1483 4566 1614 4612 Polnncus

380 4646 421 4685 est
437 4638 555 4682 alteram
569 4637 632 4692 posi
641 4635 748 4692 sestam
765 4635 875 4681 Natalis
889 4637 1003 4681 &mini
1015 4637 1098 4692 diem,
1112 4637 1244 4692 videlicet,
1259 4639 1423 4693 vigesimum
1438 4642 1544 4684 sextum
1561 4637 1613 4682 De-

379 4712 505 4758 cambris.
