<?xml version="1.0" encoding="UTF-8"?>
<!DOCTYPE html PUBLIC "-//W3C//DTD XHTML 1.0 Transitional//EN"
    "http://www.w3.org/TR/xhtml1/DTD/xhtml1-transitional.dtd">
<html xmlns="http://www.w3.org/1999/xhtml" xml:lang="en" lang="en">
 <head>
  <title>
</title>
<meta http-equiv="Content-Type" content="text/html;charset=utf-8" />
  <meta name='ocr-system' content='tesseract 3.04.00' />
  <meta name='ocr-capabilities' content='ocr_page ocr_carea ocr_par ocr_line ocrx_word'/>
</head>
<body>
  <div class='ocr_page' id='page_1' title='image "./vitaignatiiloio01polagoog_0508.png"; bbox 0 0 3717 5400; ppageno 0'>
   <div class='ocr_carea' id='block_1_1' title="bbox 314 486 1096 563">
    <p class='ocr_par' dir='ltr' id='par_1_1' title="bbox 314 486 1096 563">
     <span class='ocr_line' id='line_1_1' title="bbox 314 486 1096 563; baseline 0.001 -16"><span class='ocrx_word' id='word_1_1' title='bbox 314 486 369 547; x_wconf 81' lang='lat'>502</span> <span class='ocrx_word' id='word_1_2' title='bbox 772 489 901 550; x_wconf 82' lang='lat' dir='ltr'>Cunott.</span> <span class='ocrx_word' id='word_1_3' title='bbox 921 488 999 550; x_wconf 87' lang='lat' dir='ltr'><strong>Soc.</strong></span> <span class='ocrx_word' id='word_1_4' title='bbox 1025 502 1096 563; x_wconf 78' lang='lat' dir='ltr'>Jss.</span> 
     </span>
    </p>
   </div>
   <div class='ocr_carea' id='block_1_2' title="bbox 316 632 1563 4468">
    <p class='ocr_par' dir='ltr' id='par_1_2' title="bbox 316 632 1556 931">
     <span class='ocr_line' id='line_1_2' title="bbox 316 632 1556 717; baseline 0.002 -21"><span class='ocrx_word' id='word_1_5' title='bbox 316 632 401 697; x_wconf 90' lang='lat' dir='ltr'>dere</span> <span class='ocrx_word' id='word_1_6' title='bbox 416 635 567 715; x_wconf 92' lang='lat' dir='ltr'>amplius</span> <span class='ocrx_word' id='word_1_7' title='bbox 581 636 745 713; x_wconf 90' lang='lat' dir='ltr'>voluerit,</span> <span class='ocrx_word' id='word_1_8' title='bbox 761 634 862 717; x_wconf 80' lang='lat' dir='ltr'>{quod</span> <span class='ocrx_word' id='word_1_9' title='bbox 882 638 981 700; x_wconf 85' lang='lat' dir='ltr'>auxit</span> <span class='ocrx_word' id='word_1_10' title='bbox 1000 654 1072 700; x_wconf 90' lang='lat' dir='ltr'>non</span> <span class='ocrx_word' id='word_1_11' title='bbox 1087 637 1301 699; x_wconf 88' lang='lat' dir='ltr'>mediocrem</span> <span class='ocrx_word' id='word_1_12' title='bbox 1320 634 1556 699; x_wconf 78' lang='lat' dir='ltr'>existimatio—</span> 
     </span>
     <span class='ocr_line' id='line_1_3' title="bbox 317 740 1551 824; baseline 0.001 -20"><span class='ocrx_word' id='word_1_13' title='bbox 317 758 398 804; x_wconf 87' lang='lat' dir='ltr'>nem</span> <span class='ocrx_word' id='word_1_14' title='bbox 413 740 607 822; x_wconf 88' lang='lat' dir='ltr'>doctrinae,</span> <span class='ocrx_word' id='word_1_15' title='bbox 628 743 858 807; x_wconf 86' lang='lat' dir='ltr'>concionibus</span> <span class='ocrx_word' id='word_1_16' title='bbox 878 742 954 823; x_wconf 88' lang='lat' dir='ltr'>ejus</span> <span class='ocrx_word' id='word_1_17' title='bbox 970 742 1204 824; x_wconf 82' lang='lat' dir='ltr'>profuturam3</span> <span class='ocrx_word' id='word_1_18' title='bbox 1231 752 1266 807; x_wconf 92' lang='lat' dir='ltr'>et</span> <span class='ocrx_word' id='word_1_19' title='bbox 1289 759 1423 822; x_wconf 90' lang='lat' dir='ltr'>magna</span> <span class='ocrx_word' id='word_1_20' title='bbox 1447 743 1551 806; x_wconf 89' lang='lat' dir='ltr'>bene·</span> 
     </span>
     <span class='ocr_line' id='line_1_4' title="bbox 318 848 1366 931; baseline 0.002 -20"><span class='ocrx_word' id='word_1_21' title='bbox 318 850 474 912; x_wconf 88' lang='lat' dir='ltr'>volentia</span> <span class='ocrx_word' id='word_1_22' title='bbox 486 858 521 912; x_wconf 88' lang='lat' dir='ltr'>et</span> <span class='ocrx_word' id='word_1_23' title='bbox 535 848 710 913; x_wconf 84' lang='lat' dir='ltr'><strong>charitate</strong></span> <span class='ocrx_word' id='word_1_24' title='bbox 724 850 883 931; x_wconf 81' lang='lat' dir='ltr'>religiosi</span> <span class='ocrx_word' id='word_1_25' title='bbox 897 853 1030 915; x_wconf 90' lang='lat' dir='ltr'>nostris</span> <span class='ocrx_word' id='word_1_26' title='bbox 1041 852 1198 915; x_wconf 89' lang='lat' dir='ltr'>devincti</span> <span class='ocrx_word' id='word_1_27' title='bbox 1213 852 1366 915; x_wconf 87' lang='lat' dir='ltr'>luerunt.</span> 
     </span>
    </p>

    <p class='ocr_par' dir='ltr' id='par_1_3' title="bbox 318 954 1557 2003">
     <span class='ocr_line' id='line_1_5' title="bbox 361 954 1555 1039; baseline 0.002 -22"><span class='ocrx_word' id='word_1_28' title='bbox 361 954 448 1019; x_wconf 74' lang='lat'>1307.</span> <span class='ocrx_word' id='word_1_29' title='bbox 492 956 633 1020; x_wconf 91' lang='lat' dir='ltr'>Accidit</span> <span class='ocrx_word' id='word_1_30' title='bbox 648 966 766 1021; x_wconf 91' lang='lat' dir='ltr'>autem</span> <span class='ocrx_word' id='word_1_31' title='bbox 782 970 820 1022; x_wconf 93' lang='lat' dir='ltr'>ut</span> <span class='ocrx_word' id='word_1_32' title='bbox 840 959 984 1039; x_wconf 89' lang='lat' dir='ltr'>quidam</span> <span class='ocrx_word' id='word_1_33' title='bbox 999 976 1044 1022; x_wconf 83' lang='lat' dir='ltr'>ex</span> <span class='ocrx_word' id='word_1_34' title='bbox 1058 958 1234 1022; x_wconf 91' lang='lat' dir='ltr'>nobilibus</span> <span class='ocrx_word' id='word_1_35' title='bbox 1253 956 1555 1035; x_wconf 55' lang='lat' dir='ltr'>adolescentibus</span> 
     </span>
     <span class='ocr_line' id='line_1_6' title="bbox 319 1061 1549 1144; baseline 0 -17"><span class='ocrx_word' id='word_1_36' title='bbox 319 1063 378 1143; x_wconf 85' lang='lat' dir='ltr'>qui</span> <span class='ocrx_word' id='word_1_37' title='bbox 392 1061 551 1127; x_wconf 81' lang='lat' dir='ltr'>Ducibus</span> <span class='ocrx_word' id='word_1_38' title='bbox 566 1065 793 1144; x_wconf 86' lang='lat' dir='ltr'>inserviebat,</span> <span class='ocrx_word' id='word_1_39' title='bbox 810 1082 891 1130; x_wconf 93' lang='lat' dir='ltr'>cum</span> <span class='ocrx_word' id='word_1_40' title='bbox 906 1067 973 1129; x_wconf 89' lang='lat' dir='ltr'>iret</span> <span class='ocrx_word' id='word_1_41' title='bbox 984 1065 1151 1143; x_wconf 88' lang='lat' dir='ltr'>cubitum,</span> <span class='ocrx_word' id='word_1_42' title='bbox 1164 1067 1271 1143; x_wconf 85' lang='lat' dir='ltr'>longe</span> <span class='ocrx_word' id='word_1_43' title='bbox 1284 1064 1385 1127; x_wconf 88' lang='lat' dir='ltr'>aliter</span> <span class='ocrx_word' id='word_1_44' title='bbox 1401 1062 1549 1127; x_wconf 84' lang='lat' dir='ltr'>affectus</span> 
     </span>
     <span class='ocr_line' id='line_1_7' title="bbox 319 1171 1551 1252; baseline 0.001 -19"><span class='ocrx_word' id='word_1_45' title='bbox 319 1188 425 1252; x_wconf 91' lang='lat' dir='ltr'>quam</span> <span class='ocrx_word' id='word_1_46' title='bbox 439 1171 549 1252; x_wconf 91' lang='lat' dir='ltr'>ipsius</span> <span class='ocrx_word' id='word_1_47' title='bbox 565 1172 805 1237; x_wconf 88' lang='lat' dir='ltr'>conscientiae</span> <span class='ocrx_word' id='word_1_48' title='bbox 821 1174 1066 1251; x_wconf 86' lang='lat' dir='ltr'>conveniebat,</span> <span class='ocrx_word' id='word_1_49' title='bbox 1080 1174 1124 1236; x_wconf 92' lang='lat' dir='ltr'>de</span> <span class='ocrx_word' id='word_1_50' title='bbox 1139 1190 1208 1252; x_wconf 89' lang='lat' dir='ltr'>quo</span> <span class='ocrx_word' id='word_1_51' title='bbox 1224 1172 1319 1252; x_wconf 88' lang='lat' dir='ltr'>apud</span> <span class='ocrx_word' id='word_1_52' title='bbox 1332 1173 1421 1235; x_wconf 88' lang='lat' dir='ltr'>alios</span> <span class='ocrx_word' id='word_1_53' title='bbox 1432 1171 1551 1235; x_wconf 89' lang='lat' dir='ltr'>socios</span> 
     </span>
     <span class='ocr_line' id='line_1_8' title="bbox 319 1276 1550 1359; baseline -0.001 -18"><span class='ocrx_word' id='word_1_54' title='bbox 319 1296 357 1341; x_wconf 90' lang='lat' dir='ltr'>se</span> <span class='ocrx_word' id='word_1_55' title='bbox 371 1278 486 1357; x_wconf 90' lang='lat' dir='ltr'>ipsum</span> <span class='ocrx_word' id='word_1_56' title='bbox 498 1278 669 1359; x_wconf 89' lang='lat' dir='ltr'>jactabat,</span> <span class='ocrx_word' id='word_1_57' title='bbox 686 1279 810 1344; x_wconf 89' lang='lat' dir='ltr'>eadem</span> <span class='ocrx_word' id='word_1_58' title='bbox 830 1289 936 1344; x_wconf 89' lang='lat' dir='ltr'>nocte</span> <span class='ocrx_word' id='word_1_59' title='bbox 954 1282 1019 1343; x_wconf 92' lang='lat' dir='ltr'>tali</span> <span class='ocrx_word' id='word_1_60' title='bbox 1043 1298 1124 1343; x_wconf 89' lang='lat' dir='ltr'>curn</span> <span class='ocrx_word' id='word_1_61' title='bbox 1145 1278 1367 1359; x_wconf 81' lang='lat' dir='ltr'>aegritudine</span> <span class='ocrx_word' id='word_1_62' title='bbox 1384 1296 1465 1341; x_wconf 90' lang='lat' dir='ltr'>eum</span> <span class='ocrx_word' id='word_1_63' title='bbox 1480 1276 1550 1341; x_wconf 92' lang='lat' dir='ltr'>Do-</span> 
     </span>
     <span class='ocr_line' id='line_1_9' title="bbox 319 1385 1557 1467; baseline -0.001 -18"><span class='ocrx_word' id='word_1_64' title='bbox 319 1385 435 1449; x_wconf 87' lang='lat' dir='ltr'>minus</span> <span class='ocrx_word' id='word_1_65' title='bbox 450 1386 621 1463; x_wconf 87' lang='lat' dir='ltr'>visitavit,</span> <span class='ocrx_word' id='word_1_66' title='bbox 638 1396 677 1450; x_wconf 92' lang='lat' dir='ltr'>ut</span> <span class='ocrx_word' id='word_1_67' title='bbox 691 1388 847 1451; x_wconf 90' lang='lat' dir='ltr'>clamare</span> <span class='ocrx_word' id='word_1_68' title='bbox 863 1388 1057 1467; x_wconf 88' lang='lat' dir='ltr'>incoeperit</span> <span class='ocrx_word' id='word_1_69' title='bbox 1068 1406 1107 1451; x_wconf 88' lang='lat' dir='ltr'>se</span> <span class='ocrx_word' id='word_1_70' title='bbox 1121 1387 1225 1466; x_wconf 91' lang='lat' dir='ltr'>mori;</span> <span class='ocrx_word' id='word_1_71' title='bbox 1241 1398 1276 1449; x_wconf 90' lang='lat' dir='ltr'>et</span> <span class='ocrx_word' id='word_1_72' title='bbox 1291 1386 1557 1449; x_wconf 80' lang='lat' dir='ltr'>confessionem-</span> 
     </span>
     <span class='ocr_line' id='line_1_10' title="bbox 319 1489 1553 1578; baseline -0.001 -23"><span class='ocrx_word' id='word_1_73' title='bbox 319 1492 472 1574; x_wconf 89' lang='lat' dir='ltr'>petebat;</span> <span class='ocrx_word' id='word_1_74' title='bbox 489 1503 523 1556; x_wconf 92' lang='lat' dir='ltr'>et</span> <span class='ocrx_word' id='word_1_75' title='bbox 539 1510 619 1557; x_wconf 91' lang='lat' dir='ltr'>curn</span> <span class='ocrx_word' id='word_1_76' title='bbox 635 1511 715 1557; x_wconf 87' lang='lat' dir='ltr'>enm</span> <span class='ocrx_word' id='word_1_77' title='bbox 726 1493 837 1558; x_wconf 71' lang='lat' dir='ltr'>&#39;Patri</span> <span class='ocrx_word' id='word_1_78' title='bbox 851 1494 981 1578; x_wconf 87' lang='lat' dir='ltr'>Joanni</span> <span class='ocrx_word' id='word_1_79' title='bbox 997 1494 1106 1557; x_wconf 90' lang='lat' dir='ltr'>Paulo</span> <span class='ocrx_word' id='word_1_80' title='bbox 1121 1494 1245 1558; x_wconf 86' lang='lat' dir='ltr'>facere</span> <span class='ocrx_word' id='word_1_81' title='bbox 1260 1502 1410 1574; x_wconf 89' lang='lat' dir='ltr'>optaret,</span> <span class='ocrx_word' id='word_1_82' title='bbox 1436 1489 1553 1555; x_wconf 90' lang='lat' dir='ltr'>media</span> 
     </span>
     <span class='ocr_line' id='line_1_11' title="bbox 318 1602 1553 1677; baseline -0.001 -14"><span class='ocrx_word' id='word_1_83' title='bbox 318 1608 424 1664; x_wconf 89' lang='lat' dir='ltr'>nocte</span> <span class='ocrx_word' id='word_1_84' title='bbox 439 1618 519 1664; x_wconf 90' lang='lat' dir='ltr'>eum</span> <span class='ocrx_word' id='word_1_85' title='bbox 535 1602 734 1665; x_wconf 88' lang='lat' dir='ltr'>detulerunt</span> <span class='ocrx_word' id='word_1_86' title='bbox 751 1603 796 1665; x_wconf 88' lang='lat' dir='ltr'>ad</span> <span class='ocrx_word' id='word_1_87' title='bbox 811 1612 965 1677; x_wconf 89' lang='lat' dir='ltr'>nostros,</span> <span class='ocrx_word' id='word_1_88' title='bbox 983 1612 1017 1667; x_wconf 91' lang='lat' dir='ltr'>et</span> <span class='ocrx_word' id='word_1_89' title='bbox 1028 1603 1153 1666; x_wconf 89' lang='lat' dir='ltr'>eadem</span> <span class='ocrx_word' id='word_1_90' title='bbox 1165 1611 1271 1665; x_wconf 92' lang='lat' dir='ltr'>nocte</span> <span class='ocrx_word' id='word_1_91' title='bbox 1288 1602 1472 1665; x_wconf 85' lang='lat' dir='ltr'>confessus</span> <span class='ocrx_word' id='word_1_92' title='bbox 1485 1608 1553 1677; x_wconf 71' lang='lat' dir='ltr'>est,</span> 
     </span>
     <span class='ocr_line' id='line_1_12' title="bbox 319 1705 1553 1791; baseline -0.001 -21"><span class='ocrx_word' id='word_1_93' title='bbox 319 1717 354 1770; x_wconf 88' lang='lat' dir='ltr'>et</span> <span class='ocrx_word' id='word_1_94' title='bbox 380 1716 516 1771; x_wconf 88' lang='lat' dir='ltr'>tantum</span> <span class='ocrx_word' id='word_1_95' title='bbox 541 1708 796 1772; x_wconf 87' lang='lat' dir='ltr'>consolationis</span> <span class='ocrx_word' id='word_1_96' title='bbox 825 1726 887 1791; x_wconf 92' lang='lat' dir='ltr'>per</span> <span class='ocrx_word' id='word_1_97' title='bbox 921 1710 989 1773; x_wconf 92' lang='lat' dir='ltr'>hoc</span> <span class='ocrx_word' id='word_1_98' title='bbox 1013 1720 1278 1772; x_wconf 86' lang='lat' dir='ltr'>sacramentum</span> <span class='ocrx_word' id='word_1_99' title='bbox 1303 1709 1352 1772; x_wconf 92' lang='lat' dir='ltr'>illi</span> <span class='ocrx_word' id='word_1_100' title='bbox 1377 1705 1553 1770; x_wconf 88' lang='lat' dir='ltr'>Dominus</span> 
     </span>
     <span class='ocr_line' id='line_1_13' title="bbox 320 1814 1551 1896; baseline 0 -20"><span class='ocrx_word' id='word_1_101' title='bbox 320 1816 478 1893; x_wconf 91' lang='lat' dir='ltr'>contulit,</span> <span class='ocrx_word' id='word_1_102' title='bbox 499 1825 538 1879; x_wconf 91' lang='lat' dir='ltr'>ut</span> <span class='ocrx_word' id='word_1_103' title='bbox 564 1816 608 1878; x_wconf 90' lang='lat' dir='ltr'>ab</span> <span class='ocrx_word' id='word_1_104' title='bbox 635 1834 676 1879; x_wconf 89' lang='lat' dir='ltr'>eo</span> <span class='ocrx_word' id='word_1_105' title='bbox 701 1818 846 1879; x_wconf 88' lang='lat' dir='ltr'>morbus</span> <span class='ocrx_word' id='word_1_106' title='bbox 869 1817 1069 1895; x_wconf 87' lang='lat' dir='ltr'>recesserit;</span> <span class='ocrx_word' id='word_1_107' title='bbox 1096 1834 1139 1879; x_wconf 86' lang='lat' dir='ltr'>ac</span> <span class='ocrx_word' id='word_1_108' title='bbox 1161 1816 1288 1879; x_wconf 90' lang='lat' dir='ltr'>deinde</span> <span class='ocrx_word' id='word_1_109' title='bbox 1313 1816 1484 1896; x_wconf 84' lang='lat' dir='ltr'>pergebat</span> <span class='ocrx_word' id='word_1_110' title='bbox 1504 1814 1551 1877; x_wconf 86' lang='lat' dir='ltr'>ad</span> 
     </span>
     <span class='ocr_line' id='line_1_14' title="bbox 319 1921 1549 2003; baseline 0 -19"><span class='ocrx_word' id='word_1_111' title='bbox 319 1921 462 1985; x_wconf 91' lang='lat' dir='ltr'>domurn</span> <span class='ocrx_word' id='word_1_112' title='bbox 474 1932 632 1986; x_wconf 90' lang='lat' dir='ltr'>nostram</span> <span class='ocrx_word' id='word_1_113' title='bbox 645 1922 774 1986; x_wconf 88' lang='lat' dir='ltr'>devote</span> <span class='ocrx_word' id='word_1_114' title='bbox 786 1923 967 2001; x_wconf 87' lang='lat' dir='ltr'>accedere,</span> <span class='ocrx_word' id='word_1_115' title='bbox 981 1940 1113 2003; x_wconf 86' lang='lat' dir='ltr'>magna</span> <span class='ocrx_word' id='word_1_116' title='bbox 1125 1924 1220 1987; x_wconf 91' lang='lat' dir='ltr'>vitae</span> <span class='ocrx_word' id='word_1_117' title='bbox 1230 1922 1426 1986; x_wconf 87' lang='lat' dir='ltr'>mutatione</span> <span class='ocrx_word' id='word_1_118' title='bbox 1441 1922 1549 1985; x_wconf 84' lang='lat' dir='ltr'>lacta.</span> 
     </span>
    </p>

    <p class='ocr_par' dir='ltr' id='par_1_4' title="bbox 320 2028 1560 4146">
     <span class='ocr_line' id='line_1_15' title="bbox 383 2028 1551 2114; baseline 0.001 -24"><span class='ocrx_word' id='word_1_119' title='bbox 383 2028 470 2093; x_wconf 84' lang='grc'>1368.</span> <span class='ocrx_word' id='word_1_120' title='bbox 514 2028 594 2111; x_wconf 89' lang='lat' dir='ltr'>Ipso</span> <span class='ocrx_word' id='word_1_121' title='bbox 611 2041 728 2093; x_wconf 88' lang='lat' dir='ltr'>autem</span> <span class='ocrx_word' id='word_1_122' title='bbox 743 2029 799 2093; x_wconf 89' lang='lat' dir='ltr'>die</span> <span class='ocrx_word' id='word_1_123' title='bbox 813 2030 915 2114; x_wconf 89' lang='lat' dir='ltr'>Jovis</span> <span class='ocrx_word' id='word_1_124' title='bbox 929 2029 1051 2094; x_wconf 88' lang='lat' dir='ltr'>Sancti</span> <span class='ocrx_word' id='word_1_125' title='bbox 1070 2039 1150 2112; x_wconf 92' lang='lat' dir='ltr'>post</span> <span class='ocrx_word' id='word_1_126' title='bbox 1170 2030 1372 2107; x_wconf 86' lang='lat' dir='ltr'>meridiem,</span> <span class='ocrx_word' id='word_1_127' title='bbox 1389 2047 1486 2092; x_wconf 90' lang='lat' dir='ltr'>more</span> <span class='ocrx_word' id='word_1_128' title='bbox 1501 2028 1551 2092; x_wconf 92' lang='lat' dir='ltr'>hi·</span> 
     </span>
     <span class='ocr_line' id='line_1_16' title="bbox 320 2136 1553 2215; baseline 0 -16"><span class='ocrx_word' id='word_1_129' title='bbox 320 2137 483 2215; x_wconf 91' lang='lat' dir='ltr'>spanico,</span> <span class='ocrx_word' id='word_1_130' title='bbox 500 2136 543 2199; x_wconf 91' lang='lat' dir='ltr'>de</span> <span class='ocrx_word' id='word_1_131' title='bbox 563 2136 732 2201; x_wconf 91' lang='lat' dir='ltr'>Mandato</span> <span class='ocrx_word' id='word_1_132' title='bbox 751 2136 895 2202; x_wconf 90' lang='lat' dir='ltr'>Domini</span> <span class='ocrx_word' id='word_1_133' title='bbox 917 2136 923 2169; x_wconf 90' lang='lat'><strong>¹</strong></span> <span class='ocrx_word' id='word_1_134' title='bbox 948 2137 1052 2201; x_wconf 86' lang='lat' dir='ltr'>Pater</span> <span class='ocrx_word' id='word_1_135' title='bbox 1072 2137 1166 2201; x_wconf 89' lang='lat' dir='ltr'>idem</span> <span class='ocrx_word' id='word_1_136' title='bbox 1187 2138 1419 2201; x_wconf 88' lang='lat' dir='ltr'>concionatus</span> <span class='ocrx_word' id='word_1_137' title='bbox 1438 2145 1494 2199; x_wconf 91' lang='lat' dir='ltr'>est</span> <span class='ocrx_word' id='word_1_138' title='bbox 1515 2136 1553 2199; x_wconf 89' lang='lat' dir='ltr'>in</span> 
     </span>
     <span class='ocr_line' id='line_1_17' title="bbox 321 2243 1551 2325; baseline -0.001 -19"><span class='ocrx_word' id='word_1_139' title='bbox 321 2260 459 2307; x_wconf 91' lang='lat' dir='ltr'>summo</span> <span class='ocrx_word' id='word_1_140' title='bbox 473 2245 667 2324; x_wconf 86' lang='lat' dir='ltr'>templo;·et</span> <span class='ocrx_word' id='word_1_141' title='bbox 683 2246 734 2307; x_wconf 90' lang='lat' dir='ltr'>sic</span> <span class='ocrx_word' id='word_1_142' title='bbox 749 2262 770 2307; x_wconf 87' lang='lat' dir='ltr'>a</span> <span class='ocrx_word' id='word_1_143' title='bbox 785 2243 939 2308; x_wconf 93' lang='lat' dir='ltr'>Domino</span> <span class='ocrx_word' id='word_1_144' title='bbox 954 2246 1102 2325; x_wconf 89' lang='lat' dir='ltr'>ipsemet</span> <span class='ocrx_word' id='word_1_145' title='bbox 1122 2245 1355 2309; x_wconf 87' lang='lat' dir='ltr'>concionator</span> <span class='ocrx_word' id='word_1_146' title='bbox 1377 2243 1442 2307; x_wconf 84' lang='lat' dir='ltr'>fuit</span> <span class='ocrx_word' id='word_1_147' title='bbox 1458 2261 1551 2306; x_wconf 92' lang='lat' dir='ltr'>com·</span> 
     </span>
     <span class='ocr_line' id='line_1_18' title="bbox 323 2351 1552 2433; baseline 0 -20"><span class='ocrx_word' id='word_1_148' title='bbox 323 2360 439 2414; x_wconf 90' lang='lat' dir='ltr'>motus</span> <span class='ocrx_word' id='word_1_149' title='bbox 455 2360 561 2433; x_wconf 91' lang='lat' dir='ltr'>atque</span> <span class='ocrx_word' id='word_1_150' title='bbox 577 2353 666 2415; x_wconf 89' lang='lat' dir='ltr'>alios</span> <span class='ocrx_word' id='word_1_151' title='bbox 681 2354 887 2431; x_wconf 89' lang='lat' dir='ltr'>commovit,</span> <span class='ocrx_word' id='word_1_152' title='bbox 903 2362 942 2415; x_wconf 93' lang='lat' dir='ltr'>ut</span> <span class='ocrx_word' id='word_1_153' title='bbox 958 2353 1074 2416; x_wconf 90' lang='lat' dir='ltr'>nullus</span> <span class='ocrx_word' id='word_1_154' title='bbox 1088 2363 1182 2416; x_wconf 88' lang='lat' dir='ltr'>esset</span> <span class='ocrx_word' id='word_1_155' title='bbox 1194 2354 1230 2415; x_wconf 92' lang='lat' dir='ltr'>in</span> <span class='ocrx_word' id='word_1_156' title='bbox 1245 2362 1321 2416; x_wconf 94' lang='lat' dir='ltr'>toto</span> <span class='ocrx_word' id='word_1_157' title='bbox 1335 2353 1478 2432; x_wconf 85' lang='lat' dir='ltr'>templo,</span> <span class='ocrx_word' id='word_1_158' title='bbox 1492 2351 1552 2430; x_wconf 88' lang='lat' dir='ltr'>qui</span> 
     </span>
     <span class='ocr_line' id='line_1_19' title="bbox 322 2455 1552 2539; baseline -0.001 -18"><span class='ocrx_word' id='word_1_159' title='bbox 322 2476 393 2522; x_wconf 87' lang='lat' dir='ltr'>non</span> <span class='ocrx_word' id='word_1_160' title='bbox 408 2458 558 2522; x_wconf 90' lang='lat' dir='ltr'>ubertim</span> <span class='ocrx_word' id='word_1_161' title='bbox 573 2458 683 2535; x_wconf 84' lang='lat' dir='ltr'>fleret,</span> <span class='ocrx_word' id='word_1_162' title='bbox 701 2460 784 2523; x_wconf 91' lang='lat' dir='ltr'>dum</span> <span class='ocrx_word' id='word_1_163' title='bbox 806 2460 921 2539; x_wconf 89' lang='lat' dir='ltr'>ipsum</span> <span class='ocrx_word' id='word_1_164' title='bbox 944 2460 1234 2523; x_wconf 88' lang='lat' dir='ltr'>concionatorem</span> <span class='ocrx_word' id='word_1_165' title='bbox 1259 2460 1429 2537; x_wconf 88' lang='lat' dir='ltr'>imitatur,</span> <span class='ocrx_word' id='word_1_166' title='bbox 1453 2455 1552 2537; x_wconf 89' lang='lat' dir='ltr'>cujus</span> 
     </span>
     <span class='ocr_line' id='line_1_20' title="bbox 322 2566 1553 2648; baseline -0.002 -19"><span class='ocrx_word' id='word_1_167' title='bbox 322 2568 447 2630; x_wconf 88' lang='lat' dir='ltr'>concio</span> <span class='ocrx_word' id='word_1_168' title='bbox 462 2583 593 2647; x_wconf 86' lang='lat' dir='ltr'>magna</span> <span class='ocrx_word' id='word_1_169' title='bbox 609 2585 653 2631; x_wconf 84' lang='lat' dir='ltr'>ex</span> <span class='ocrx_word' id='word_1_170' title='bbox 669 2578 769 2647; x_wconf 88' lang='lat' dir='ltr'>parte</span> <span class='ocrx_word' id='word_1_171' title='bbox 784 2568 821 2630; x_wconf 89' lang='lat' dir='ltr'>in</span> <span class='ocrx_word' id='word_1_172' title='bbox 836 2568 938 2631; x_wconf 85' lang='lat' dir='ltr'>fletus</span> <span class='ocrx_word' id='word_1_173' title='bbox 953 2578 987 2631; x_wconf 90' lang='lat' dir='ltr'>et</span> <span class='ocrx_word' id='word_1_174' title='bbox 1002 2568 1176 2648; x_wconf 89' lang='lat' dir='ltr'>singultus</span> <span class='ocrx_word' id='word_1_175' title='bbox 1188 2568 1287 2630; x_wconf 89' lang='lat' dir='ltr'>abiit.</span> <span class='ocrx_word' id='word_1_176' title='bbox 1303 2566 1435 2629; x_wconf 90' lang='lat' dir='ltr'>Eadem</span> <span class='ocrx_word' id='word_1_177' title='bbox 1447 2572 1553 2628; x_wconf 89' lang='lat' dir='ltr'>nocte</span> 
     </span>
     <span class='ocr_line' id='line_1_21' title="bbox 321 2672 1552 2755; baseline -0.002 -18"><span class='ocrx_word' id='word_1_178' title='bbox 321 2674 540 2755; x_wconf 90' lang='lat' dir='ltr'>processioni</span> <span class='ocrx_word' id='word_1_179' title='bbox 555 2692 593 2738; x_wconf 91' lang='lat' dir='ltr'>se</span> <span class='ocrx_word' id='word_1_180' title='bbox 608 2674 758 2754; x_wconf 88' lang='lat' dir='ltr'>flagellis</span> <span class='ocrx_word' id='word_1_181' title='bbox 777 2676 998 2740; x_wconf 88' lang='lat' dir='ltr'>caedentium</span> <span class='ocrx_word' id='word_1_182' title='bbox 1019 2675 1255 2739; x_wconf 91' lang='lat' dir='ltr'>concionatus</span> <span class='ocrx_word' id='word_1_183' title='bbox 1281 2683 1350 2752; x_wconf 88' lang='lat' dir='ltr'>est;</span> <span class='ocrx_word' id='word_1_184' title='bbox 1371 2672 1472 2737; x_wconf 91' lang='lat' dir='ltr'>multi</span> <span class='ocrx_word' id='word_1_185' title='bbox 1492 2689 1552 2735; x_wconf 89' lang='lat' dir='ltr'>au·</span> 
     </span>
     <span class='ocr_line' id='line_1_22' title="bbox 321 2779 1558 2864; baseline -0.002 -20"><span class='ocrx_word' id='word_1_186' title='bbox 321 2793 392 2845; x_wconf 92' lang='lat' dir='ltr'>tem</span> <span class='ocrx_word' id='word_1_187' title='bbox 408 2800 452 2844; x_wconf 84' lang='lat' dir='ltr'>ex</span> <span class='ocrx_word' id='word_1_188' title='bbox 468 2782 645 2862; x_wconf 87' lang='lat' dir='ltr'>primariis</span> <span class='ocrx_word' id='word_1_189' title='bbox 660 2781 735 2862; x_wconf 87' lang='lat' dir='ltr'>ejus</span> <span class='ocrx_word' id='word_1_190' title='bbox 750 2783 900 2864; x_wconf 90' lang='lat' dir='ltr'>insignis</span> <span class='ocrx_word' id='word_1_191' title='bbox 912 2783 1032 2864; x_wconf 90' lang='lat' dir='ltr'>oppidi</span> <span class='ocrx_word' id='word_1_192' title='bbox 1042 2785 1075 2846; x_wconf 91' lang='lat' dir='ltr'>ei</span> <span class='ocrx_word' id='word_1_193' title='bbox 1087 2792 1122 2846; x_wconf 91' lang='lat' dir='ltr'>et</span> <span class='ocrx_word' id='word_1_194' title='bbox 1133 2783 1231 2845; x_wconf 87' lang='lat' dir='ltr'>socio</span> <span class='ocrx_word' id='word_1_195' title='bbox 1242 2781 1340 2846; x_wconf 90' lang='lat' dir='ltr'>Patri</span> <span class='ocrx_word' id='word_1_196' title='bbox 1352 2779 1558 2860; x_wconf 81' lang='lat' dir='ltr'>Rodriguez</span> 
     </span>
     <span class='ocr_line' id='line_1_23' title="bbox 323 2888 1552 2969; baseline -0.001 -19"><span class='ocrx_word' id='word_1_197' title='bbox 323 2889 395 2969; x_wconf 91' lang='lat' dir='ltr'>(qui</span> <span class='ocrx_word' id='word_1_198' title='bbox 410 2888 549 2969; x_wconf 90' lang='lat' dir='ltr'>Hispali</span> <span class='ocrx_word' id='word_1_199' title='bbox 563 2889 678 2952; x_wconf 88' lang='lat' dir='ltr'>suerat</span> <span class='ocrx_word' id='word_1_200' title='bbox 693 2892 729 2954; x_wconf 93' lang='lat' dir='ltr'>in</span> <span class='ocrx_word' id='word_1_201' title='bbox 745 2889 958 2954; x_wconf 85' lang='lat' dir='ltr'>Societatem</span> <span class='ocrx_word' id='word_1_202' title='bbox 973 2891 1162 2963; x_wconf 87' lang='lat' dir='ltr'>admissus)</span> <span class='ocrx_word' id='word_1_203' title='bbox 1180 2888 1333 2952; x_wconf 86' lang='lat' dir='ltr'>confessi</span> <span class='ocrx_word' id='word_1_204' title='bbox 1348 2895 1441 2966; x_wconf 90' lang='lat' dir='ltr'>sunt,</span> <span class='ocrx_word' id='word_1_205' title='bbox 1454 2896 1489 2950; x_wconf 89' lang='lat' dir='ltr'>et</span> <span class='ocrx_word' id='word_1_206' title='bbox 1501 2904 1552 2949; x_wconf 90' lang='lat' dir='ltr'>re·</span> 
     </span>
     <span class='ocr_line' id='line_1_24' title="bbox 323 2993 1553 3078; baseline -0.002 -20"><span class='ocrx_word' id='word_1_207' title='bbox 323 2996 476 3060; x_wconf 89' lang='lat' dir='ltr'>medium</span> <span class='ocrx_word' id='word_1_208' title='bbox 493 2996 687 3060; x_wconf 87' lang='lat' dir='ltr'>adhibitum</span> <span class='ocrx_word' id='word_1_209' title='bbox 702 3008 755 3060; x_wconf 90' lang='lat' dir='ltr'>est</span> <span class='ocrx_word' id='word_1_210' title='bbox 770 2999 875 3062; x_wconf 87' lang='lat' dir='ltr'>rebus</span> <span class='ocrx_word' id='word_1_211' title='bbox 893 2999 1016 3078; x_wconf 90' lang='lat' dir='ltr'>magni</span> <span class='ocrx_word' id='word_1_212' title='bbox 1030 2998 1212 3073; x_wconf 91' lang='lat' dir='ltr'>momenti,</span> <span class='ocrx_word' id='word_1_213' title='bbox 1230 2996 1323 3077; x_wconf 91' lang='lat' dir='ltr'>quod</span> <span class='ocrx_word' id='word_1_214' title='bbox 1343 2996 1388 3059; x_wconf 93' lang='lat' dir='ltr'>ad</span> <span class='ocrx_word' id='word_1_215' title='bbox 1407 2993 1553 3058; x_wconf 85' lang='lat' dir='ltr'>faculta-</span> 
     </span>
     <span class='ocr_line' id='line_1_25' title="bbox 324 3101 1558 3185; baseline -0.002 -20"><span class='ocrx_word' id='word_1_216' title='bbox 324 3113 377 3166; x_wconf 92' lang='lat' dir='ltr'>tes</span> <span class='ocrx_word' id='word_1_217' title='bbox 391 3105 604 3183; x_wconf 89' lang='lat' dir='ltr'>temporales</span> <span class='ocrx_word' id='word_1_218' title='bbox 619 3105 755 3182; x_wconf 89' lang='lat' dir='ltr'>attinet;</span> <span class='ocrx_word' id='word_1_219' title='bbox 772 3113 806 3168; x_wconf 91' lang='lat' dir='ltr'>et</span> <span class='ocrx_word' id='word_1_220' title='bbox 821 3105 932 3183; x_wconf 90' lang='lat' dir='ltr'>multi,</span> <span class='ocrx_word' id='word_1_221' title='bbox 956 3105 1017 3185; x_wconf 91' lang='lat' dir='ltr'>qui</span> <span class='ocrx_word' id='word_1_222' title='bbox 1037 3122 1079 3168; x_wconf 89' lang='lat' dir='ltr'>eo</span> <span class='ocrx_word' id='word_1_223' title='bbox 1100 3106 1136 3168; x_wconf 92' lang='lat' dir='ltr'>in</span> <span class='ocrx_word' id='word_1_224' title='bbox 1159 3104 1290 3184; x_wconf 88' lang='lat' dir='ltr'>populo</span> <span class='ocrx_word' id='word_1_225' title='bbox 1306 3120 1387 3165; x_wconf 91' lang='lat' dir='ltr'>cum</span> <span class='ocrx_word' id='word_1_226' title='bbox 1408 3101 1558 3165; x_wconf 75' lang='lat' dir='ltr'>licentia.</span> 
     </span>
     <span class='ocr_line' id='line_1_26' title="bbox 323 3208 1557 3292; baseline -0.002 -20"><span class='ocrx_word' id='word_1_227' title='bbox 323 3227 454 3289; x_wconf 89' lang='lat' dir='ltr'>magna</span> <span class='ocrx_word' id='word_1_228' title='bbox 469 3211 646 3287; x_wconf 86' lang='lat' dir='ltr'>vixerant,</span> <span class='ocrx_word' id='word_1_229' title='bbox 664 3211 708 3274; x_wconf 89' lang='lat' dir='ltr'>ad</span> <span class='ocrx_word' id='word_1_230' title='bbox 724 3213 904 3275; x_wconf 90' lang='lat' dir='ltr'>meliorem</span> <span class='ocrx_word' id='word_1_231' title='bbox 920 3211 1059 3292; x_wconf 84' lang='lat' dir='ltr'>frugem</span> <span class='ocrx_word' id='word_1_232' title='bbox 1073 3230 1112 3274; x_wconf 91' lang='lat' dir='ltr'>se</span> <span class='ocrx_word' id='word_1_233' title='bbox 1127 3219 1349 3290; x_wconf 87' lang='lat' dir='ltr'>receperunt;</span> <span class='ocrx_word' id='word_1_234' title='bbox 1366 3208 1557 3290; x_wconf 89' lang='lat' dir='ltr'>quodcum</span> 
     </span>
     <span class='ocr_line' id='line_1_27' title="bbox 323 3308 1553 3398; baseline -0.002 -19"><span class='ocrx_word' id='word_1_235' title='bbox 323 3317 367 3380; x_wconf 91' lang='lat' dir='ltr'>ab</span> <span class='ocrx_word' id='word_1_236' title='bbox 383 3317 461 3380; x_wconf 92' lang='lat' dir='ltr'>aliis</span> <span class='ocrx_word' id='word_1_237' title='bbox 477 3318 705 3381; x_wconf 89' lang='lat' dir='ltr'>observatum</span> <span class='ocrx_word' id='word_1_238' title='bbox 720 3329 824 3397; x_wconf 88' lang='lat' dir='ltr'>esset,</span> <span class='ocrx_word' id='word_1_239' title='bbox 842 3319 886 3382; x_wconf 90' lang='lat' dir='ltr'>ad</span> <span class='ocrx_word' id='word_1_240' title='bbox 902 3335 1071 3398; x_wconf 89' lang='lat' dir='ltr'>magnam</span> <span class='ocrx_word' id='word_1_241' title='bbox 1082 3308 1364 3382; x_wconf 88' lang='lat' dir='ltr'>aedificationem</span> <span class='ocrx_word' id='word_1_242' title='bbox 1376 3315 1484 3379; x_wconf 88' lang='lat' dir='ltr'>etiam</span> <span class='ocrx_word' id='word_1_243' title='bbox 1496 3331 1553 3376; x_wconf 91' lang='lat' dir='ltr'>eo·</span> 
     </span>
     <span class='ocr_line' id='line_1_28' title="bbox 322 3421 1560 3505; baseline 0 -19"><span class='ocrx_word' id='word_1_244' title='bbox 322 3441 401 3488; x_wconf 90' lang='lat' dir='ltr'>rum</span> <span class='ocrx_word' id='word_1_245' title='bbox 417 3425 452 3487; x_wconf 92' lang='lat' dir='ltr'>id</span> <span class='ocrx_word' id='word_1_246' title='bbox 467 3426 584 3488; x_wconf 89' lang='lat' dir='ltr'>cessit.</span> <span class='ocrx_word' id='word_1_247' title='bbox 601 3424 714 3488; x_wconf 88' lang='lat' dir='ltr'>Paces</span> <span class='ocrx_word' id='word_1_248' title='bbox 730 3426 836 3489; x_wconf 88' lang='lat' dir='ltr'>etiam</span> <span class='ocrx_word' id='word_1_249' title='bbox 853 3427 945 3490; x_wconf 90' lang='lat' dir='ltr'>inter</span> <span class='ocrx_word' id='word_1_250' title='bbox 960 3426 1144 3489; x_wconf 89' lang='lat' dir='ltr'>discordes</span> <span class='ocrx_word' id='word_1_251' title='bbox 1159 3425 1379 3505; x_wconf 88' lang='lat' dir='ltr'>compositae</span> <span class='ocrx_word' id='word_1_252' title='bbox 1399 3421 1560 3500; x_wconf 87' lang='lat' dir='ltr'>fuerunt,</span> 
     </span>
     <span class='ocr_line' id='line_1_29' title="bbox 323 3527 1554 3616; baseline -0.001 -23"><span class='ocrx_word' id='word_1_253' title='bbox 323 3540 357 3594; x_wconf 90' lang='lat' dir='ltr'>et</span> <span class='ocrx_word' id='word_1_254' title='bbox 371 3531 437 3594; x_wconf 85' lang='lat' dir='ltr'>suit</span> <span class='ocrx_word' id='word_1_255' title='bbox 451 3532 558 3616; x_wconf 82' lang='lat' dir='ltr'>etiam</span> <span class='ocrx_word' id='word_1_256' title='bbox 573 3533 632 3613; x_wconf 91' lang='lat' dir='ltr'>qui</span> <span class='ocrx_word' id='word_1_257' title='bbox 648 3541 797 3596; x_wconf 90' lang='lat' dir='ltr'>mortem</span> <span class='ocrx_word' id='word_1_258' title='bbox 812 3532 1085 3612; x_wconf 69' lang='lat' dir='ltr'>condonaverit,</span> <span class='ocrx_word' id='word_1_259' title='bbox 1102 3549 1168 3594; x_wconf 90' lang='lat' dir='ltr'>nec</span> <span class='ocrx_word' id='word_1_260' title='bbox 1183 3533 1345 3595; x_wconf 90' lang='lat' dir='ltr'>omittam</span> <span class='ocrx_word' id='word_1_261' title='bbox 1365 3527 1459 3610; x_wconf 91' lang='lat' dir='ltr'>quod</span> <span class='ocrx_word' id='word_1_262' title='bbox 1474 3527 1554 3592; x_wconf 90' lang='lat' dir='ltr'>Nie-</span> 
     </span>
     <span class='ocr_line' id='line_1_30' title="bbox 322 3633 1559 3720; baseline 0 -20"><span class='ocrx_word' id='word_1_263' title='bbox 322 3638 401 3701; x_wconf 90' lang='lat' dir='ltr'>blae</span> <span class='ocrx_word' id='word_1_264' title='bbox 422 3638 550 3702; x_wconf 90' lang='lat' dir='ltr'>Comes</span> <span class='ocrx_word' id='word_1_265' title='bbox 569 3641 670 3716; x_wconf 87' lang='lat' dir='ltr'>signa</span> <span class='ocrx_word' id='word_1_266' title='bbox 692 3639 866 3720; x_wconf 91' lang='lat' dir='ltr'>quaedam</span> <span class='ocrx_word' id='word_1_267' title='bbox 895 3640 1057 3720; x_wconf 89' lang='lat' dir='ltr'>penicillo</span> <span class='ocrx_word' id='word_1_268' title='bbox 1082 3639 1233 3719; x_wconf 90' lang='lat' dir='ltr'>depicta,</span> <span class='ocrx_word' id='word_1_269' title='bbox 1261 3637 1384 3716; x_wconf 88' lang='lat' dir='ltr'>magni</span> <span class='ocrx_word' id='word_1_270' title='bbox 1404 3633 1559 3711; x_wconf 82' lang='lat' dir='ltr'>valoris„</span> 
     </span>
     <span class='ocr_line' id='line_1_31' title="bbox 324 3741 1557 3828; baseline -0.003 -20"><span class='ocrx_word' id='word_1_271' title='bbox 324 3745 386 3808; x_wconf 89' lang='lat' dir='ltr'>sed</span> <span class='ocrx_word' id='word_1_272' title='bbox 401 3761 526 3824; x_wconf 91' lang='lat' dir='ltr'>parum</span> <span class='ocrx_word' id='word_1_273' title='bbox 543 3747 692 3808; x_wconf 87' lang='lat' dir='ltr'>honesta</span> <span class='ocrx_word' id='word_1_274' title='bbox 709 3746 803 3826; x_wconf 90' lang='lat' dir='ltr'>apud</span> <span class='ocrx_word' id='word_1_275' title='bbox 818 3765 856 3809; x_wconf 92' lang='lat' dir='ltr'>se</span> <span class='ocrx_word' id='word_1_276' title='bbox 872 3747 1034 3826; x_wconf 83' lang='lat' dir='ltr'>habebat;</span> <span class='ocrx_word' id='word_1_277' title='bbox 1051 3745 1145 3828; x_wconf 92' lang='lat' dir='ltr'>quod</span> <span class='ocrx_word' id='word_1_278' title='bbox 1161 3762 1241 3807; x_wconf 91' lang='lat' dir='ltr'>cum</span> <span class='ocrx_word' id='word_1_279' title='bbox 1255 3743 1367 3806; x_wconf 91' lang='lat' dir='ltr'>nostri</span> <span class='ocrx_word' id='word_1_280' title='bbox 1380 3741 1557 3822; x_wconf 85' lang='lat' dir='ltr'>improba·</span> 
     </span>
     <span class='ocr_line' id='line_1_32' title="bbox 323 3847 1559 3934; baseline -0.004 -19"><span class='ocrx_word' id='word_1_281' title='bbox 323 3862 413 3930; x_wconf 91' lang='lat' dir='ltr'>rent,</span> <span class='ocrx_word' id='word_1_282' title='bbox 432 3850 559 3931; x_wconf 86' lang='lat' dir='ltr'>abjecit</span> <span class='ocrx_word' id='word_1_283' title='bbox 575 3852 632 3915; x_wconf 90' lang='lat' dir='ltr'>ille</span> <span class='ocrx_word' id='word_1_284' title='bbox 646 3854 805 3933; x_wconf 90' lang='lat' dir='ltr'>picturas</span> <span class='ocrx_word' id='word_1_285' title='bbox 822 3852 1023 3934; x_wconf 87' lang='lat' dir='ltr'>praedictas</span> <span class='ocrx_word' id='word_1_286' title='bbox 1039 3863 1072 3916; x_wconf 89' lang='lat' dir='ltr'>et</span> <span class='ocrx_word' id='word_1_287' title='bbox 1096 3853 1131 3915; x_wconf 91' lang='lat' dir='ltr'>in</span> <span class='ocrx_word' id='word_1_288' title='bbox 1150 3854 1268 3915; x_wconf 90' lang='lat' dir='ltr'>locum</span> <span class='ocrx_word' id='word_1_289' title='bbox 1289 3847 1420 3928; x_wconf 89' lang='lat' dir='ltr'>conjici</span> <span class='ocrx_word' id='word_1_290' title='bbox 1439 3847 1559 3926; x_wconf 75' lang='lat' dir='ltr'>iussit,</span> 
     </span>
     <span class='ocr_line' id='line_1_33' title="bbox 323 3956 1555 4041; baseline -0.004 -19"><span class='ocrx_word' id='word_1_291' title='bbox 323 3959 416 4022; x_wconf 92' lang='lat' dir='ltr'>unde</span> <span class='ocrx_word' id='word_1_292' title='bbox 432 3976 503 4022; x_wconf 92' lang='lat' dir='ltr'>non</span> <span class='ocrx_word' id='word_1_293' title='bbox 518 3960 669 4040; x_wconf 88' lang='lat' dir='ltr'>amplius</span> <span class='ocrx_word' id='word_1_294' title='bbox 689 3959 906 4041; x_wconf 89' lang='lat' dir='ltr'>viderentur;</span> <span class='ocrx_word' id='word_1_295' title='bbox 922 3970 957 4022; x_wconf 91' lang='lat' dir='ltr'>et</span> <span class='ocrx_word' id='word_1_296' title='bbox 971 3960 1092 4024; x_wconf 89' lang='lat' dir='ltr'>statim</span> <span class='ocrx_word' id='word_1_297' title='bbox 1107 3960 1183 4040; x_wconf 89' lang='lat' dir='ltr'>ipse</span> <span class='ocrx_word' id='word_1_298' title='bbox 1202 3957 1330 4022; x_wconf 91' lang='lat' dir='ltr'>Comes</span> <span class='ocrx_word' id='word_1_299' title='bbox 1350 3956 1555 4036; x_wconf 86' lang='lat' dir='ltr'>generalem</span> 
     </span>
     <span class='ocr_line' id='line_1_34' title="bbox 326 4063 1373 4146; baseline -0.002 -18"><span class='ocrx_word' id='word_1_300' title='bbox 326 4065 422 4129; x_wconf 89' lang='lat' dir='ltr'>vitae</span> <span class='ocrx_word' id='word_1_301' title='bbox 439 4066 545 4129; x_wconf 90' lang='lat' dir='ltr'>totius</span> <span class='ocrx_word' id='word_1_302' title='bbox 560 4065 818 4130; x_wconf 85' lang='lat' dir='ltr'>confessionem</span> <span class='ocrx_word' id='word_1_303' title='bbox 834 4068 927 4146; x_wconf 87' lang='lat' dir='ltr'>apud</span> <span class='ocrx_word' id='word_1_304' title='bbox 945 4084 1053 4130; x_wconf 91' lang='lat' dir='ltr'>unum</span> <span class='ocrx_word' id='word_1_305' title='bbox 1069 4085 1114 4129; x_wconf 87' lang='lat' dir='ltr'>ex</span> <span class='ocrx_word' id='word_1_306' title='bbox 1131 4065 1262 4128; x_wconf 90' lang='lat' dir='ltr'>nostris</span> <span class='ocrx_word' id='word_1_307' title='bbox 1276 4063 1373 4127; x_wconf 86' lang='lat' dir='ltr'>fecit.</span> 
     </span>
    </p>

    <p class='ocr_par' dir='ltr' id='par_1_5' title="bbox 325 4167 1563 4468">
     <span class='ocr_line' id='line_1_35' title="bbox 354 4167 1556 4257; baseline -0.003 -23"><span class='ocrx_word' id='word_1_308' title='bbox 354 4181 357 4189; x_wconf 71' lang='lat'><em>‘</em></span> <span class='ocrx_word' id='word_1_309' title='bbox 389 4171 476 4234; x_wconf 87' lang='grc'>1369.</span> <span class='ocrx_word' id='word_1_310' title='bbox 521 4170 658 4236; x_wconf 89' lang='lat' dir='ltr'>Deinde</span> <span class='ocrx_word' id='word_1_311' title='bbox 672 4172 778 4256; x_wconf 92' lang='lat' dir='ltr'>Junio</span> <span class='ocrx_word' id='word_1_312' title='bbox 800 4191 920 4238; x_wconf 91' lang='lat' dir='ltr'>mense</span> <span class='ocrx_word' id='word_1_313' title='bbox 943 4173 980 4237; x_wconf 89' lang='lat' dir='ltr'>P.</span> <span class='ocrx_word' id='word_1_314' title='bbox 1003 4173 1160 4257; x_wconf 90' lang='lat' dir='ltr'>Joannes</span> <span class='ocrx_word' id='word_1_315' title='bbox 1179 4171 1309 4235; x_wconf 89' lang='lat' dir='ltr'>Paulus</span> <span class='ocrx_word' id='word_1_316' title='bbox 1328 4171 1364 4233; x_wconf 94' lang='lat' dir='ltr'>in</span> <span class='ocrx_word' id='word_1_317' title='bbox 1386 4167 1556 4249; x_wconf 89' lang='lat' dir='ltr'>gravissi·</span> 
     </span>
     <span class='ocr_line' id='line_1_36' title="bbox 325 4276 1555 4358; baseline -0.004 -16"><span class='ocrx_word' id='word_1_318' title='bbox 325 4295 421 4343; x_wconf 92' lang='lat' dir='ltr'>mum</span> <span class='ocrx_word' id='word_1_319' title='bbox 437 4279 598 4342; x_wconf 91' lang='lat' dir='ltr'>morbum</span> <span class='ocrx_word' id='word_1_320' title='bbox 613 4280 749 4358; x_wconf 90' lang='lat' dir='ltr'>incidit,</span> <span class='ocrx_word' id='word_1_321' title='bbox 767 4281 855 4344; x_wconf 90' lang='lat' dir='ltr'>adeo</span> <span class='ocrx_word' id='word_1_322' title='bbox 871 4289 908 4343; x_wconf 92' lang='lat' dir='ltr'>ut</span> <span class='ocrx_word' id='word_1_323' title='bbox 923 4281 1031 4344; x_wconf 89' lang='lat' dir='ltr'>etiarn</span> <span class='ocrx_word' id='word_1_324' title='bbox 1045 4279 1252 4342; x_wconf 88' lang='lat' dir='ltr'>Extremam</span> <span class='ocrx_word' id='word_1_325' title='bbox 1267 4276 1479 4342; x_wconf 90' lang='lat' dir='ltr'>Unctionem</span> <span class='ocrx_word' id='word_1_326' title='bbox 1499 4291 1555 4338; x_wconf 88' lang='lat' dir='ltr'>ac·</span> 
     </span>
     <span class='ocr_line' id='line_1_37' title="bbox 325 4381 1563 4468; baseline -0.003 -18"><span class='ocrx_word' id='word_1_327' title='bbox 325 4387 471 4466; x_wconf 89' lang='lat' dir='ltr'>ceperit,</span> <span class='ocrx_word' id='word_1_328' title='bbox 488 4387 634 4450; x_wconf 89' lang='lat' dir='ltr'>medicis</span> <span class='ocrx_word' id='word_1_329' title='bbox 650 4387 692 4450; x_wconf 87' lang='lat' dir='ltr'>de</span> <span class='ocrx_word' id='word_1_330' title='bbox 708 4385 783 4466; x_wconf 86' lang='lat' dir='ltr'>ejus</span> <span class='ocrx_word' id='word_1_331' title='bbox 799 4390 912 4451; x_wconf 90' lang='lat' dir='ltr'>salute</span> <span class='ocrx_word' id='word_1_332' title='bbox 928 4387 1214 4468; x_wconf 88' lang='lat' dir='ltr'>desperantibns;</span> <span class='ocrx_word' id='word_1_333' title='bbox 1236 4394 1271 4447; x_wconf 90' lang='lat' dir='ltr'>et</span> <span class='ocrx_word' id='word_1_334' title='bbox 1290 4383 1365 4463; x_wconf 82' lang='lat' dir='ltr'>ejns</span> <span class='ocrx_word' id='word_1_335' title='bbox 1385 4381 1563 4462; x_wconf 88' lang='lat' dir='ltr'>patientia.</span> 
     </span>
    </p>
   </div>
   <div class='ocr_carea' id='block_1_3' title="bbox 327 4529 526 4538">
    <p class='ocr_par' dir='ltr' id='par_1_6' title="bbox 327 4529 526 4538">
     <span class='ocr_line' id='line_1_38' title="bbox 327 4529 526 4538; baseline 0.005 -1"><span class='ocrx_word' id='word_1_336' title='bbox 327 4529 526 4538; x_wconf 75' lang='grc'><em>-.-----</em></span> 
     </span>
    </p>
   </div>
   <div class='ocr_carea' id='block_1_4' title="bbox 326 4589 1563 4792">
    <p class='ocr_par' dir='ltr' id='par_1_7' title="bbox 326 4589 1563 4792">
     <span class='ocr_line' id='line_1_39' title="bbox 368 4589 1560 4646; baseline -0.003 -11"><span class='ocrx_word' id='word_1_337' title='bbox 368 4593 376 4626; x_wconf 84' lang='lat'><strong>¹</strong></span> <span class='ocrx_word' id='word_1_338' title='bbox 406 4591 460 4635; x_wconf 86' lang='lat' dir='ltr'>Hoc</span> <span class='ocrx_word' id='word_1_339' title='bbox 472 4599 519 4643; x_wconf 84' lang='lat' dir='ltr'>est.</span> <span class='ocrx_word' id='word_1_340' title='bbox 532 4603 609 4646; x_wconf 87' lang='lat' dir='ltr'>super</span> <span class='ocrx_word' id='word_1_341' title='bbox 621 4593 660 4636; x_wconf 84' lang='lat' dir='ltr'>his</span> <span class='ocrx_word' id='word_1_342' title='bbox 670 4593 810 4642; x_wconf 70' lang='lat' dir='ltr'>Evangelii</span> <span class='ocrx_word' id='word_1_343' title='bbox 821 4594 909 4638; x_wconf 86' lang='lat' dir='ltr'>verbis</span> <span class='ocrx_word' id='word_1_344' title='bbox 920 4593 1081 4636; x_wconf 76' lang='lat' dir='ltr'>Mandatum</span> <span class='ocrx_word' id='word_1_345' title='bbox 1098 4603 1196 4635; x_wconf 82' lang='lat' dir='ltr'>novum</span> <span class='ocrx_word' id='word_1_346' title='bbox 1207 4591 1240 4634; x_wconf 80' lang='lat' dir='ltr'>do</span> <span class='ocrx_word' id='word_1_347' title='bbox 1251 4591 1327 4634; x_wconf 83' lang='lat' dir='ltr'>vobis</span> <span class='ocrx_word' id='word_1_348' title='bbox 1341 4589 1560 4642; x_wconf 62' lang='lat' dir='ltr'>utrttrgattstm</span> 
     </span>
     <span class='ocr_line' id='line_1_40' title="bbox 326 4661 1563 4720; baseline -0.003 -10"><span class='ocrx_word' id='word_1_349' title='bbox 326 4665 422 4718; x_wconf 80' lang='lat' dir='ltr'>vicem,</span> <span class='ocrx_word' id='word_1_350' title='bbox 435 4665 505 4706; x_wconf 82' lang='lat' dir='ltr'>sicut</span> <span class='ocrx_word' id='word_1_351' title='bbox 516 4664 601 4708; x_wconf 75' lang='lat' dir='ltr'>dileat</span> <span class='ocrx_word' id='word_1_352' title='bbox 611 4675 666 4716; x_wconf 84' lang='lat' dir='ltr'>vos,</span> <span class='ocrx_word' id='word_1_353' title='bbox 677 4677 742 4720; x_wconf 82' lang='lat' dir='ltr'>quae</span> <span class='ocrx_word' id='word_1_354' title='bbox 754 4665 819 4709; x_wconf 84' lang='lat' dir='ltr'>teria</span> <span class='ocrx_word' id='word_1_355' title='bbox 832 4667 922 4720; x_wconf 85' lang='lat' dir='ltr'>quinta</span> <span class='ocrx_word' id='word_1_356' title='bbox 934 4666 960 4709; x_wconf 87' lang='lat' dir='ltr'>ln</span> <span class='ocrx_word' id='word_1_357' title='bbox 970 4665 1057 4708; x_wconf 82' lang='lat' dir='ltr'>Coena</span> <span class='ocrx_word' id='word_1_358' title='bbox 1065 4663 1165 4708; x_wconf 85' lang='lat' dir='ltr'>Domini</span> <span class='ocrx_word' id='word_1_359' title='bbox 1176 4670 1305 4707; x_wconf 84' lang='lat' dir='ltr'>canuntur</span> <span class='ocrx_word' id='word_1_360' title='bbox 1315 4673 1331 4706; x_wconf 80' lang='lat' dir='ltr'>a</span> <span class='ocrx_word' id='word_1_361' title='bbox 1341 4661 1427 4705; x_wconf 78' lang='lat' dir='ltr'>Chore</span> <span class='ocrx_word' id='word_1_362' title='bbox 1437 4663 1471 4704; x_wconf 86' lang='lat' dir='ltr'>ad</span> <span class='ocrx_word' id='word_1_363' title='bbox 1481 4661 1563 4706; x_wconf 68' lang='lat' dir='ltr'>lotio·</span> 
     </span>
     <span class='ocr_line' id='line_1_41' title="bbox 326 4738 497 4792; baseline -0.018 -10"><span class='ocrx_word' id='word_1_364' title='bbox 326 4748 384 4782; x_wconf 86' lang='lat' dir='ltr'>nem</span> <span class='ocrx_word' id='word_1_365' title='bbox 396 4738 497 4792; x_wconf 87' lang='lat' dir='ltr'>pedum.</span> 
     </span>
    </p>
   </div>
   <div class='ocr_carea' id='block_1_5' title="bbox 0 0 1877 5400">
    <p class='ocr_par' dir='ltr' id='par_1_8' title="bbox 0 0 1877 5400">
     <span class='ocr_line' id='line_1_42' title="bbox 0 0 1877 5400; baseline 0 0"><span class='ocrx_word' id='word_1_366' title='bbox 0 0 1877 5400; x_wconf 95' lang='lat' dir='ltr'> </span> 
     </span>
    </p>
   </div>
  </div>
 </body>
</html>
