3717 5400
806 486 869 544 An.
892 486 962 545 1555
1444 483 1498 542 165

262 635 414 698 Bassani
428 635 592 698 eumdem
606 635 710 697 morti
726 633 928 713 proximum
943 631 1123 694 invisisset
1141 627 1160 707 ¹3
1179 640 1226 706 et,
1247 638 1284 692 ut
1299 638 1383 693 tunc
1398 629 1496 692 dedit

262 743 314 806 illi
327 742 502 806 Dominus
521 743 633 805 vitam
657 741 829 821 corporis,
856 740 1013 819 postulat
1037 747 1075 801 ut
1094 737 1314 800 orationibus
1339 734 1495 815 ejusdem

263 849 381 912 Patris
400 849 530 930 Ignatii
555 850 666 912 vitam
691 849 799 912 etiarn
823 847 964 910 animae
988 846 1164 925 impetret.
1188 843 1259 908 Sub
1284 843 1390 908 finem
1411 845 1496 907 anni

263 958 358 1021 idem
373 956 563 1020 Patavium
577 957 687 1019 venit.

609 1378 675 1444 DE
696 1375 932 1444 COLLEGIO
954 1377 1147 1442 VENETO

323 1701 394 1764 475.
437 1699 475 1764 Ρ.
494 1701 629 1765 Caesar
641 1701 788 1766 Helmus
803 1703 963 1783 Collegio
989 1701 1128 1766 Veneto
1154 1712 1319 1783 praeerat
1339 1712 1373 1766 et
1393 1703 1495 1767 Pata-

263 1809 349 1871 vino
361 1807 468 1872 etiam
482 1809 806 1889 superintendebat,
820 1821 855 1873 et
866 1812 1032 1890 quamvis
1043 1811 1202 1874 locorum
1215 1811 1379 1892 qualitaS,
1393 1809 1494 1891 Juxta

262 1916 477 1980 sententiam
490 1915 607 1980 Patris
621 1915 771 1995 Natalis,
793 1917 1014 1995 visitatoris,
1031 1918 1119 1981 alios
1138 1917 1310 1982 Rectores
1325 1935 1495 1998 exposce-

263 2034 328 2100 ret,
344 2023 466 2087 habita
480 2034 601 2088 tamen
615 2025 752 2088 ratione
767 2024 917 2088 subsidii
932 2026 1151 2104 temporalis
1168 2025 1262 2105 quod
1277 2044 1297 2088 a
1311 2024 1354 2088 D.
1371 2025 1495 2090 Priore

262 2133 396 2194 nostris
409 2132 756 2211 subministrabatur,
777 2132 815 2195 hi
839 2135 958 2213 potius
979 2149 1087 2212 quam
1107 2133 1166 2196 alii
1187 2134 1378 2196 convenire
1397 2133 1494 2197 vide-

262 2238 403 2303 bantur.
419 2239 593 2318 Quamvis
607 2241 701 2302 enirn
716 2240 848 2319 optima
863 2249 957 2304 esset
973 2239 1107 2303 Prioris
1122 2257 1208 2318 erga
1223 2250 1364 2304 nostros
1374 2243 1497 2306 volun·

262 2346 478 2410 tase'tanimi
485 2347 686 2428 propensio,
701 2348 796 2410 vires
806 2348 999 2428 aliquando
1013 2347 1164 2427 exiguae
1174 2348 1365 2411 admodum
1376 2359 1489 2424 erant,

262 2470 346 2516 nam
360 2454 492 2517 accidit
506 2454 695 2535 aliquando
710 2464 748 2518 ut
772 2455 904 2518 nostris
919 2456 956 2518 in
981 2472 1130 2518 coenam
1155 2457 1329 2518 melonem
1353 2466 1492 2520 tantum

262 2576 344 2624 curn
357 2579 422 2624 sex
436 2562 587 2641 panibus
601 2563 767 2641 mitteret,
785 2571 819 2625 et
833 2579 981 2625 necesse
998 2562 1063 2625 fuit
1077 2570 1116 2625 ut
1130 2561 1229 2626 Patri
1251 2563 1396 2626 Caesari
1412 2581 1491 2628 con-

263 2670 404 2735 cederet
418 2671 513 2735 idem
526 2668 564 2733 P.
580 2669 718 2734 Natalis
732 2679 770 2732 ut
790 2677 949 2733 secretas
970 2669 1109 2750 aliquas
1131 2671 1376 2751 eleemosynas
1400 2671 1491 2735 acci-

261 2796 345 2858 pere
360 2788 493 2859 posset,
510 2786 546 2841 et
560 2777 694 2857 aliquid
709 2778 804 2840 domi
824 2778 869 2841 ad
889 2775 1094 2856 hujusmodi
1108 2779 1292 2859 penuriam
1307 2778 1492 2842 sublevan-

263 2887 345 2949 dam
359 2886 578 2949 esculentum
595 2884 767 2947 haberent
776 2884 800 2944 ².
816 2884 969 2948 Putabat
980 2895 1109 2963 autem,
1123 2886 1154 2947 si
1165 2884 1241 2949 fieri
1253 2897 1383 2964 posset,
1396 2885 1490 2950 idern

261 2992 300 3056 P.
315 2991 453 3055 Natalis
477 3002 516 3056 ut
539 2994 629 3055 certi
653 2992 785 3073 aliquid
809 2993 1084 3056 constitueretur
1109 2993 1153 3055 ab
1178 2993 1255 3073 ipso
1275 2992 1396 3056 Priore
1418 3002 1492 3057 tam

260 3099 435 3165 Patavino
456 3118 562 3181 quarn
583 3100 723 3163 Veneto
744 3100 914 3180 Collegi0;
939 3101 1000 3163 sed
1016 3101 1052 3163 id
1077 3103 1268 3181 impetrare
1290 3119 1361 3164 non
1385 3100 1489 3165 facile

262 3218 351 3272 erat.

320 3315 391 3378 476.
435 3314 572 3379 Domus
587 3316 694 3378 etiam
709 3315 941 3379 incommodis
957 3316 1098 3395 magnis
1119 3326 1196 3379 erat
1218 3316 1392 3395 exposita,
1407 3334 1490 3379 nam

261 3442 306 3486 ex
321 3422 427 3486 domo
442 3423 486 3486 D.
502 3422 635 3486 Prioris
651 3421 697 3486 ad
712 3422 910 3501 Collegium
925 3422 1043 3486 aditus
1055 3424 1208 3503 patebat,
1226 3432 1260 3485 et
1272 3424 1414 3486 cuilibet
1428 3441 1486 3487 ex-

259 3538 361 3593 terno
376 3521 514 3609 ingredi
530 3530 566 3592 in
581 3529 779 3609 Collegium
792 3530 895 3593 facile
909 3529 1044 3593 fuisset.
1062 3529 1172 3593 Immo
1186 3530 1314 3593 accidit
1330 3530 1436 3593 etiam
1451 3542 1489 3593 ut

261 3639 426 3701 mulieres
437 3637 483 3700 ad
497 3637 640 3700 hortum
651 3636 800 3715 Collegii
812 3636 952 3714 Veneti,
969 3637 1015 3700 ad
1026 3654 1163 3716 pannos
1175 3638 1288 3699 lineos
1299 3637 1490 3701 extenden-

260 3745 325 3808 dos
339 3755 373 3808 et
388 3744 629 3821 assiccandoS,
646 3744 820 3820 venirent,
847 3754 881 3806 et
907 3745 956 3806 ita
982 3760 1063 3806 curn
1088 3743 1126 3806 P.
1143 3744 1279 3807 Natalis
1300 3746 1387 3806 haec
1403 3746 1489 3807 tole·

257 3852 373 3915 randa
387 3868 551 3915 essenon
576 3851 782 3928 censuisset,
800 3852 894 3913 bona
915 3868 997 3913 cum
1021 3850 1126 3913 venia
1153 3852 1285 3913 Prioris
1311 3862 1345 3914 et
1366 3860 1490 3931 portas

259 3959 400 4023 occludi
411 3958 526 4039 jussit,
544 3975 606 4038 per
622 3976 711 4039 quas
727 3976 772 4021 ex
787 3957 893 4020 domo
908 3958 1020 4037 ipsius
1034 3958 1151 4021 aditus
1166 3958 1202 4021 in
1219 3956 1415 4036 Collegium
1429 3977 1489 4039 pa-

260 4066 369 4142 tebat,
385 4074 420 4129 et
434 4066 523 4129 duos
538 4066 752 4139 saeculares,
768 4064 828 4144 qui
848 4065 940 4128 intra
958 4064 1153 4144 Collegium
1172 4064 1391 4144 habitabant,
1408 4064 1490 4129 inde

258 4174 382 4252 egredi
392 4172 510 4253 Jussit;
532 4173 707 4253 quamvis
730 4181 812 4252 post
831 4188 1012 4235 recessum
1032 4170 1147 4235 Patris
1166 4170 1314 4251 Natalis,
1338 4182 1491 4253 portam,

259 4298 351 4361 quae
366 4280 411 4343 ad
425 4280 571 4343 hortum
584 4280 745 4358 ducebat,
763 4278 879 4342 claudi
893 4276 938 4341 D.
956 4277 1057 4340 Prior
1072 4279 1195 4342 vetuit.

275 4476 475 4485 ——---.—-

300 4595 309 4625 ¹
338 4593 404 4637 Vide
414 4604 503 4647 snpra.
514 4600 533 4636 t.
545 4604 563 4645 1,
572 4602 632 4646 pag.
642 4592 675 4635 ⁶0.

300 4666 312 4697 ²
339 4664 465 4710 Facultas
475 4666 540 4709 haec
551 4665 686 4718 factajam
697 4664 783 4707 iuerat
799 4666 832 4707 ab
849 4663 952 4715 Ignario
971 4660 1145 4713 collegiorum
1160 4661 1284 4705 Patavini
1301 4670 1327 4706 et
1342 4662 1435 4709 Vcnctl
1448 4665 1497 4709 Re·

261 4738 389 4788 cleribus.
399 4747 426 4783 ut
436 4738 525 4781 videre
535 4746 575 4780 est
586 4748 672 4790 supra,
685 4744 704 4780 t.
715 4747 751 4790 ιν,
761 4747 822 4791 pag.
834 4736 880 4786 121,
890 4746 915 4777 n.
926 4734 976 4785 238,
985 4740 1008 4776 et
1019 4744 1078 4787 pag.
1087 4732 1134 4785 126,
1145 4744 1169 4775 n.
1179 4732 1226 4783 tat,
1237 4742 1323 4779 annot.
1337 4736 1354 4778 1.
