3717 5400
799 503 864 561 ΑΝ.
891 503 961 563 1555
1440 501 1496 559 ab

264 662 373 714 vente
389 652 494 714 etiam
510 651 747 728 Ferdinando,
769 651 843 730 ejus
864 650 1057 713 consiliarii
1078 649 1194 729 tepide
1213 649 1491 729 exequebantur,

262 777 361 840 quae
380 760 573 822 secundum
586 759 704 838 ,ipsius
717 767 870 820 mentem
889 775 967 820 esse
990 757 1254 837 intelligebant,
1274 768 1309 818 et
1327 756 1493 818 nobilitas

269 867 436 930 Austriae
457 865 629 945 imprimis
648 873 724 928 erat
745 875 927 944 corrupta,
950 883 1016 926 nec
1035 864 1165 927 Missae
1186 863 1260 927 fere
1281 865 1489 939 intererant,

267 992 333 1037 nec
355 991 394 1037 se
416 975 610 1037 catholicos
632 991 710 1036 esse
731 972 835 1036 factis
855 973 1102 1050 ostendebant;
1125 973 1190 1035 sub
1211 982 1362 1051 utraque
1383 971 1491 1033 etiam

258 1080 382 1160 :specie
397 1081 497 1143 multi
513 1080 822 1144 communicabant
838 1081 859 1140 ¹.
1340 1057 1350 1072 ⁸

327 1187 397 1250 695.
442 1185 650 1250 Postulabat
674 1186 711 1250 P.
736 1187 901 1250 Canisius
920 1188 1056 1266 aliquos
1076 1193 1327 1266 praeceptores
1347 1184 1384 1247 in
1403 1185 1492 1246 clas·

260 1293 358 1357 sium
380 1293 636 1357 Viennensium
661 1310 774 1372 usum,
800 1311 844 1356 ne
866 1302 1052 1372 tantopere
1072 1293 1132 1372 qui
1150 1292 1219 1354 illis
1240 1300 1440 1371 praeerant,
1468 1307 1490 1353 a

259 1400 340 1464 suis
362 1400 487 1462 studiis
504 1400 746 1480 superioribus
766 1399 1019 1480 impedirentur
1040 1397 1064 1458 ¹.
1089 1397 1171 1462 Fuit
1196 1408 1315 1460 autern
1336 1413 1489 1477 magnae

259 1508 501 1571 consolationi
514 1509 559 1585 ei,
575 1508 667 1570 sicut
683 1520 717 1570 et
731 1507 860 1570 ceteris
873 1506 1136 1580 viennensibus
1153 1505 1190 1569 P.
1208 1504 1344 1568 Natalis
1359 1504 1488 1568 adven·

258 1623 331 1693 tua,
348 1631 452 1694 quem
466 1631 538 1677 non
552 1615 665 1676 solum
682 1613 725 1676 ad
742 1613 1028 1676 reformationem
1043 1611 1117 1692 ejus
1129 1612 1288 1691 Collegii,
1305 1611 1489 1674 sedetiam

263 1719 313 1782 ad
326 1721 528 1784 universale
542 1721 672 1783 bonum
688 1737 810 1782 earum
825 1720 1092 1800 provinciarum
1106 1721 1181 1782 fore
1200 1719 1434 1796 existimabat,
1458 1719 1489 1780 si

256 1827 393 1890 diutius
407 1828 537 1892 ibidem
552 1845 694 1890 manere
714 1827 992 1906 permitteretur3
1009 1844 1089 1888 cum
1108 1827 1318 1906 praesertim
1338 1837 1372 1888 et
1393 1825 1488 1906 apud

263 1931 396 2014 Regem
408 1935 523 2014 ipsum
532 1934 772 1997 Romanorum
784 1935 1034 1997 auctoritatem
1046 1934 1231 2013 Augustae
1243 1945 1370 1996 nactus
1380 1943 1485 2011 esset,

259 2040 336 2120 (qui
350 2058 430 2104 eum
447 2042 491 2104 ad
507 2053 646 2122 tempus
660 2040 821 2103 Viennae
836 2058 980 2102 manere
994 2039 1153 2120 putabat)
1165 2050 1199 2103 et
1212 2041 1306 2120 apud
1318 2041 1406 2104 alios
1417 2043 1486 2122 pri·

265 2149 397 2210 marios
412 2149 510 2211 viros
524 2147 551 2226 ³,
569 2158 603 2210 et
619 2149 865 2210 necessitatem
881 2145 955 2226 ejus
975 2148 1131 2226 regionis
1152 2149 1300 2226 ipsemet
1317 2149 1354 2212 P.
1378 2148 1486 2212 Nata-

266 2255 309 2317 lis
325 2255 495 2336 majnrem
511 2273 600 2332 esse,
618 2273 724 2335 quam
739 2254 822 2317 alibi
837 2272 1017 2334 nunquam
1032 2255 1191 2332 vidisset,
1207 2254 1396 2318 fatebatur.

320 2361 391 2425 696.
436 2362 492 2425 Ad
508 2363 658 2440 collegia
673 2362 779 2424 etiam
795 2361 984 2424 Societatis
997 2363 1156 2441 pluribus
1170 2363 1207 2425 in
1222 2363 1308 2425 locis
1319 2363 1485 2427 inchoan·

257 2468 308 2532 da
323 2469 506 2550 perutilem
522 2468 599 2531 fore
614 2470 796 2546 censebat;
813 2468 876 2530 sed
890 2468 958 2543 ille,
975 2459 1352 2548 postquam'magnam
1371 2471 1484 2532 lucem

256 2575 378 2654 inhia,
396 2593 487 2656 quae
501 2576 678 2655 pertinent
694 2576 740 2637 ad
759 2585 918 2638 nostrum
939 2575 1137 2638 institutum
1154 2575 1314 2639 Viennae
1328 2576 1486 2656 reliquis-

261 2695 329 2763 set,
346 2683 382 2747 in
398 2683 548 2762 ltaliam,
565 2693 602 2746 ut
617 2682 779 2763 superius
794 2682 927 2747 dictum
942 2692 1006 2760 est,
1028 2682 1182 2746 redierat
1201 2681 1223 2746 ⁴.
1244 2681 1348 2746 Prius
1366 2694 1484 2748 tamen

263 2790 415 2871 injunxit
428 2790 541 2853 eidem
554 2789 592 2852 P.
609 2789 751 2853 Canisio
767 2802 815 2867 ut,
833 2790 959 2853 litteris
974 2808 994 2852 a
1008 2788 1106 2868 Rege
1125 2790 1365 2853 Romanorum
1385 2808 1485 2853 acce·

258 2978 470 2987 ——-——

251 3101 386 3147 'canonice
396 3102 427 3145 de
437 3102 548 3155 Vienna,
558 3103 615 3146 sela
623 3113 651 3145 ae
661 3102 751 3145 dubita
761 3102 829 3145 della
841 3102 970 3157 dispensa,
980 3112 1016 3144 vn
1024 3102 1116 3146 huomo
1126 3102 1157 3145 de
1164 3104 1234 3146 mala
1242 3104 1312 3147 fama
1322 3112 1349 3147 et
1359 3104 1391 3147 de
1401 3105 1486 3158 pucha

254 3173 382 3218 dettrina.
395 3172 468 3217 Oltre
479 3173 504 3216 dl
514 3180 604 3227 questo
614 3173 632 3216 11
642 3173 836 3228 maggiordotno
853 3174 894 3217 del
911 3172 949 3216 Re
964 3174 1060 3217 dettoe
1074 3184 1110 3216 vn
1124 3174 1208 3227 grand
1223 3174 1381 3227 Lntherano;
1395 3176 1413 3219 11
1423 3179 1484 3230 qual

250 3257 371 3299 gonerna
380 3252 471 3301 questo
482 3246 654 3299 predicatore,
664 3246 750 3289 sicom'
760 3244 784 3288 io
794 3245 899 3289 intendo
909 3252 936 3289 et
946 3246 1023 3289 credo
1033 3246 1081 3288 che
1090 3246 1130 3289 sia
1140 3246 1166 3289 ia
1174 3256 1253 3289 causa
1263 3247 1405 3301 principale
1415 3247 1486 3291 della

252 3319 330 3363 ruina
340 3318 476 3373 spirituale
487 3319 529 3361 del
539 3318 576 3362 Re
585 3318 714 3370 predetto.
725 3318 851 3361 Adunche
860 3318 932 3372 pensi
940 3317 972 3360 V.
983 3316 1013 3360 R.
1025 3317 1052 3360 P.
1062 3318 1086 3361 in
1097 3324 1193 3371 quanto
1201 3319 1316 3371 periculo
1325 3330 1361 3362 vn
1369 3320 1487 3374 principe

252 3390 367 3443 giouane
378 3391 426 3445 sia,
435 3390 477 3445 pel
488 3390 535 3433 che
545 3390 614 3433 tiene
625 3402 659 3433 vn
669 3391 708 3432 tal
722 3389 877 3442 confessore,
894 3390 1057 3442 predicatore
1073 3396 1100 3432 et
1113 3397 1229 3433 maestro
1246 3390 1315 3434 delia
1331 3402 1379 3434 sna
1395 3397 1482 3436 curte.

254 3463 328 3506 Onde
338 3462 418 3507 molto
427 3463 609 3517 superbiscono
619 3462 637 3505 ll
648 3462 799 3513 Lutherani,
810 3468 836 3505 et
847 3473 874 3505 se
885 3462 941 3505 dice
951 3473 997 3515 per
1007 3464 1031 3505 le
1042 3468 1112 3505 terre
1127 3462 1210 3505 uicina
1226 3469 1254 3505 et
1263 3474 1311 3516 per
1320 3465 1344 3506 le
1354 3465 1484 3519 prouintie

252 3536 452 3589 publicamente,
469 3534 517 3577 che
534 3540 625 3587 questo
637 3532 672 3575 Re
690 3534 787 3576 habbia
796 3546 831 3576 vn
848 3533 1012 3586 predicatore
1026 3533 1185 3587 Lutherane,
1196 3540 1222 3577 et
1236 3536 1285 3578 che
1299 3536 1389 3589 voglia
1404 3538 1486 3580 molto

255 3608 325 3649 male
335 3607 380 3649 aiil
390 3604 497 3659 Jesuite,
508 3605 525 3648 11
537 3605 606 3659 quali
617 3604 701 3647 dunno
711 3604 868 3648 resistentia.
880 3604 936 3647 Imo
946 3603 988 3659 qui
999 3604 1054 3647 dice
1065 3606 1090 3648 la
1102 3614 1187 3658 gente,
1198 3606 1245 3649 che
1255 3618 1312 3649 esso
1321 3608 1484 3660 predicatore

253 3685 284 3720 et
295 3678 335 3721 nol
346 3677 408 3720 altri
418 3678 498 3721 siemo
506 3675 630 3730 contrarij
642 3676 712 3719 nella
727 3676 853 3728 doctrina,
864 3676 959 3719 sicome
974 3687 1070 3727 enero,
1083 3676 1177 3729 perche
1192 3678 1228 3721 ini
1243 3678 1351 3721 defende
1362 3680 1380 3722 11
1394 3680 1485 3723 matri·

257 3750 342 3793 monio
351 3750 412 3793 delli
421 3748 497 3803 preti,
508 3754 620 3791 extenua
630 3748 648 3790 li
660 3747 744 3790 meriti
755 3747 819 3789 delle
831 3748 912 3789 buone
922 3757 1008 3800 opere,
1017 3748 1092 3800 paria
1110 3754 1202 3791 contra
1217 3750 1236 3792 11
1250 3750 1319 3793 culto
1335 3749 1423 3794 debito
1437 3752 1485 3795 alii

256 3821 335 3871 santi,
344 3820 447 3873 sepulta
456 3820 480 3863 le
490 3818 580 3875 phrasi
590 3818 749 3871 Lutherane,
761 3826 786 3861 et
796 3819 888 3862 satiata
905 3826 980 3863 tanto
994 3820 1040 3863 alli
1051 3820 1167 3875 heretici,
1184 3829 1282 3875 quante
1297 3821 1395 3866 offenda
1410 3824 1428 3867 11
1439 3834 1483 3868 ca·

258 3892 371 3945 melici„
381 3891 499 3935 Canisius
509 3890 606 3934 litteris
615 3900 702 3944 supra,
713 3901 774 3943 pag.
784 3890 830 3940 211,
841 3896 929 3934 annot.
939 3890 960 3943 3,
972 3890 1131 3935 memoratis.

296 3964 306 3995 ¹
333 3962 472 4006 Postrema
481 3962 554 4014 haec,
566 3972 582 4004 a
593 3972 656 4003 voce
666 3961 784 4009 vivente,
794 3962 923 4003 translata
934 3961 967 4003 ad
978 3962 1086 4004 verbum
1097 3962 1150 4004 fere
1160 3969 1221 4005 sunt
1231 3974 1264 4005 ex
1275 3963 1372 4008 canisii
1386 3964 1484 4009 litteris

250 4044 333 4087 supra
343 4042 431 4077 annot.
439 4031 605 4088 praecedenti
615 4030 774 4081 memoratis,
784 4030 827 4073 ubi
837 4031 883 4073 ait:
894 4030 981 4075 “Unde
989 4032 1007 4073 11
1017 4032 1165 4084 consiglieri
1172 4032 1302 4087 pigliande
1310 4044 1362 4077 uua
1371 4034 1486 4080 diffiden-

252 4117 295 4159 za,
307 4104 472 4160 impidiscono
483 4106 567 4158 quello
581 4104 628 4147 che
640 4104 658 4146 il
673 4102 710 4145 Re
725 4102 832 4145 vecchio
845 4102 1035 4152 (Ferdinaudus
1049 4102 1072 4155 1)
1081 4103 1189 4147 farebbe
1202 4106 1312 4149 secondo
1321 4107 1346 4149 le
1360 4118 1406 4150 sue
1416 4109 1483 4152 bone

249 4176 424 4219 inclinationi.
433 4176 499 4220 Item
510 4187 559 4219 non
569 4175 591 4219 si
603 4182 714 4218 tronano
724 4174 741 4217 li
752 4174 821 4228 quali
831 4174 935 4217 voliano
945 4174 987 4216 fer
1001 4175 1044 4218 del
1055 4174 1198 4228 catholico,
1213 4187 1263 4219 non
1276 4178 1424 4223 sentiscono
1437 4181 1483 4234 pin

251 4246 333 4291 Missa
342 4248 367 4291 ln
378 4248 495 4299 Austris,
505 4248 529 4290 le
540 4247 661 4301 predlche
671 4257 733 4290 sono
744 4256 790 4299 per
800 4244 918 4289 stabilire
929 4246 953 4288 le
963 4252 1041 4297 secte,
1051 4256 1078 4289 et
1087 4258 1138 4291 non
1147 4258 1194 4300 per
1208 4250 1308 4291 nutrire
1319 4261 1333 4292 e
1344 4250 1481 4294 defendere

253 4321 280 4363 ia
290 4320 355 4369 tede.
366 4320 503 4373 mauriano
513 4330 591 4362 carne
603 4326 673 4363 tutta
683 4319 726 4362 uia
736 4320 782 4371 pe'r
792 4318 901 4361 Austris
912 4319 982 4362 nella
997 4319 1184 4373 quareslma...„
1196 4319 1409 4377 Baauusnaaoaa,
1418 4324 1436 4367 l.
1447 4335 1482 4377 c.,

247 4392 369 4447 papate.

291 4464 303 4495 ²
329 4463 396 4508 Vide
406 4476 493 4519 supra,
505 4476 564 4519 pag.
574 4464 615 4507 238
624 4470 650 4507 et
660 4462 710 4517 239,
720 4476 743 4507 n.
754 4462 802 4506 688.

291 4534 302 4565 ³
328 4535 457 4587 Litterae,
468 4537 559 4590 quibus
569 4536 689 4579 canisius
699 4540 724 4579 et
734 4535 894 4589 professores
904 4550 952 4591 pro
961 4538 1102 4583 Viennensi
1117 4539 1233 4595 collegio
1248 4542 1396 4595 postulabat
1407 4546 1434 4584 et
1449 4540 1482 4583 de

249 4606 367 4651 adventu
376 4607 464 4651 Patris
474 4607 575 4651 Natalis
585 4607 699 4661 gaudere
709 4618 737 4651 se
747 4609 844 4659 alebat,
855 4608 963 4662 periisse
971 4612 1100 4655 videntur.
1110 4612 1242 4667 Ejusmodi
1253 4614 1321 4657 enim
1332 4612 1395 4657 nihil
1406 4612 1432 4657 111
1441 4612 1482 4664 ila,

246 4688 316 4731 qaas
325 4679 405 4723 edidit
412 4677 626 4733 Baaunsuaaose,
636 4681 788 4733 reperimus.

293 4751 305 4782 ⁴
331 4750 394 4805 Peg.
404 4750 521 4803 27,11.16.
