<?xml version="1.0" encoding="UTF-8"?>
<!DOCTYPE html PUBLIC "-//W3C//DTD XHTML 1.0 Transitional//EN"
    "http://www.w3.org/TR/xhtml1/DTD/xhtml1-transitional.dtd">
<html xmlns="http://www.w3.org/1999/xhtml" xml:lang="en" lang="en">
 <head>
  <title>
</title>
<meta http-equiv="Content-Type" content="text/html;charset=utf-8" />
  <meta name='ocr-system' content='tesseract 3.04.00' />
  <meta name='ocr-capabilities' content='ocr_page ocr_carea ocr_par ocr_line ocrx_word'/>
</head>
<body>
  <div class='ocr_page' id='page_1' title='image "./vitaignatiiloio01polagoog_0694.png"; bbox 0 0 3717 5400; ppageno 0'>
   <div class='ocr_carea' id='block_1_1' title="bbox 416 449 1189 527">
    <p class='ocr_par' dir='ltr' id='par_1_1' title="bbox 416 449 1189 527">
     <span class='ocr_line' id='line_1_1' title="bbox 416 449 1189 527; baseline -0.001 -15"><span class='ocrx_word' id='word_1_1' title='bbox 416 449 472 512; x_wconf 72' lang='lat'>678</span> <span class='ocrx_word' id='word_1_2' title='bbox 875 452 1003 513; x_wconf 69' lang='lat' dir='ltr'>ennon.</span> <span class='ocrx_word' id='word_1_3' title='bbox 1023 453 1099 513; x_wconf 87' lang='lat' dir='ltr'><strong>Soc.</strong></span> <span class='ocrx_word' id='word_1_4' title='bbox 1119 453 1189 527; x_wconf 79' lang='lat' dir='ltr'>Jss.</span> 
     </span>
    </p>
   </div>
   <div class='ocr_carea' id='block_1_2' title="bbox 406 595 1646 4421">
    <p class='ocr_par' dir='ltr' id='par_1_2' title="bbox 417 595 1631 1105">
     <span class='ocr_line' id='line_1_2' title="bbox 418 595 1631 679; baseline -0.002 -19"><span class='ocrx_word' id='word_1_5' title='bbox 418 595 493 676; x_wconf 88' lang='lat' dir='ltr'>sed,</span> <span class='ocrx_word' id='word_1_6' title='bbox 508 613 589 660; x_wconf 92' lang='lat' dir='ltr'>cum</span> <span class='ocrx_word' id='word_1_7' title='bbox 608 595 652 660; x_wconf 93' lang='lat' dir='ltr'>de</span> <span class='ocrx_word' id='word_1_8' title='bbox 669 595 737 660; x_wconf 90' lang='lat' dir='ltr'>Dei</span> <span class='ocrx_word' id='word_1_9' title='bbox 755 597 1032 677; x_wconf 88' lang='lat' dir='ltr'>proprietatibus</span> <span class='ocrx_word' id='word_1_10' title='bbox 1050 598 1368 679; x_wconf 82' lang='lat' dir='ltr'>interrogarentur,</span> <span class='ocrx_word' id='word_1_11' title='bbox 1389 597 1492 662; x_wconf 86' lang='lat' dir='ltr'>varia</span> <span class='ocrx_word' id='word_1_12' title='bbox 1511 605 1545 659; x_wconf 90' lang='lat' dir='ltr'>et</span> <span class='ocrx_word' id='word_1_13' title='bbox 1559 595 1631 659; x_wconf 90' lang='lat' dir='ltr'>ridi·</span> 
     </span>
     <span class='ocr_line' id='line_1_3' title="bbox 418 703 1629 786; baseline -0.001 -19"><span class='ocrx_word' id='word_1_14' title='bbox 418 705 498 767; x_wconf 92' lang='lat' dir='ltr'>cula</span> <span class='ocrx_word' id='word_1_15' title='bbox 513 703 687 768; x_wconf 88' lang='lat' dir='ltr'>dicebant.</span> <span class='ocrx_word' id='word_1_16' title='bbox 703 703 775 768; x_wconf 91' lang='lat' dir='ltr'>Alii</span> <span class='ocrx_word' id='word_1_17' title='bbox 790 703 932 786; x_wconf 91' lang='lat' dir='ltr'>quidem</span> <span class='ocrx_word' id='word_1_18' title='bbox 947 723 1077 786; x_wconf 88' lang='lat' dir='ltr'>aquam</span> <span class='ocrx_word' id='word_1_19' title='bbox 1092 723 1181 783; x_wconf 89' lang='lat' dir='ltr'>esse,</span> <span class='ocrx_word' id='word_1_20' title='bbox 1204 715 1239 770; x_wconf 92' lang='lat' dir='ltr'>et</span> <span class='ocrx_word' id='word_1_21' title='bbox 1259 706 1416 770; x_wconf 89' lang='lat' dir='ltr'>omnium</span> <span class='ocrx_word' id='word_1_22' title='bbox 1436 704 1629 769; x_wconf 87' lang='lat' dir='ltr'>animalium</span> 
     </span>
     <span class='ocr_line' id='line_1_4' title="bbox 417 811 1631 893; baseline 0 -19"><span class='ocrx_word' id='word_1_23' title='bbox 417 811 555 874; x_wconf 87' lang='lat' dir='ltr'>animas</span> <span class='ocrx_word' id='word_1_24' title='bbox 570 819 675 892; x_wconf 87' lang='lat' dir='ltr'>atque</span> <span class='ocrx_word' id='word_1_25' title='bbox 690 811 848 892; x_wconf 87' lang='lat' dir='ltr'>ipsorum</span> <span class='ocrx_word' id='word_1_26' title='bbox 867 811 1048 876; x_wconf 90' lang='lat' dir='ltr'>hominum</span> <span class='ocrx_word' id='word_1_27' title='bbox 1061 813 1230 893; x_wconf 84' lang='lat' dir='ltr'><strong>aequales</strong></span> <span class='ocrx_word' id='word_1_28' title='bbox 1243 830 1333 892; x_wconf 91' lang='lat' dir='ltr'>esse,</span> <span class='ocrx_word' id='word_1_29' title='bbox 1354 825 1389 878; x_wconf 91' lang='lat' dir='ltr'>et</span> <span class='ocrx_word' id='word_1_30' title='bbox 1408 813 1506 877; x_wconf 89' lang='lat' dir='ltr'>velut</span> <span class='ocrx_word' id='word_1_31' title='bbox 1519 820 1631 892; x_wconf 87' lang='lat' dir='ltr'>guttas</span> 
     </span>
     <span class='ocr_line' id='line_1_5' title="bbox 418 917 1630 1000; baseline 0.001 -20"><span class='ocrx_word' id='word_1_32' title='bbox 418 934 543 998; x_wconf 90' lang='lat' dir='ltr'>aquae,</span> <span class='ocrx_word' id='word_1_33' title='bbox 559 934 652 998; x_wconf 86' lang='lat' dir='ltr'>quae</span> <span class='ocrx_word' id='word_1_34' title='bbox 667 917 792 982; x_wconf 88' lang='lat' dir='ltr'>deinde</span> <span class='ocrx_word' id='word_1_35' title='bbox 807 918 987 999; x_wconf 88' lang='lat' dir='ltr'>inaquam</span> <span class='ocrx_word' id='word_1_36' title='bbox 1003 928 1120 983; x_wconf 86' lang='lat' dir='ltr'>essent</span> <span class='ocrx_word' id='word_1_37' title='bbox 1136 920 1315 984; x_wconf 80' lang='lat' dir='ltr'>rediturae</span> <span class='ocrx_word' id='word_1_38' title='bbox 1328 929 1363 984; x_wconf 94' lang='lat' dir='ltr'>et</span> <span class='ocrx_word' id='word_1_39' title='bbox 1373 920 1411 984; x_wconf 90' lang='lat' dir='ltr'>in</span> <span class='ocrx_word' id='word_1_40' title='bbox 1422 935 1551 1000; x_wconf 87' lang='lat' dir='ltr'>corpus</span> <span class='ocrx_word' id='word_1_41' title='bbox 1560 917 1630 995; x_wconf 89' lang='lat' dir='ltr'>Dei,</span> 
     </span>
     <span class='ocr_line' id='line_1_6' title="bbox 417 1022 1084 1105; baseline 0.003 -17"><span class='ocrx_word' id='word_1_42' title='bbox 417 1022 517 1104; x_wconf 77' lang='lat' dir='ltr'>cuius</span> <span class='ocrx_word' id='word_1_43' title='bbox 532 1033 651 1104; x_wconf 90' lang='lat' dir='ltr'>partes</span> <span class='ocrx_word' id='word_1_44' title='bbox 666 1034 779 1105; x_wconf 89' lang='lat' dir='ltr'>erant,</span> <span class='ocrx_word' id='word_1_45' title='bbox 799 1025 1084 1105; x_wconf 87' lang='lat' dir='ltr'>reintegrandae.</span> 
     </span>
    </p>

    <p class='ocr_par' dir='ltr' id='par_1_3' title="bbox 411 1129 1635 1640">
     <span class='ocr_line' id='line_1_7' title="bbox 478 1129 1632 1216; baseline 0.001 -21"><span class='ocrx_word' id='word_1_46' title='bbox 478 1129 567 1196; x_wconf 88' lang='grc'><strong>1873.</strong></span> <span class='ocrx_word' id='word_1_47' title='bbox 610 1130 664 1196; x_wconf 90' lang='lat' dir='ltr'>De</span> <span class='ocrx_word' id='word_1_48' title='bbox 687 1138 770 1197; x_wconf 75' lang='lat' dir='ltr'>aere</span> <span class='ocrx_word' id='word_1_49' title='bbox 796 1133 904 1214; x_wconf 86' lang='lat' dir='ltr'>aliqui</span> <span class='ocrx_word' id='word_1_50' title='bbox 928 1133 1048 1197; x_wconf 89' lang='lat' dir='ltr'>omnia</span> <span class='ocrx_word' id='word_1_51' title='bbox 1073 1134 1249 1215; x_wconf 82' lang='lat' dir='ltr'>dicebant,</span> <span class='ocrx_word' id='word_1_52' title='bbox 1271 1152 1362 1215; x_wconf 84' lang='lat' dir='ltr'>quae</span> <span class='ocrx_word' id='word_1_53' title='bbox 1381 1135 1425 1199; x_wconf 86' lang='lat' dir='ltr'>de</span> <span class='ocrx_word' id='word_1_54' title='bbox 1443 1152 1537 1216; x_wconf 88' lang='lat' dir='ltr'>aqua</span> <span class='ocrx_word' id='word_1_55' title='bbox 1555 1131 1632 1196; x_wconf 86' lang='lat' dir='ltr'>dixi·</span> 
     </span>
     <span class='ocr_line' id='line_1_8' title="bbox 416 1239 1634 1322; baseline -0.001 -18"><span class='ocrx_word' id='word_1_56' title='bbox 416 1255 505 1304; x_wconf 79' lang='lat' dir='ltr'>mus</span> <span class='ocrx_word' id='word_1_57' title='bbox 522 1239 595 1304; x_wconf 90' lang='lat' dir='ltr'>Alii</span> <span class='ocrx_word' id='word_1_58' title='bbox 613 1239 730 1304; x_wconf 89' lang='lat' dir='ltr'>Deum</span> <span class='ocrx_word' id='word_1_59' title='bbox 752 1240 907 1304; x_wconf 90' lang='lat' dir='ltr'>omnium</span> <span class='ocrx_word' id='word_1_60' title='bbox 926 1250 1125 1305; x_wconf 84' lang='lat' dir='ltr'>creatorem</span> <span class='ocrx_word' id='word_1_61' title='bbox 1140 1239 1309 1320; x_wconf 87' lang='lat' dir='ltr'>fatentur,</span> <span class='ocrx_word' id='word_1_62' title='bbox 1330 1243 1392 1322; x_wconf 91' lang='lat' dir='ltr'>qui</span> <span class='ocrx_word' id='word_1_63' title='bbox 1405 1241 1509 1306; x_wconf 89' lang='lat' dir='ltr'>bonis</span> <span class='ocrx_word' id='word_1_64' title='bbox 1529 1240 1634 1304; x_wconf 86' lang='lat' dir='ltr'>bene¹</span> 
     </span>
     <span class='ocr_line' id='line_1_9' title="bbox 415 1345 1634 1428; baseline 0 -18"><span class='ocrx_word' id='word_1_65' title='bbox 415 1345 535 1425; x_wconf 84' lang='lat' dir='ltr'>iaciat,</span> <span class='ocrx_word' id='word_1_66' title='bbox 553 1347 666 1410; x_wconf 85' lang='lat' dir='ltr'>malos</span> <span class='ocrx_word' id='word_1_67' title='bbox 681 1347 816 1428; x_wconf 90' lang='lat' dir='ltr'>puniat.</span> <span class='ocrx_word' id='word_1_68' title='bbox 832 1345 901 1411; x_wconf 92' lang='lat' dir='ltr'>Sed</span> <span class='ocrx_word' id='word_1_69' title='bbox 912 1348 1055 1412; x_wconf 61' lang='lat' dir='ltr'>‘animas</span> <span class='ocrx_word' id='word_1_70' title='bbox 1068 1350 1199 1412; x_wconf 88' lang='lat' dir='ltr'>multas</span> <span class='ocrx_word' id='word_1_71' title='bbox 1215 1347 1249 1411; x_wconf 89' lang='lat' dir='ltr'>in</span> <span class='ocrx_word' id='word_1_72' title='bbox 1266 1357 1402 1428; x_wconf 88' lang='lat' dir='ltr'>septem</span> <span class='ocrx_word' id='word_1_73' title='bbox 1416 1346 1566 1412; x_wconf 90' lang='lat' dir='ltr'>mundos</span> <span class='ocrx_word' id='word_1_74' title='bbox 1579 1346 1634 1410; x_wconf 90' lang='lat' dir='ltr'>mi·</span> 
     </span>
     <span class='ocr_line' id='line_1_10' title="bbox 415 1453 1635 1536; baseline 0.002 -20"><span class='ocrx_word' id='word_1_75' title='bbox 415 1453 504 1517; x_wconf 87' lang='lat' dir='ltr'>sisse</span> <span class='ocrx_word' id='word_1_76' title='bbox 525 1470 568 1516; x_wconf 90' lang='lat' dir='ltr'>ea</span> <span class='ocrx_word' id='word_1_77' title='bbox 589 1455 679 1534; x_wconf 90' lang='lat' dir='ltr'>lege,</span> <span class='ocrx_word' id='word_1_78' title='bbox 701 1463 740 1518; x_wconf 91' lang='lat' dir='ltr'>ut</span> <span class='ocrx_word' id='word_1_79' title='bbox 760 1453 891 1535; x_wconf 90' lang='lat' dir='ltr'>septies</span> <span class='ocrx_word' id='word_1_80' title='bbox 910 1465 1143 1519; x_wconf 87' lang='lat' dir='ltr'>nascerentur</span> <span class='ocrx_word' id='word_1_81' title='bbox 1164 1465 1198 1518; x_wconf 93' lang='lat' dir='ltr'>et</span> <span class='ocrx_word' id='word_1_82' title='bbox 1216 1465 1450 1535; x_wconf 86' lang='lat' dir='ltr'>morerentur,</span> <span class='ocrx_word' id='word_1_83' title='bbox 1474 1463 1509 1519; x_wconf 89' lang='lat' dir='ltr'>et</span> <span class='ocrx_word' id='word_1_84' title='bbox 1525 1455 1586 1536; x_wconf 93' lang='lat' dir='ltr'>qui</span> <span class='ocrx_word' id='word_1_85' title='bbox 1602 1455 1635 1518; x_wconf 90' lang='lat' dir='ltr'>in</span> 
     </span>
     <span class='ocr_line' id='line_1_11' title="bbox 411 1560 1354 1640; baseline -0.001 -17"><span class='ocrx_word' id='word_1_86' title='bbox 411 1560 537 1624; x_wconf 88' lang='lat' dir='ltr'>ultima</span> <span class='ocrx_word' id='word_1_87' title='bbox 552 1560 625 1624; x_wconf 91' lang='lat' dir='ltr'>vita</span> <span class='ocrx_word' id='word_1_88' title='bbox 641 1561 723 1624; x_wconf 92' lang='lat' dir='ltr'>boni</span> <span class='ocrx_word' id='word_1_89' title='bbox 738 1571 868 1640; x_wconf 88' lang='lat' dir='ltr'>essent,</span> <span class='ocrx_word' id='word_1_90' title='bbox 886 1577 949 1624; x_wconf 90' lang='lat' dir='ltr'>eos</span> <span class='ocrx_word' id='word_1_91' title='bbox 965 1577 1044 1624; x_wconf 88' lang='lat' dir='ltr'>cum</span> <span class='ocrx_word' id='word_1_92' title='bbox 1061 1561 1139 1626; x_wconf 91' lang='lat' dir='ltr'>Deo</span> <span class='ocrx_word' id='word_1_93' title='bbox 1154 1579 1354 1626; x_wconf 90' lang='lat' dir='ltr'>mansuros.</span> 
     </span>
    </p>

    <p class='ocr_par' dir='ltr' id='par_1_4' title="bbox 411 1665 1637 2282">
     <span class='ocr_line' id='line_1_12' title="bbox 475 1665 1634 1750; baseline 0 -20"><span class='ocrx_word' id='word_1_94' title='bbox 475 1665 562 1730; x_wconf 89' lang='grc'>1874.</span> <span class='ocrx_word' id='word_1_95' title='bbox 606 1665 676 1732; x_wconf 90' lang='lat' dir='ltr'>Sed</span> <span class='ocrx_word' id='word_1_96' title='bbox 691 1668 818 1748; x_wconf 91' lang='lat' dir='ltr'>inipso</span> <span class='ocrx_word' id='word_1_97' title='bbox 833 1667 940 1732; x_wconf 87' lang='lat' dir='ltr'>etiam</span> <span class='ocrx_word' id='word_1_98' title='bbox 955 1667 1122 1748; x_wconf 87' lang='lat' dir='ltr'>paradiso</span> <span class='ocrx_word' id='word_1_99' title='bbox 1137 1669 1253 1733; x_wconf 90' lang='lat' dir='ltr'>locum</span> <span class='ocrx_word' id='word_1_100' title='bbox 1267 1669 1426 1750; x_wconf 88' lang='lat' dir='ltr'>peccatis</span> <span class='ocrx_word' id='word_1_101' title='bbox 1437 1668 1634 1749; x_wconf 88' lang='lat' dir='ltr'>relinquunt</span> 
     </span>
     <span class='ocr_line' id='line_1_13' title="bbox 414 1773 1635 1856; baseline 0 -18"><span class='ocrx_word' id='word_1_102' title='bbox 414 1782 449 1838; x_wconf 89' lang='lat' dir='ltr'>et</span> <span class='ocrx_word' id='word_1_103' title='bbox 464 1775 703 1855; x_wconf 88' lang='lat' dir='ltr'>punitionibus</span> <span class='ocrx_word' id='word_1_104' title='bbox 719 1791 762 1838; x_wconf 89' lang='lat' dir='ltr'>ac</span> <span class='ocrx_word' id='word_1_105' title='bbox 778 1774 958 1856; x_wconf 89' lang='lat' dir='ltr'>praemiis;</span> <span class='ocrx_word' id='word_1_106' title='bbox 981 1785 1014 1838; x_wconf 89' lang='lat' dir='ltr'>et</span> <span class='ocrx_word' id='word_1_107' title='bbox 1035 1774 1083 1838; x_wconf 88' lang='lat' dir='ltr'>ita</span> <span class='ocrx_word' id='word_1_108' title='bbox 1107 1773 1231 1854; x_wconf 87' lang='lat' dir='ltr'>jubere</span> <span class='ocrx_word' id='word_1_109' title='bbox 1257 1773 1372 1838; x_wconf 90' lang='lat' dir='ltr'>Deum</span> <span class='ocrx_word' id='word_1_110' title='bbox 1393 1784 1432 1839; x_wconf 93' lang='lat' dir='ltr'>ut</span> <span class='ocrx_word' id='word_1_111' title='bbox 1448 1784 1635 1838; x_wconf 84' lang='lat' dir='ltr'>nascautur</span> 
     </span>
     <span class='ocr_line' id='line_1_14' title="bbox 414 1879 1635 1963; baseline 0.002 -19"><span class='ocrx_word' id='word_1_112' title='bbox 414 1881 522 1961; x_wconf 91' lang='lat' dir='ltr'>aliqui</span> <span class='ocrx_word' id='word_1_113' title='bbox 544 1882 611 1945; x_wconf 89' lang='lat' dir='ltr'>sub</span> <span class='ocrx_word' id='word_1_114' title='bbox 630 1879 789 1945; x_wconf 81' lang='lat' dir='ltr'>felicibus</span> <span class='ocrx_word' id='word_1_115' title='bbox 814 1882 924 1946; x_wconf 90' lang='lat' dir='ltr'>stellis</span> <span class='ocrx_word' id='word_1_116' title='bbox 942 1891 982 1945; x_wconf 91' lang='lat' dir='ltr'>ut</span> <span class='ocrx_word' id='word_1_117' title='bbox 1008 1883 1058 1946; x_wconf 93' lang='lat' dir='ltr'>ita</span> <span class='ocrx_word' id='word_1_118' title='bbox 1082 1882 1153 1946; x_wconf 91' lang='lat' dir='ltr'>sint</span> <span class='ocrx_word' id='word_1_119' title='bbox 1177 1882 1319 1962; x_wconf 86' lang='lat' dir='ltr'>felices,</span> <span class='ocrx_word' id='word_1_120' title='bbox 1346 1881 1635 1963; x_wconf 89' lang='lat' dir='ltr'>quemadmodum</span> 
     </span>
     <span class='ocr_line' id='line_1_15' title="bbox 414 1985 1635 2068; baseline 0 -16"><span class='ocrx_word' id='word_1_121' title='bbox 414 1985 531 2068; x_wconf 85' lang='lat' dir='ltr'>Reges</span> <span class='ocrx_word' id='word_1_122' title='bbox 553 2006 596 2052; x_wconf 87' lang='lat' dir='ltr'>ac</span> <span class='ocrx_word' id='word_1_123' title='bbox 615 1987 775 2068; x_wconf 90' lang='lat' dir='ltr'>Domini,</span> <span class='ocrx_word' id='word_1_124' title='bbox 796 1989 855 2052; x_wconf 87' lang='lat' dir='ltr'>alii</span> <span class='ocrx_word' id='word_1_125' title='bbox 875 1997 1017 2068; x_wconf 88' lang='lat' dir='ltr'>contra;</span> <span class='ocrx_word' id='word_1_126' title='bbox 1041 1989 1103 2053; x_wconf 87' lang='lat' dir='ltr'>sed</span> <span class='ocrx_word' id='word_1_127' title='bbox 1124 1988 1265 2052; x_wconf 92' lang='lat' dir='ltr'>demum</span> <span class='ocrx_word' id='word_1_128' title='bbox 1280 1989 1399 2054; x_wconf 91' lang='lat' dir='ltr'>omnia</span> <span class='ocrx_word' id='word_1_129' title='bbox 1418 1989 1510 2053; x_wconf 89' lang='lat' dir='ltr'>scire</span> <span class='ocrx_word' id='word_1_130' title='bbox 1524 1987 1635 2052; x_wconf 87' lang='lat' dir='ltr'>Deum</span> 
     </span>
     <span class='ocr_line' id='line_1_16' title="bbox 411 2095 1637 2177; baseline -0.002 -19"><span class='ocrx_word' id='word_1_131' title='bbox 411 2095 626 2175; x_wconf 91' lang='lat' dir='ltr'>respondent</span> <span class='ocrx_word' id='word_1_132' title='bbox 641 2104 675 2159; x_wconf 89' lang='lat' dir='ltr'>et</span> <span class='ocrx_word' id='word_1_133' title='bbox 690 2112 728 2158; x_wconf 90' lang='lat' dir='ltr'>se</span> <span class='ocrx_word' id='word_1_134' title='bbox 743 2095 921 2174; x_wconf 85' lang='lat' dir='ltr'>ignorare;</span> <span class='ocrx_word' id='word_1_135' title='bbox 938 2095 1001 2159; x_wconf 94' lang='lat' dir='ltr'>sed</span> <span class='ocrx_word' id='word_1_136' title='bbox 1016 2095 1105 2159; x_wconf 89' lang='lat' dir='ltr'>haec</span> <span class='ocrx_word' id='word_1_137' title='bbox 1120 2096 1164 2158; x_wconf 90' lang='lat' dir='ltr'>ab</span> <span class='ocrx_word' id='word_1_138' title='bbox 1180 2095 1334 2176; x_wconf 89' lang='lat' dir='ltr'>antiquis</span> <span class='ocrx_word' id='word_1_139' title='bbox 1349 2095 1484 2177; x_wconf 90' lang='lat' dir='ltr'>scripta</span> <span class='ocrx_word' id='word_1_140' title='bbox 1499 2112 1590 2174; x_wconf 90' lang='lat' dir='ltr'>esse,</span> <span class='ocrx_word' id='word_1_141' title='bbox 1604 2105 1637 2158; x_wconf 90' lang='lat' dir='ltr'>et</span> 
     </span>
     <span class='ocr_line' id='line_1_17' title="bbox 416 2202 1056 2282; baseline -0.005 -16"><span class='ocrx_word' id='word_1_142' title='bbox 416 2220 437 2266; x_wconf 90' lang='lat' dir='ltr'>a</span> <span class='ocrx_word' id='word_1_143' title='bbox 452 2203 525 2266; x_wconf 90' lang='lat' dir='ltr'>suis</span> <span class='ocrx_word' id='word_1_144' title='bbox 541 2202 722 2282; x_wconf 86' lang='lat' dir='ltr'>magistris</span> <span class='ocrx_word' id='word_1_145' title='bbox 737 2203 789 2266; x_wconf 93' lang='lat' dir='ltr'>sic</span> <span class='ocrx_word' id='word_1_146' title='bbox 804 2202 952 2267; x_wconf 90' lang='lat' dir='ltr'>edoctos</span> <span class='ocrx_word' id='word_1_147' title='bbox 966 2219 1056 2266; x_wconf 89' lang='lat' dir='ltr'>esse.</span> 
     </span>
    </p>

    <p class='ocr_par' dir='ltr' id='par_1_5' title="bbox 412 2308 1637 2614">
     <span class='ocr_line' id='line_1_18' title="bbox 476 2308 1636 2391; baseline 0.002 -19"><span class='ocrx_word' id='word_1_148' title='bbox 476 2308 563 2374; x_wconf 88' lang='lat'>1875.</span> <span class='ocrx_word' id='word_1_149' title='bbox 608 2309 739 2374; x_wconf 91' lang='lat' dir='ltr'>Omnes</span> <span class='ocrx_word' id='word_1_150' title='bbox 768 2318 886 2374; x_wconf 87' lang='lat' dir='ltr'>autem</span> <span class='ocrx_word' id='word_1_151' title='bbox 914 2310 1094 2374; x_wconf 88' lang='lat' dir='ltr'>diabolum</span> <span class='ocrx_word' id='word_1_152' title='bbox 1127 2311 1279 2374; x_wconf 90' lang='lat' dir='ltr'>adorant</span> <span class='ocrx_word' id='word_1_153' title='bbox 1305 2328 1350 2374; x_wconf 94' lang='lat' dir='ltr'>ne</span> <span class='ocrx_word' id='word_1_154' title='bbox 1384 2310 1471 2390; x_wconf 88' lang='lat' dir='ltr'>ipsis</span> <span class='ocrx_word' id='word_1_155' title='bbox 1498 2317 1636 2391; x_wconf 88' lang='lat' dir='ltr'>noceat;</span> 
     </span>
     <span class='ocr_line' id='line_1_19' title="bbox 413 2415 1637 2499; baseline 0.001 -19"><span class='ocrx_word' id='word_1_156' title='bbox 413 2417 576 2499; x_wconf 89' lang='lat' dir='ltr'>quamvis</span> <span class='ocrx_word' id='word_1_157' title='bbox 602 2417 716 2497; x_wconf 90' lang='lat' dir='ltr'>ipsum</span> <span class='ocrx_word' id='word_1_158' title='bbox 741 2418 874 2480; x_wconf 91' lang='lat' dir='ltr'>malum</span> <span class='ocrx_word' id='word_1_159' title='bbox 893 2434 971 2480; x_wconf 87' lang='lat' dir='ltr'>esse</span> <span class='ocrx_word' id='word_1_160' title='bbox 990 2417 1106 2481; x_wconf 89' lang='lat' dir='ltr'>sciant</span> <span class='ocrx_word' id='word_1_161' title='bbox 1125 2425 1160 2480; x_wconf 92' lang='lat' dir='ltr'>et</span> <span class='ocrx_word' id='word_1_162' title='bbox 1178 2416 1246 2481; x_wconf 91' lang='lat' dir='ltr'>Dei</span> <span class='ocrx_word' id='word_1_163' title='bbox 1266 2433 1427 2494; x_wconf 91' lang='lat' dir='ltr'>servum,</span> <span class='ocrx_word' id='word_1_164' title='bbox 1451 2426 1485 2479; x_wconf 92' lang='lat' dir='ltr'>et</span> <span class='ocrx_word' id='word_1_165' title='bbox 1506 2415 1637 2481; x_wconf 83' lang='lat' dir='ltr'>&#39;sacri-</span> 
     </span>
     <span class='ocr_line' id='line_1_20' title="bbox 412 2524 1589 2614; baseline -0.002 -26"><span class='ocrx_word' id='word_1_166' title='bbox 412 2524 501 2588; x_wconf 90' lang='lat' dir='ltr'>ficiis</span> <span class='ocrx_word' id='word_1_167' title='bbox 516 2524 664 2604; x_wconf 88' lang='lat' dir='ltr'>placari.</span> <span class='ocrx_word' id='word_1_168' title='bbox 1585 2607 1589 2614; x_wconf 26' lang='grc' dir='ltr'>Ι</span> 
     </span>
    </p>

    <p class='ocr_par' dir='ltr' id='par_1_6' title="bbox 406 2629 1646 4421">
     <span class='ocr_line' id='line_1_21' title="bbox 473 2629 1640 2694; baseline 0.001 -1"><span class='ocrx_word' id='word_1_169' title='bbox 473 2629 560 2693; x_wconf 86' lang='grc'>1876.</span> <span class='ocrx_word' id='word_1_170' title='bbox 605 2629 767 2694; x_wconf 82' lang='lat' dir='ltr'>Affirmat</span> <span class='ocrx_word' id='word_1_171' title='bbox 792 2639 909 2693; x_wconf 91' lang='lat' dir='ltr'>autem</span> <span class='ocrx_word' id='word_1_172' title='bbox 928 2632 1062 2694; x_wconf 90' lang='lat' dir='ltr'>nullum</span> <span class='ocrx_word' id='word_1_173' title='bbox 1086 2629 1160 2694; x_wconf 87' lang='lat' dir='ltr'>sere</span> <span class='ocrx_word' id='word_1_174' title='bbox 1185 2648 1232 2694; x_wconf 85' lang='lat' dir='ltr'>ex</span> <span class='ocrx_word' id='word_1_175' title='bbox 1252 2631 1307 2694; x_wconf 92' lang='lat' dir='ltr'>his</span> <span class='ocrx_word' id='word_1_176' title='bbox 1325 2630 1525 2694; x_wconf 89' lang='lat' dir='ltr'>hominibus</span> <span class='ocrx_word' id='word_1_177' title='bbox 1547 2630 1640 2694; x_wconf 89' lang='lat' dir='ltr'>indis</span> 
     </span>
     <span class='ocr_line' id='line_1_22' title="bbox 409 2737 1637 2819; baseline 0 -18"><span class='ocrx_word' id='word_1_178' title='bbox 409 2738 574 2815; x_wconf 85' lang='lat' dir='ltr'>inveniri,</span> <span class='ocrx_word' id='word_1_179' title='bbox 601 2738 660 2819; x_wconf 90' lang='lat' dir='ltr'>qui</span> <span class='ocrx_word' id='word_1_180' title='bbox 686 2737 818 2819; x_wconf 90' lang='lat' dir='ltr'>aliquid</span> <span class='ocrx_word' id='word_1_181' title='bbox 842 2737 927 2801; x_wconf 89' lang='lat' dir='ltr'>novi</span> <span class='ocrx_word' id='word_1_182' title='bbox 953 2738 1137 2802; x_wconf 89' lang='lat' dir='ltr'>addiscere</span> <span class='ocrx_word' id='word_1_183' title='bbox 1161 2738 1312 2818; x_wconf 85' lang='lat' dir='ltr'>studeat;</span> <span class='ocrx_word' id='word_1_184' title='bbox 1335 2756 1397 2802; x_wconf 92' lang='lat' dir='ltr'>eos</span> <span class='ocrx_word' id='word_1_185' title='bbox 1423 2746 1543 2801; x_wconf 88' lang='lat' dir='ltr'>autem</span> <span class='ocrx_word' id='word_1_186' title='bbox 1569 2738 1637 2819; x_wconf 92' lang='lat' dir='ltr'>qui,</span> 
     </span>
     <span class='ocr_line' id='line_1_23' title="bbox 407 2844 1638 2926; baseline 0 -18"><span class='ocrx_word' id='word_1_187' title='bbox 407 2862 528 2908; x_wconf 89' lang='lat' dir='ltr'>mores</span> <span class='ocrx_word' id='word_1_188' title='bbox 545 2844 734 2924; x_wconf 67' lang='lat' dir='ltr'>gentilis-os</span> <span class='ocrx_word' id='word_1_189' title='bbox 752 2845 1001 2926; x_wconf 89' lang='lat' dir='ltr'>relinquentes,</span> <span class='ocrx_word' id='word_1_190' title='bbox 1023 2846 1207 2909; x_wconf 90' lang='lat' dir='ltr'>christiani</span> <span class='ocrx_word' id='word_1_191' title='bbox 1225 2845 1313 2909; x_wconf 87' lang='lat' dir='ltr'>fiunt</span> <span class='ocrx_word' id='word_1_192' title='bbox 1333 2846 1391 2909; x_wconf 88' lang='lat' dir='ltr'>vel</span> <span class='ocrx_word' id='word_1_193' title='bbox 1407 2846 1588 2925; x_wconf 89' lang='lat' dir='ltr'>saraceni,</span> <span class='ocrx_word' id='word_1_194' title='bbox 1604 2844 1638 2908; x_wconf 87' lang='lat' dir='ltr'>id</span> 
     </span>
     <span class='ocr_line' id='line_1_24' title="bbox 408 2951 1637 3032; baseline 0.001 -17"><span class='ocrx_word' id='word_1_195' title='bbox 408 2951 484 3015; x_wconf 83' lang='lat' dir='ltr'>fere</span> <span class='ocrx_word' id='word_1_196' title='bbox 503 2952 547 3015; x_wconf 94' lang='lat' dir='ltr'>ob</span> <span class='ocrx_word' id='word_1_197' title='bbox 567 2952 777 3032; x_wconf 89' lang='lat' dir='ltr'>temporalia</span> <span class='ocrx_word' id='word_1_198' title='bbox 798 2952 983 3015; x_wconf 91' lang='lat' dir='ltr'>commoda</span> <span class='ocrx_word' id='word_1_199' title='bbox 998 2969 1059 3015; x_wconf 89' lang='lat' dir='ltr'>eos</span> <span class='ocrx_word' id='word_1_200' title='bbox 1074 2953 1204 3032; x_wconf 84' lang='lat' dir='ltr'>iacere;</span> <span class='ocrx_word' id='word_1_201' title='bbox 1227 2962 1364 3017; x_wconf 89' lang='lat' dir='ltr'>sectam</span> <span class='ocrx_word' id='word_1_202' title='bbox 1384 2961 1504 3016; x_wconf 89' lang='lat' dir='ltr'>autem</span> <span class='ocrx_word' id='word_1_203' title='bbox 1519 2952 1637 3016; x_wconf 90' lang='lat' dir='ltr'>Mabo-</span> 
     </span>
     <span class='ocr_line' id='line_1_25' title="bbox 411 3058 1639 3140; baseline 0.001 -18"><span class='ocrx_word' id='word_1_204' title='bbox 411 3059 505 3137; x_wconf 89' lang='lat' dir='ltr'>meti,</span> <span class='ocrx_word' id='word_1_205' title='bbox 518 3070 557 3123; x_wconf 88' lang='lat' dir='ltr'>ut</span> <span class='ocrx_word' id='word_1_206' title='bbox 568 3058 752 3122; x_wconf 86' lang='lat' dir='ltr'>affectibus</span> <span class='ocrx_word' id='word_1_207' title='bbox 763 3076 886 3122; x_wconf 92' lang='lat' dir='ltr'>eorum</span> <span class='ocrx_word' id='word_1_208' title='bbox 895 3060 1117 3140; x_wconf 86' lang='lat' dir='ltr'>etgentilicis</span> <span class='ocrx_word' id='word_1_209' title='bbox 1130 3060 1289 3123; x_wconf 91' lang='lat' dir='ltr'>moribus</span> <span class='ocrx_word' id='word_1_210' title='bbox 1303 3059 1419 3140; x_wconf 86' lang='lat' dir='ltr'>magis</span> <span class='ocrx_word' id='word_1_211' title='bbox 1430 3076 1639 3137; x_wconf 89' lang='lat' dir='ltr'>consonam,</span> 
     </span>
     <span class='ocr_line' id='line_1_26' title="bbox 410 3166 1640 3247; baseline 0 -18"><span class='ocrx_word' id='word_1_212' title='bbox 410 3166 557 3231; x_wconf 86' lang='lat' dir='ltr'>mirifice</span> <span class='ocrx_word' id='word_1_213' title='bbox 571 3168 607 3230; x_wconf 90' lang='lat' dir='ltr'>in</span> <span class='ocrx_word' id='word_1_214' title='bbox 623 3166 763 3229; x_wconf 90' lang='lat' dir='ltr'>illorum</span> <span class='ocrx_word' id='word_1_215' title='bbox 777 3166 904 3229; x_wconf 92' lang='lat' dir='ltr'>animis</span> <span class='ocrx_word' id='word_1_216' title='bbox 919 3167 1075 3246; x_wconf 91' lang='lat' dir='ltr'>imprimi</span> <span class='ocrx_word' id='word_1_217' title='bbox 1089 3176 1124 3229; x_wconf 91' lang='lat' dir='ltr'>et</span> <span class='ocrx_word' id='word_1_218' title='bbox 1139 3167 1368 3233; x_wconf 85' lang='lat' dir='ltr'>admirandos</span> <span class='ocrx_word' id='word_1_219' title='bbox 1379 3182 1594 3247; x_wconf 90' lang='lat' dir='ltr'>progressus</span> <span class='ocrx_word' id='word_1_220' title='bbox 1605 3166 1640 3230; x_wconf 90' lang='lat' dir='ltr'>in</span> 
     </span>
     <span class='ocr_line' id='line_1_27' title="bbox 409 3272 1641 3354; baseline -0.001 -17"><span class='ocrx_word' id='word_1_221' title='bbox 409 3275 478 3338; x_wconf 92' lang='lat' dir='ltr'>illis</span> <span class='ocrx_word' id='word_1_222' title='bbox 494 3274 697 3354; x_wconf 90' lang='lat' dir='ltr'>regionibus</span> <span class='ocrx_word' id='word_1_223' title='bbox 712 3273 840 3335; x_wconf 86' lang='lat' dir='ltr'>iacere.</span> <span class='ocrx_word' id='word_1_224' title='bbox 858 3272 1061 3337; x_wconf 87' lang='lat' dir='ltr'>Christiana</span> <span class='ocrx_word' id='word_1_225' title='bbox 1075 3291 1162 3336; x_wconf 92' lang='lat' dir='ltr'>vero</span> <span class='ocrx_word' id='word_1_226' title='bbox 1176 3273 1326 3353; x_wconf 91' lang='lat' dir='ltr'>Religi0,</span> <span class='ocrx_word' id='word_1_227' title='bbox 1348 3274 1394 3336; x_wconf 87' lang='lat' dir='ltr'>ab</span> <span class='ocrx_word' id='word_1_228' title='bbox 1414 3290 1537 3337; x_wconf 90' lang='lat' dir='ltr'>eorum</span> <span class='ocrx_word' id='word_1_229' title='bbox 1559 3275 1641 3338; x_wconf 89' lang='lat' dir='ltr'>abu-</span> 
     </span>
     <span class='ocr_line' id='line_1_28' title="bbox 408 3379 1641 3462; baseline -0.002 -17"><span class='ocrx_word' id='word_1_230' title='bbox 408 3382 506 3445; x_wconf 87' lang='lat' dir='ltr'>sibus</span> <span class='ocrx_word' id='word_1_231' title='bbox 526 3382 750 3462; x_wconf 83' lang='lat' dir='ltr'>tamaliena,</span> <span class='ocrx_word' id='word_1_232' title='bbox 778 3380 901 3443; x_wconf 89' lang='lat' dir='ltr'>sinon</span> <span class='ocrx_word' id='word_1_233' title='bbox 924 3380 1150 3458; x_wconf 91' lang='lat' dir='ltr'>minueretur,</span> <span class='ocrx_word' id='word_1_234' title='bbox 1175 3397 1253 3443; x_wconf 90' lang='lat' dir='ltr'>esse</span> <span class='ocrx_word' id='word_1_235' title='bbox 1275 3380 1370 3461; x_wconf 91' lang='lat' dir='ltr'>quod</span> <span class='ocrx_word' id='word_1_236' title='bbox 1393 3379 1469 3444; x_wconf 91' lang='lat' dir='ltr'>Deo</span> <span class='ocrx_word' id='word_1_237' title='bbox 1491 3396 1641 3459; x_wconf 90' lang='lat' dir='ltr'>magnas</span> 
     </span>
     <span class='ocr_line' id='line_1_29' title="bbox 407 3486 1642 3568; baseline -0.002 -16"><span class='ocrx_word' id='word_1_238' title='bbox 407 3489 544 3568; x_wconf 86' lang='lat' dir='ltr'>gratias</span> <span class='ocrx_word' id='word_1_239' title='bbox 559 3496 717 3565; x_wconf 78' lang='lat' dir='ltr'>agerent.</span> <span class='ocrx_word' id='word_1_240' title='bbox 734 3488 777 3551; x_wconf 90' lang='lat' dir='ltr'>Et</span> <span class='ocrx_word' id='word_1_241' title='bbox 792 3503 874 3550; x_wconf 89' lang='lat' dir='ltr'>cum</span> <span class='ocrx_word' id='word_1_242' title='bbox 888 3486 1042 3565; x_wconf 89' lang='lat' dir='ltr'>lusitani,</span> <span class='ocrx_word' id='word_1_243' title='bbox 1058 3488 1166 3566; x_wconf 88' lang='lat' dir='ltr'>quiin</span> <span class='ocrx_word' id='word_1_244' title='bbox 1183 3487 1319 3550; x_wconf 90' lang='lat' dir='ltr'>Indiam</span> <span class='ocrx_word' id='word_1_245' title='bbox 1340 3487 1498 3564; x_wconf 89' lang='lat' dir='ltr'>veniunt,</span> <span class='ocrx_word' id='word_1_246' title='bbox 1515 3487 1551 3549; x_wconf 89' lang='lat' dir='ltr'>id</span> <span class='ocrx_word' id='word_1_247' title='bbox 1566 3502 1642 3550; x_wconf 89' lang='lat' dir='ltr'>tan·</span> 
     </span>
     <span class='ocr_line' id='line_1_30' title="bbox 408 3592 1640 3673; baseline -0.002 -15"><span class='ocrx_word' id='word_1_248' title='bbox 408 3605 482 3658; x_wconf 93' lang='lat' dir='ltr'>tum</span> <span class='ocrx_word' id='word_1_249' title='bbox 497 3596 614 3658; x_wconf 88' lang='lat' dir='ltr'>animo</span> <span class='ocrx_word' id='word_1_250' title='bbox 629 3594 825 3673; x_wconf 88' lang='lat' dir='ltr'>intendant,</span> <span class='ocrx_word' id='word_1_251' title='bbox 841 3604 879 3657; x_wconf 91' lang='lat' dir='ltr'>ut</span> <span class='ocrx_word' id='word_1_252' title='bbox 894 3592 1043 3655; x_wconf 88' lang='lat' dir='ltr'>ditiores</span> <span class='ocrx_word' id='word_1_253' title='bbox 1057 3594 1093 3655; x_wconf 91' lang='lat' dir='ltr'>in</span> <span class='ocrx_word' id='word_1_254' title='bbox 1111 3592 1363 3673; x_wconf 87' lang='lat' dir='ltr'>Portugalliam</span> <span class='ocrx_word' id='word_1_255' title='bbox 1383 3594 1550 3672; x_wconf 90' lang='lat' dir='ltr'>redeant,</span> <span class='ocrx_word' id='word_1_256' title='bbox 1568 3610 1640 3657; x_wconf 90' lang='lat' dir='ltr'>non</span> 
     </span>
     <span class='ocr_line' id='line_1_31' title="bbox 407 3700 1642 3781; baseline 0 -18"><span class='ocrx_word' id='word_1_257' title='bbox 407 3702 459 3764; x_wconf 90' lang='lat' dir='ltr'>sic</span> <span class='ocrx_word' id='word_1_258' title='bbox 480 3702 605 3764; x_wconf 88' lang='lat' dir='ltr'>vivunt</span> <span class='ocrx_word' id='word_1_259' title='bbox 626 3718 669 3764; x_wconf 89' lang='lat' dir='ltr'>ac</span> <span class='ocrx_word' id='word_1_260' title='bbox 689 3701 894 3781; x_wconf 90' lang='lat' dir='ltr'>procedunt,</span> <span class='ocrx_word' id='word_1_261' title='bbox 922 3709 961 3762; x_wconf 93' lang='lat' dir='ltr'>ut</span> <span class='ocrx_word' id='word_1_262' title='bbox 982 3700 1027 3762; x_wconf 89' lang='lat' dir='ltr'>ad</span> <span class='ocrx_word' id='word_1_263' title='bbox 1047 3701 1317 3764; x_wconf 90' lang='lat' dir='ltr'>couversionem</span> <span class='ocrx_word' id='word_1_264' title='bbox 1336 3700 1527 3763; x_wconf 91' lang='lat' dir='ltr'>infidelium</span> <span class='ocrx_word' id='word_1_265' title='bbox 1549 3717 1642 3781; x_wconf 91' lang='lat' dir='ltr'>opus</span> 
     </span>
     <span class='ocr_line' id='line_1_32' title="bbox 407 3805 1641 3889; baseline 0 -19"><span class='ocrx_word' id='word_1_266' title='bbox 407 3818 511 3884; x_wconf 89' lang='lat' dir='ltr'>esset,</span> <span class='ocrx_word' id='word_1_267' title='bbox 530 3808 613 3889; x_wconf 90' lang='lat' dir='ltr'>quin</span> <span class='ocrx_word' id='word_1_268' title='bbox 628 3808 745 3888; x_wconf 92' lang='lat' dir='ltr'>potius</span> <span class='ocrx_word' id='word_1_269' title='bbox 771 3807 951 3871; x_wconf 90' lang='lat' dir='ltr'>contrario</span> <span class='ocrx_word' id='word_1_270' title='bbox 979 3806 1083 3870; x_wconf 91' lang='lat' dir='ltr'>modo</span> <span class='ocrx_word' id='word_1_271' title='bbox 1099 3825 1137 3870; x_wconf 90' lang='lat' dir='ltr'>se</span> <span class='ocrx_word' id='word_1_272' title='bbox 1152 3807 1282 3870; x_wconf 88' lang='lat' dir='ltr'>habent</span> <span class='ocrx_word' id='word_1_273' title='bbox 1303 3805 1327 3885; x_wconf 79' lang='lat'>⁸;</span> <span class='ocrx_word' id='word_1_274' title='bbox 1343 3817 1377 3870; x_wconf 89' lang='lat' dir='ltr'>et</span> <span class='ocrx_word' id='word_1_275' title='bbox 1393 3823 1472 3869; x_wconf 90' lang='lat' dir='ltr'>cum</span> <span class='ocrx_word' id='word_1_276' title='bbox 1494 3823 1567 3869; x_wconf 90' lang='lat' dir='ltr'>non</span> <span class='ocrx_word' id='word_1_277' title='bbox 1584 3824 1641 3870; x_wconf 90' lang='lat' dir='ltr'>ca·</span> 
     </span>
     <span class='ocr_line' id='line_1_33' title="bbox 407 3914 1643 3993; baseline 0.001 -18"><span class='ocrx_word' id='word_1_278' title='bbox 407 3923 532 3992; x_wconf 88' lang='lat' dir='ltr'>perent</span> <span class='ocrx_word' id='word_1_279' title='bbox 548 3915 655 3977; x_wconf 89' lang='lat' dir='ltr'>urbes</span> <span class='ocrx_word' id='word_1_280' title='bbox 669 3932 734 3977; x_wconf 90' lang='lat' dir='ltr'>nee</span> <span class='ocrx_word' id='word_1_281' title='bbox 758 3914 945 3989; x_wconf 89' lang='lat' dir='ltr'>munirent,</span> <span class='ocrx_word' id='word_1_282' title='bbox 972 3922 1134 3991; x_wconf 89' lang='lat' dir='ltr'>potentes</span> <span class='ocrx_word' id='word_1_283' title='bbox 1153 3930 1224 3976; x_wconf 90' lang='lat' dir='ltr'>non</span> <span class='ocrx_word' id='word_1_284' title='bbox 1249 3923 1350 3976; x_wconf 89' lang='lat' dir='ltr'>erant</span> <span class='ocrx_word' id='word_1_285' title='bbox 1370 3923 1408 3975; x_wconf 91' lang='lat' dir='ltr'>ut</span> <span class='ocrx_word' id='word_1_286' title='bbox 1430 3930 1451 3976; x_wconf 92' lang='lat' dir='ltr'>a</span> <span class='ocrx_word' id='word_1_287' title='bbox 1477 3914 1643 3993; x_wconf 87' lang='lat' dir='ltr'>tyrannis</span> 
     </span>
     <span class='ocr_line' id='line_1_34' title="bbox 406 4020 1641 4101; baseline 0 -18"><span class='ocrx_word' id='word_1_288' title='bbox 406 4038 470 4085; x_wconf 91' lang='lat' dir='ltr'>eos</span> <span class='ocrx_word' id='word_1_289' title='bbox 485 4020 722 4100; x_wconf 86' lang='lat' dir='ltr'>defenderent,</span> <span class='ocrx_word' id='word_1_290' title='bbox 743 4021 803 4101; x_wconf 91' lang='lat' dir='ltr'>qui</span> <span class='ocrx_word' id='word_1_291' title='bbox 815 4020 947 4083; x_wconf 90' lang='lat' dir='ltr'>Cbristi</span> <span class='ocrx_word' id='word_1_292' title='bbox 964 4020 1071 4083; x_wconf 88' lang='lat' dir='ltr'>fidem</span> <span class='ocrx_word' id='word_1_293' title='bbox 1084 4021 1392 4101; x_wconf 89' lang='lat' dir='ltr'>amplecterentur;</span> <span class='ocrx_word' id='word_1_294' title='bbox 1406 4030 1440 4083; x_wconf 91' lang='lat' dir='ltr'>et</span> <span class='ocrx_word' id='word_1_295' title='bbox 1456 4020 1504 4083; x_wconf 92' lang='lat' dir='ltr'>ita</span> <span class='ocrx_word' id='word_1_296' title='bbox 1519 4020 1641 4099; x_wconf 92' lang='lat' dir='ltr'>pauci,</span> 
     </span>
     <span class='ocr_line' id='line_1_35' title="bbox 408 4126 1641 4208; baseline -0.001 -18"><span class='ocrx_word' id='word_1_297' title='bbox 408 4138 549 4208; x_wconf 89' lang='lat' dir='ltr'>praeter</span> <span class='ocrx_word' id='word_1_298' title='bbox 573 4130 807 4208; x_wconf 87' lang='lat' dir='ltr'>pauperculos</span> <span class='ocrx_word' id='word_1_299' title='bbox 831 4128 1019 4207; x_wconf 86' lang='lat' dir='ltr'>quosdam,</span> <span class='ocrx_word' id='word_1_300' title='bbox 1055 4127 1366 4190; x_wconf 89' lang='lat' dir='ltr'>convertebantur.</span> <span class='ocrx_word' id='word_1_301' title='bbox 1393 4126 1437 4189; x_wconf 90' lang='lat' dir='ltr'>Et</span> <span class='ocrx_word' id='word_1_302' title='bbox 1471 4126 1641 4207; x_wconf 83' lang='lat' dir='ltr'>quamvis</span> 
     </span>
     <span class='ocr_line' id='line_1_36' title="bbox 407 4232 1646 4315; baseline -0.001 -18"><span class='ocrx_word' id='word_1_303' title='bbox 407 4234 469 4298; x_wconf 89' lang='lat' dir='ltr'>alii</span> <span class='ocrx_word' id='word_1_304' title='bbox 484 4236 621 4298; x_wconf 91' lang='lat' dir='ltr'>meliori</span> <span class='ocrx_word' id='word_1_305' title='bbox 636 4252 698 4315; x_wconf 89' lang='lat' dir='ltr'>spe</span> <span class='ocrx_word' id='word_1_306' title='bbox 713 4244 818 4315; x_wconf 89' lang='lat' dir='ltr'>atque</span> <span class='ocrx_word' id='word_1_307' title='bbox 831 4234 948 4297; x_wconf 92' lang='lat' dir='ltr'>animo</span> <span class='ocrx_word' id='word_1_308' title='bbox 964 4246 1093 4313; x_wconf 90' lang='lat' dir='ltr'>essent,</span> <span class='ocrx_word' id='word_1_309' title='bbox 1106 4234 1211 4297; x_wconf 89' lang='lat' dir='ltr'>Pater</span> <span class='ocrx_word' id='word_1_310' title='bbox 1223 4245 1342 4297; x_wconf 90' lang='lat' dir='ltr'>tamen</span> <span class='ocrx_word' id='word_1_311' title='bbox 1356 4232 1524 4297; x_wconf 87' lang='lat' dir='ltr'>Nicolaus</span> <span class='ocrx_word' id='word_1_312' title='bbox 1539 4233 1646 4297; x_wconf 90' lang='lat' dir='ltr'>tirne-</span> 
     </span>
     <span class='ocr_line' id='line_1_37' title="bbox 407 4340 1646 4421; baseline 0 -18"><span class='ocrx_word' id='word_1_313' title='bbox 407 4341 468 4403; x_wconf 89' lang='lat' dir='ltr'>bat</span> <span class='ocrx_word' id='word_1_314' title='bbox 490 4360 534 4403; x_wconf 88' lang='lat' dir='ltr'>ne</span> <span class='ocrx_word' id='word_1_315' title='bbox 556 4341 709 4419; x_wconf 88' lang='lat' dir='ltr'>lusitani,</span> <span class='ocrx_word' id='word_1_316' title='bbox 731 4342 763 4404; x_wconf 93' lang='lat' dir='ltr'>si</span> <span class='ocrx_word' id='word_1_317' title='bbox 782 4341 996 4421; x_wconf 89' lang='lat' dir='ltr'>procedendi</span> <span class='ocrx_word' id='word_1_318' title='bbox 1015 4342 1156 4404; x_wconf 90' lang='lat' dir='ltr'>modum</span> <span class='ocrx_word' id='word_1_319' title='bbox 1178 4358 1248 4404; x_wconf 93' lang='lat' dir='ltr'>non</span> <span class='ocrx_word' id='word_1_320' title='bbox 1268 4349 1446 4403; x_wconf 89' lang='lat' dir='ltr'>mutarent</span> <span class='ocrx_word' id='word_1_321' title='bbox 1468 4342 1504 4403; x_wconf 89' lang='lat' dir='ltr'>in</span> <span class='ocrx_word' id='word_1_322' title='bbox 1518 4340 1646 4403; x_wconf 85' lang='lat' dir='ltr'>[ndiae</span> 
     </span>
    </p>
   </div>
   <div class='ocr_carea' id='block_1_3' title="bbox 451 4546 626 4590">
    <p class='ocr_par' dir='ltr' id='par_1_7' title="bbox 451 4546 626 4590">
     <span class='ocr_line' id='line_1_38' title="bbox 451 4546 626 4590; baseline 0 0"><span class='ocrx_word' id='word_1_323' title='bbox 451 4548 459 4578; x_wconf 83' lang='lat'>¹</span> <span class='ocrx_word' id='word_1_324' title='bbox 488 4546 536 4590; x_wconf 83' lang='lat' dir='ltr'>Ma.</span> <span class='ocrx_word' id='word_1_325' title='bbox 547 4546 626 4590; x_wconf 80' lang='lat' dir='ltr'>male.</span> 
     </span>
    </p>
   </div>
   <div class='ocr_carea' id='block_1_4' title="bbox 391 4617 786 4735">
    <p class='ocr_par' dir='ltr' id='par_1_8' title="bbox 391 4617 786 4735">
     <span class='ocr_line' id='line_1_39' title="bbox 391 4617 786 4673; baseline 0.005 -14"><span class='ocrx_word' id='word_1_326' title='bbox 391 4644 392 4659; x_wconf 62' lang='lat' dir='ltr'>r</span> <span class='ocrx_word' id='word_1_327' title='bbox 449 4618 459 4651; x_wconf 81' lang='grc' dir='ltr'>Ι</span> <span class='ocrx_word' id='word_1_328' title='bbox 487 4617 539 4673; x_wconf 84' lang='lat' dir='ltr'>Sic;</span> <span class='ocrx_word' id='word_1_329' title='bbox 550 4618 640 4662; x_wconf 84' lang='lat' dir='ltr'>mellus</span> <span class='ocrx_word' id='word_1_330' title='bbox 651 4618 718 4663; x_wconf 83' lang='lat' dir='ltr'>forte</span> <span class='ocrx_word' id='word_1_331' title='bbox 729 4619 786 4663; x_wconf 79' lang='lat' dir='ltr'>sed.</span> 
     </span>
     <span class='ocr_line' id='line_1_40' title="bbox 446 4688 669 4735; baseline 0.009 -3"><span class='ocrx_word' id='word_1_332' title='bbox 446 4688 460 4719; x_wconf 75' lang='lat'><strong>³</strong></span> <span class='ocrx_word' id='word_1_333' title='bbox 487 4688 533 4734; x_wconf 80' lang='lat' dir='ltr'>lis.</span> <span class='ocrx_word' id='word_1_334' title='bbox 544 4688 669 4735; x_wconf 80' lang='lat' dir='ltr'>habeant.</span> 
     </span>
    </p>
   </div>
   <div class='ocr_carea' id='block_1_5' title="bbox 0 0 1864 5400">
    <p class='ocr_par' dir='ltr' id='par_1_9' title="bbox 0 0 1864 5400">
     <span class='ocr_line' id='line_1_41' title="bbox 0 0 1864 5400; baseline 0 0"><span class='ocrx_word' id='word_1_335' title='bbox 0 0 1864 5400; x_wconf 95' lang='lat' dir='ltr'> </span> 
     </span>
    </p>
   </div>
  </div>
 </body>
</html>
