3717 5400
796 489 859 548 Au.
888 489 958 547 1:255
1440 486 1496 546 203

256 653 379 713 sexuS,
406 647 441 699 et
465 635 535 698 illis
558 636 779 716 praesertim,
807 654 898 716 quae
923 653 1056 699 novum
1077 635 1330 698 monasterium
1352 634 1491 714 praedi·

255 752 357 806 ctum
374 744 381 772 ¹
398 752 501 806 erant
514 744 753 823 ingressurae,
769 744 946 822 religiosis
961 744 1068 806 etiam
1083 742 1323 822 compluribus
1339 742 1492 804 aliorum

263 850 575 930 monasteriorum
592 852 755 932 quamvis
770 867 812 914 ea
827 851 927 928 inre,
944 851 1026 930 quia
1042 853 1190 914 multum
1200 849 1373 928 temporis
1387 849 1493 912 collo-

262 958 417 1021 candum
433 968 521 1035 erat,
537 959 664 1021 merito
679 958 862 1022 dubitabat
877 957 915 1021 P.
932 957 1064 1021 Paulus
1083 975 1129 1020 an
1153 956 1335 1036 expediret
1361 955 1494 1034 passim

259 1065 521 1144 postulantibus
535 1065 746 1128 monialibus
761 1083 802 1128 ea
821 1065 858 1127 in
872 1074 975 1144 parte
989 1064 1210 1128 satisfacere.

323 1172 394 1235 592.
439 1171 510 1236 Sub
533 1173 680 1236 aestatis
700 1172 834 1235 initium
856 1170 987 1235 Paulus
1006 1171 1209 1245 PollicinuS,
1226 1173 1286 1251 qui
1308 1171 1415 1237 classi
1430 1170 1493 1233 hu·

261 1279 446 1342 inanitatis
472 1290 653 1357 praeerat,
683 1279 728 1342 ad
756 1279 995 1342 sacerdotium
1022 1291 1207 1359 promotus
1235 1291 1304 1357 est,
1335 1289 1369 1341 et
1397 1278 1493 1357 apud

257 1403 469 1466 conversas,
490 1387 548 1449 ubi
567 1386 803 1466 quadraginta
823 1396 926 1449 erant
944 1387 1145 1465 religiosae,
1169 1402 1300 1464 magno
1320 1403 1401 1448 cum
1420 1385 1491 1447 fru-

258 1504 322 1556 ctu
342 1511 465 1556 earum
485 1494 773 1557 concionabatur.
796 1493 954 1574 Expulsa
972 1493 1088 1556 fuerat
1108 1494 1153 1556 ab
1179 1494 1247 1556 hoc
1272 1493 1490 1556 monasterio

262 1601 429 1664 monialis
442 1601 628 1681 quaedam,
645 1618 736 1680 quae
755 1601 945 1680 aliquando
970 1601 1152 1663 abbatissa
1170 1599 1302 1678 fuerat,
1323 1598 1386 1662 sed
1407 1616 1492 1678 quia

266 1709 358 1771 male
372 1724 411 1770 se
425 1708 584 1786 gerebat,
598 1725 679 1771 cum
690 1708 768 1770 aliis
779 1706 990 1788 quibusdam
1001 1707 1045 1770 ab
1057 1707 1181 1770 eodem
1193 1706 1409 1769 monasterio
1421 1722 1493 1769 non

267 1814 315 1876 ibi
328 1814 513 1878 retinenda
528 1832 605 1878 esse
622 1814 699 1877 visa
715 1813 779 1877 fuit
794 1812 816 1872 '.
833 1813 895 1876 Illa
910 1831 997 1876 vero
1013 1815 1150 1877 litteras
1169 1812 1384 1892 apostolicas
1404 1811 1495 1874 obti-

266 1937 351 1984 nere
366 1921 556 1998 nitebatur,
572 1932 610 1984 ut
626 1920 671 1983 ad
686 1922 778 1984 idem
795 1922 1049 1984 monasterium
1069 1920 1212 1996 rediret,
1234 1931 1269 1982 et
1292 1919 1494 1982 abbatissae

265 2027 422 2091 officium
436 2039 635 2104 exerceret;
654 2029 747 2108 quod
762 2045 843 2091 cum
858 2029 903 2092 ad
919 2029 1058 2091 ruinam
1081 2027 1286 2090 monasterii
1305 2025 1492 2089 manifeste

271 2136 415 2198 tendere
429 2135 620 2209 videretur,
638 2145 672 2197 et
687 2153 809 2199 omnes
824 2134 925 2213 aliae,
943 2152 1033 2215 quae
1049 2133 1271 2197 laudabiliter
1287 2133 1323 2196 in
1338 2150 1381 2195 eo
1400 2134 1499 2195 vive-

269 2243 365 2318 bant,
381 2254 499 2304 essent
513 2258 735 2320 egressurae,
752 2258 833 2306 cum
851 2244 948 2304 nullo
964 2240 1069 2304 modo
1085 2239 1305 2304 tolerandam
1320 2257 1398 2302 esse
1418 2257 1500 2302 cen·

271 2361 387 2412 serent
403 2365 480 2412 eam
502 2349 720 2412 abbatissam
740 2367 834 2423 esse,
856 2348 950 2428 quod
966 2348 1151 2411 ambitiose
1173 2345 1184 2376 ³
1204 2346 1371 2422 curabat;
1396 2363 1498 2410 cura·

270 2467 342 2518 tum
355 2467 409 2518 est
425 2467 462 2518 ut
477 2473 518 2518 ea
535 2453 815 2530 confirmaretur,
832 2473 922 2535 quae
943 2455 1098 2534 legitime
1119 2463 1155 2516 et
1176 2454 1306 2517 utiliter
1319 2462 1497 2517 monaste·

269 2563 321 2624 rio
336 2573 513 2642 praeerat.

326 2667 398 2733 593.
442 2667 631 2733 Promotus
646 2671 753 2734 etiam
767 2669 832 2733 fuit
847 2669 893 2733 ad
907 2668 1145 2733 sacerdotium
1160 2665 1197 2730 P.
1215 2666 1376 2747 Angelus
1390 2665 1498 2731 Pros-

264 2776 426 2840 docimus
445 2776 457 2807 ⁴
481 2788 515 2840 et
535 2776 572 2840 P.
594 2777 718 2841 Petrus
738 2778 895 2841 Mercato
912 2776 935 2856 ⁵,
952 2788 987 2840 et
1003 2787 1039 2840 ut
1054 2785 1198 2857 possent
1213 2774 1495 2838 confessionibus

265 2900 397 2946 vacare
414 2884 450 2946 P.
466 2885 650 2966 Juvenalis
664 2884 675 2913 ⁶
688 2904 730 2946 ac
747 2885 783 2947 P.
804 2883 931 2947 Petrus
957 2883 1151 2956 Venustus,
1177 2900 1199 2945 a
1215 2881 1398 2957 classibus
1422 2880 1499 2961 qui·

266 2989 332 3053 bus
346 3002 547 3072 praeerant,
564 2992 703 3055 liberati
729 2993 880 3067 fuerunt,
908 2992 987 3054 aliis
1013 2991 1048 3053 in
1063 3008 1106 3053 eo
1132 2990 1336 3053 scholarum
1351 3006 1498 3051 munere

263 3098 547 3161 succedentibus.
562 3098 685 3161 Novus
700 3099 807 3161 etiam
822 3098 992 3161 sacerdos
1008 3098 1125 3160 factus
1139 3108 1194 3159 est
1208 3095 1246 3159 P.
1270 3095 1416 3159 Gabriel
1431 3094 1501 3158 Pu·

267 3220 325 3269 teo
341 3205 363 3285 ⁷3
381 3216 415 3267 et
430 3206 479 3267 ita
497 3206 667 3285 paulatim
682 3206 927 3284 operariorum
941 3222 1110 3267 numerus
1125 3205 1338 3283 augebatur.

327 3312 397 3375 594.
442 3312 510 3375 Sed
539 3313 682 3375 recessit
709 3332 730 3374 a
758 3326 960 3375 nostrorum
987 3328 1136 3374 numero
1160 3311 1317 3393 Joannes
1341 3309 1499 3373 Michau·

269 3421 346 3497 dus,
362 3419 547 3495 Allobrox,
574 3422 615 3495 is,
634 3420 788 3499 inquam,
812 3420 870 3498 qui
888 3437 974 3498 puer
996 3419 1079 3480 olim
1104 3418 1307 3481 haereticus
1326 3417 1444 3480 fuerat
1466 3425 1502 3480 et

269 3548 290 3590 a
305 3526 553 3591 Cardinalibus
578 3527 847 3607 Inquisitoribus
872 3526 969 3589 domi
995 3536 1138 3588 nostrae
1164 3526 1389 3602 constitutus,
1419 3523 1502 3587 hae·

313 3733 319 3752 ⁸
349 3731 562 3784 Pag..'’bll.n.58'i.

314 3802 325 3832 ¹
352 3801 418 3845 Vlde
430 3813 516 3856 supra,
530 3809 549 3847 t.
560 3815 576 3857 1,
589 3814 647 3857 pag.
656 3803 704 3855 238,
713 3815 738 3847 n.
749 3804 796 3848 193.

311 3873 323 3905 δ
349 3872 395 3918 lla.
407 3875 486 3917 habet
496 3874 577 3929 qaam
588 3876 697 3929 vitiosa·
708 3875 752 3918 aed
763 3875 950 3919 emendandam
960 3874 1066 3919 videtur
1075 3883 1106 3918 ιιι
1116 3886 1210 3929 aapra.

308 3945 322 3978 ἃ
347 3944 438 3990 Verba
447 3946 512 3991 baec
523 3946 552 3990 P.
563 3936 883 3999 Angelus“1²rasaocrmus
893 3958 971 3991 maan
981 3946 1087 4001 propria
1097 3947 1208 3991 inseruit
1220 3946 1355 3989 l'olaacua.
1370 3945 1503 3989 Proadocr·

270 4028 326 4060 rnna
336 4018 378 4061 hle
388 4018 431 4072 pie
441 4016 575 4063 Messanae
586 4018 649 4063 obiit
659 4030 727 4063 anno
735 4018 861 4073 aequentl.
872 4019 1020 4072 Aourtaaa,
1029 4020 1048 4061 l.
1058 4030 1091 4072 c.,
1102 4019 1146 4062 lib.
1158 4031 1174 4062 r.
1183 4030 1246 4070 cap.
1262 4030 1287 4069 v,
1300 4030 1326 4061 ιι.
1338 4018 1360 4060 4.

311 4090 323 4123 ⁸
349 4090 432 4143 Alius,
440 4096 469 4133 ιιι
477 4090 589 4143 videtur,
600 4101 616 4134 a
626 4089 739 4146 Georglo
749 4088 873 4145 Mercato,
885 4102 961 4145 quem
971 4091 1019 4134 boe
1030 4102 1098 4134 anno
1115 4092 1141 4133 ln
1150 4091 1297 4134 aradiorum
1312 4089 1504 4133 instauratione

271 4161 407 4219 Syracusis
422 4163 514 4207 habita
528 4164 673 4207 orationem
693 4164 856 4217 eloquentem
873 4163 995 4208 habuisse
1010 4164 1091 4208 refert
1109 4163 1177 4206 idem
1195 4164 1341 4209 Acerina.
1358 4164 1375 4205 l.
1385 4172 1417 4213 c..
1432 4162 1477 4205 lib.
1486 4173 1504 4206 1.

262 4246 326 4289 cap.
337 4246 373 4290 ra,
384 4246 409 4278 n.
417 4234 577 4279 nerra-De
587 4235 636 4280 hoc
647 4241 674 4279 et
684 4235 851 4290 praecedeuti
861 4236 895 4279 ad
905 4246 996 4279 sacros
1006 4236 1110 4279 ordines
1119 4236 1305 4289 promovendis
1313 4236 1446 4280 scribebat
1455 4234 1506 4279 Po-

265 4308 366 4355 lancus.
375 4316 409 4351 ax
416 4318 491 4359 com„
502 4306 575 4351 Patri
583 4308 703 4351 Annibali
714 4308 748 4351 da
757 4306 885 4363 Condrey,
895 4306 1054 4352 Messanensi
1065 4306 1180 4360 Rectorl,
1188 4308 1228 4351 οι·
1241 4307 1391 4351 ιιοοοπιιιιιι
1402 4307 1463 4351 labi.

308 4376 321 4408 θ
348 4379 374 4422 P.
384 4378 519 4431 juvenalis
530 4378 649 4432 Boterua,
659 4381 702 4423 vel
712 4378 842 4423 Boterius.
855 4378 921 4423 Vide
931 4389 1020 4433 supra,
1032 4387 1051 4422 ι.
1061 4390 1079 4432 ι,
1090 4390 1151 4433 pag.
1160 4379 1211 4433 388,
1221 4390 1246 4423 ιι.
1256 4379 1310 4422 387.

311 4450 320 4481 ⁷
349 4452 379 4496 P.
388 4450 496 4495 Gabriel
507 4452 598 4504 Porus,
608 4452 653 4496 vel
661 4452 707 4495 dei
716 4452 794 4503 Poro,
802 4452 841 4496 “ln
849 4452 954 4495 Baleari
963 4451 1056 4505 majori
1065 4460 1151 4501 natos,
1158 4457 1296 4502 spectatae
1305 4451 1413 4496 vlrtntia
1420 4452 1497 4496 homo

266 4523 312 4577 qul
323 4526 356 4566 ab
367 4524 501 4569 cruciandi
512 4525 629 4577 corporis
639 4523 733 4577 studio,
744 4523 810 4579 quod
820 4524 910 4577 flagris
921 4524 1033 4567 assiduis
1050 4522 1166 4577 qnotidie
1182 4524 1318 4576 caedebat,
1333 4529 1360 4567 at
1371 4526 1503 4577 obtempe-

269 4596 345 4639 randi
355 4594 504 4639 constantia
515 4596 716 4647 commendatus,
727 4606 784 4639 curn
796 4596 879 4639 tribus
889 4596 950 4639 aliia
961 4595 1099 4639 Fratribus
1114 4596 1309 4639 valetudinario
1319 4596 1447 4648 addictus,
1458 4594 1506 4639 Pa·

271 4669 354 4711 nonni
365 4669 391 4712 ln
400 4668 548 4713 anburbano
557 4674 631 4722 peste
641 4669 809 4723 interceptus,
820 4668 903 4722 pridie
914 4666 1044 4713 Calendaa
1055 4668 1162 4722 Apriles
1176 4666 1249 4722 (1⁵7⁶)
1266 4668 1375 4713 victima
1384 4668 1504 4711 charita·

273 4740 307 4781 ιιι
316 4740 447 4785 extinctus
457 4744 519 4793 est„
531 4742 675 4789 Αοιιιιιιιιιι.
688 4741 754 4791 ibid,
763 4752 820 4796 cap.
831 4751 866 4787 rx.
879 4752 894 4784 ιι
914 4742 937 4784 8.
