3717 5400
363 480 423 540 304
825 478 954 540 Canon.
975 479 1053 539 Soc.
1074 487 1144 551 jus.

369 635 488 690 turum
503 624 607 704 diem,
625 626 887 706 quolegeretur
908 626 944 688 in
967 626 1117 690 ecclesia
1135 625 1372 704 Evangelium
1391 625 1432 689 B.
1456 625 1601 705 Magda-

370 735 484 810 lenae,
509 730 610 812 cujus
630 732 842 812 expositioni
864 732 894 796 si
920 732 1135 796 interessent
1157 733 1309 813 aliquae,
1332 749 1423 812 quae
1445 732 1601 812 priorem

368 841 482 920 ipsius
498 841 609 904 vitam
633 821 791 904 imitatae
810 839 965 917 fuerant,
992 839 1082 903 sorte
1106 841 1248 904 illarum
1272 841 1381 902 corda
1405 838 1505 902 Deus
1525 839 1600 902 illu·

370 958 511 1025 straret,
528 958 566 1009 ut
581 946 853 1010 conversionem
873 947 981 1010 etiam
1000 947 1223 1011 imitarentur
1241 957 1277 1010 et
1297 945 1522 1010 libidinosam
1543 947 1598 1009 vi·

371 1065 445 1119 tarn
460 1035 664 1135 abjicerent.
679 1052 759 1116 Hoc
774 1053 841 1116 sibi
855 1053 990 1117 dictum
1004 1054 1212 1118 existimans
1227 1053 1401 1134 quaedam
1422 1063 1599 1127 matrona,

366 1169 543 1242 quotquot
558 1159 763 1224 meretrices
777 1155 891 1240 potuit
906 1160 955 1224 ad
967 1161 1174 1225 concionem
1189 1159 1349 1237 adduxit,
1367 1159 1518 1237 singulis
1540 1160 1601 1222 ali·

366 1268 455 1348 quid
468 1267 640 1348 pecuniae
651 1266 829 1346 donand0,
842 1275 877 1330 et
889 1281 999 1347 supra
1013 1267 1252 1346 quadraginta
1263 1265 1428 1330 concioni
1438 1265 1601 1330 interfue-

370 1383 464 1451 runt,
481 1383 516 1437 et
530 1393 576 1438 ex
601 1373 656 1438 his
677 1375 818 1454 aliquae
841 1373 892 1436 sic
915 1383 1150 1454 compunctae
1173 1373 1325 1453 fuerunt,
1347 1383 1386 1436 ut
1406 1391 1428 1434 a
1454 1373 1602 1453 pristina

366 1483 445 1547 vita
460 1481 704 1559 abhorrerent,
722 1491 756 1544 et
771 1481 890 1544 statim
907 1483 1027 1544 locum
1041 1489 1076 1544 et
1091 1481 1301 1546 occasiones
1315 1482 1453 1563 peccati
1467 1480 1603 1544 deserc-

371 1599 462 1669 rent,
478 1598 514 1653 et
529 1589 781 1653 monasterium
797 1604 1053 1652 conversarum
1068 1589 1354 1668 ingrederentur.

428 1695 500 1760 825.
544 1693 722 1760 Plurimae
739 1713 759 1757 a
775 1695 1013 1758 concubinatu
1027 1704 1109 1758 sunt
1123 1710 1324 1777 separatae,
1341 1707 1375 1760 et
1390 1713 1461 1760 una
1480 1711 1602 1760 earum

372 1805 520 1868 honeste
534 1803 659 1883 nuptui
674 1801 804 1865 tradita
820 1811 874 1865 est
887 1819 894 1880 ς
911 1812 946 1865 et
961 1813 1104 1882 praeter
1119 1803 1197 1883 has,
1212 1813 1293 1868 octo
1304 1807 1362 1866 vel
1373 1803 1497 1867 decem
1508 1805 1602 1884 apud

372 1914 541 1976 honestas
556 1911 683 1973 viduas
697 1919 835 1972 castam
850 1910 963 1973 vitam
978 1926 1098 1989 agere,
1116 1921 1150 1974 et
1164 1913 1298 1974 nostris
1308 1911 1511 1991 frequenter
1521 1927 1603 1974 con-

372 2019 464 2083 fiteri
478 2026 682 2097 coeperunt.
700 2016 923 2080 Dissidentes
937 2019 1137 2098 complures
1152 2017 1198 2080 ad
1220 2017 1448 2081 concordiam
1467 2016 1603 2081 redacti

372 2126 514 2190 luerunt
524 2135 559 2188 et
572 2125 608 2187 in
621 2124 688 2186 hac
699 2122 983 2202 Quadragesima
997 2123 1113 2187 Patris
1124 2124 1297 2188 Bernardi
1309 2133 1344 2187 et
1357 2125 1507 2188 aliorum
1520 2124 1603 2188 duo·

372 2249 451 2296 rum
466 2248 587 2312 opera;
604 2241 731 2294 exacta
747 2239 866 2292 autem
880 2229 1176 2310 Quadragesima,
1193 2232 1352 2311 perrexit
1364 2231 1458 2296 idem
1468 2231 1507 2294 Ρ.
1523 2232 1604 2294 Ber-

372 2337 506 2403 nardus
528 2339 563 2400 in
590 2338 665 2401 suis
690 2337 932 2416 concionibus,
957 2346 1031 2400 tam
1051 2337 1087 2400 in
1108 2339 1187 2418 ipsa
1206 2339 1351 2402 civitate
1372 2337 1602 2412 Tornacensi,

373 2464 481 2527 quam
496 2455 598 2508 extra
618 2446 725 2522 illam,
746 2455 780 2506 et
801 2443 1006 2524 frequentes
1026 2444 1167 2524 quidem
1187 2454 1290 2508 erant
1308 2446 1345 2508 in
1365 2446 1523 2521 civitate,
1543 2445 1605 2508 sed

370 2553 627 2634 frequentiores
639 2553 675 2615 in
686 2552 800 2633 pagis,
814 2553 850 2614 in
862 2551 991 2631 quibus
1002 2560 1103 2615 tanta
1114 2551 1314 2616 confluebat
1325 2553 1507 2617 hominum
1518 2553 1604 2617 mul-

371 2659 484 2725 titudo
499 2659 545 2724 ad
560 2659 752 2723 conciones
766 2677 811 2725 ex
826 2659 995 2723 insulensi
1010 2660 1155 2723 civitate
1170 2658 1181 2690 '¹
1196 2671 1231 2723 et
1245 2661 1325 2724 aliis
1344 2659 1473 2725 vicinis
1488 2660 1603 2740 pagiS,

373 2778 411 2832 ut
424 2786 511 2848 prae
525 2766 747 2831 multitudine
763 2766 954 2847 aliquando
969 2778 1133 2847 quatuor,
1150 2768 1340 2849 aliquando
1351 2784 1428 2843 sex,
1444 2766 1604 2831 deficien-

370 2884 436 2953 tes,
453 2874 634 2953 exportari
647 2892 692 2937 ex
706 2875 837 2954 templo
851 2872 1048 2938 debuerint.
1065 2873 1129 2938 His
1140 2873 1370 2938 concionibus
1381 2874 1605 2937 excitabatur

370 2982 417 3045 ad
432 2981 674 3045 contessiones
693 2981 820 3061 ingens
839 2980 1053 3045 desiderium
1068 2982 1299 3061 plurimorum
1320 2999 1431 3062 usque
1450 2981 1539 3045 adeo
1554 2991 1604 3061 ut,

371 3090 453 3153 licet
468 3090 615 3151 multum
631 3089 759 3169 diuque
774 3088 990 3167 laborarent,
1014 3091 1067 3152 eis
1093 3090 1300 3153 satisfacere
1322 3106 1393 3153 non
1415 3090 1604 3169 potuerint.

371 3196 466 3260 Inter
481 3196 546 3259 hos
561 3196 701 3275 plurimi
717 3196 761 3259 ab
777 3196 917 3259 haeresi
940 3196 1212 3277 resipiscebant;
1240 3198 1300 3277 qui
1323 3198 1441 3261 multis
1463 3196 1567 3260 aunis
1585 3214 1606 3259 a

371 3302 605 3368 Sanctissimo
618 3301 849 3367 Sacramento
866 3304 1124 3366 abstinuerant.
1142 3303 1390 3384 Compluribus
1404 3304 1512 3367 etiam
1527 3305 1605 3366 hae·

370 3411 471 3474 retici
486 3420 737 3491 persuaserant
756 3419 944 3488 peccatum
958 3426 1037 3472 esse
1052 3412 1201 3473 mortale
1217 3411 1451 3487 idololatriae,
1472 3411 1503 3473 si
1524 3408 1606 3473 Mis-

371 3534 449 3581 sam
465 3517 640 3595 audirent,
656 3524 691 3578 et
707 3516 754 3578 ibi
771 3516 1034 3580 sanctissimam
1049 3518 1311 3579 Eucharistiam
1325 3517 1531 3580 adorarent.

431 3622 503 3686 826.
546 3622 699 3687 Tornaci
715 3631 833 3686 autem
849 3633 992 3701 praeter
1007 3640 1080 3701 eas,
1097 3623 1141 3685 de
1156 3624 1282 3703 quibus
1297 3625 1403 3704 paulo
1419 3634 1501 3687 ante
1520 3621 1607 3687 dixi·

372 3746 451 3793 mus
462 3729 485 3808 ¹,
499 3729 590 3792 aliae
601 3730 812 3809 complures
826 3746 846 3791 a
860 3746 970 3793 coeno
982 3730 1078 3792 vitae
1088 3729 1297 3793 inhonestae
1308 3741 1543 3810 emergentes
1560 3730 1607 3793 ad

373 3838 626 3901 monasterium
640 3835 680 3899 B.
697 3834 933 3915 Magdalenae
949 3836 996 3914 (in
1012 3854 1081 3917 quo
1093 3837 1361 3917 excipiebantur
1380 3854 1471 3918 quae
1488 3856 1509 3901 a
1524 3854 1606 3916 pec-

368 3952 453 4007 cato
468 3942 630 4006 converti
645 3942 690 4005 ad
704 3941 896 4006 Dominum
911 3943 1096 4021 solebant),
1114 3943 1299 4023 ingressae
1320 3955 1414 4023 sunt,
1437 3954 1498 4009 aut
1514 3942 1608 4024 apud

374 4051 543 4113 honestas
568 4058 750 4113 matronas
776 4049 984 4113 collocatae.
1012 4050 1163 4133 Juvenis
1186 4051 1307 4128 etiam,
1334 4051 1394 4130 qui
1419 4050 1608 4132 quamdam

374 4157 550 4236 virginem
565 4156 768 4233 vitiaverat,
785 4156 947 4219 eamdem
969 4157 1004 4219 in
1031 4172 1179 4221 uxorem
1195 4157 1307 4220 duxit.
1327 4158 1409 4221 Alia
1428 4159 1535 4221 etiam
1553 4174 1608 4220 sa-

373 4263 520 4344 crilegia
535 4274 570 4326 et
586 4263 802 4342 gravissima
818 4272 980 4343 peccata,
997 4264 1140 4344 auditis,
1156 4265 1314 4345 inquam,
1327 4265 1571 4342 concionibus,
1586 4280 1608 4325 a

373 4370 584 4450 quibusdam
599 4370 780 4449 utriusque
796 4386 903 4432 sexus
917 4370 1058 4434 deserta
1073 4381 1166 4451 sunt;
1189 4371 1317 4435 mulier
1328 4370 1503 4451 quaedam
1517 4371 1610 4433 inter

415 4646 424 4679 ¹
452 4646 531 4690 Lr’lle.
542 4645 608 4689 Vide
619 4646 740 4690 Litterae
750 4646 981 4699 Quaartmertres,
992 4657 1010 4692 t.
1023 4659 1061 4702 nt,
1072 4660 1131 4703 pag.
1141 4650 1190 4693 5⁸9.

415 4718 426 4749 ¹
453 4716 484 4761 Ν.
495 4718 543 4761 sat.
