3717 5400
783 475 847 534 Art.
868 475 939 533 1555
1456 476 1511 535 453

344 616 431 681 1221.
475 617 597 698 Itaque
624 619 692 684 hoc
719 621 949 685 seminarium
983 620 1232 700 Complutense
1267 620 1509 700 compluribus

271 726 450 804 collegiis,
466 743 568 807 quae,
584 729 642 790 vel
658 728 824 792 inchoata
839 739 953 808 erant,
971 730 1028 791 vel
1042 728 1142 819 brevi
1155 728 1367 805 inchoanda,
1385 744 1509 807 opera·

272 832 350 896 rios
365 832 432 896 hoc
447 851 541 897 anno
556 852 627 898 non
642 853 786 916 paucos,
803 853 869 900 nec
884 836 1004 916 exigui
1018 836 1152 915 talenti,
1166 836 1407 916 praeparavit.
1422 834 1508 899 Sex·

274 938 395 1003 decim
408 949 539 1021 autem,
552 952 628 1005 tum
639 960 684 1006 ex
696 943 761 1022 bis,
776 952 850 1006 tum
861 961 907 1006 ex
918 942 1009 1021 aliiS,
1023 943 1082 1024 qui
1094 941 1210 1006 adhuc
1222 942 1400 1023 Compluti
1411 952 1508 1024 tyro·

271 1045 411 1109 cinium
422 1048 587 1128 agebant,
601 1046 787 1114 Simancas
798 1050 1055 1130 apudDomum
1065 1048 1289 1114 Probationis
1301 1050 1401 1113 missi
1414 1058 1507 1126 sunt,

273 1170 326 1216 -ex
343 1154 469 1234 quibus
484 1166 622 1220 tantum
636 1167 800 1238 quatuor,
816 1158 958 1236 magnis
973 1157 1010 1221 in
1025 1157 1130 1221 rebus
1145 1156 1385 1237 spiritualibus
1403 1155 1510 1219 sactis

281 1263 544 1342 progressibus,
566 1264 611 1328 ad
630 1262 879 1345 Complutense
904 1264 1101 1344 Collegium
1122 1263 1313 1327 redierunt.
1335 1263 1407 1327 Alii
1429 1280 1507 1343 par·

272 1367 344 1430 ‘tim
358 1368 489 1432 ibidem
513 1370 752 1434 edocebantur
776 1371 909 1436 Christi
935 1371 1112 1449 militiam,
1138 1372 1268 1451 partim
1293 1370 1506 1448 Cordubam,

280 1472 429 1554 Burgos,
445 1475 663 1540 Placentiam
677 1478 777 1541 missi
791 1488 884 1542 sunt.
901 1476 1048 1541 Praeter
1068 1479 1144 1555 hos,
1168 1479 1416 1557 Complutense
1431 1476 1508 1541 Col·

269 1580 409 1660 legium
435 1582 523 1645 duos
545 1582 739 1662 Concham,
767 1601 875 1648 unum
894 1584 1114 1663 Valentiam,
1140 1592 1212 1647 tres
1236 1583 1451 1647 Plasentiam
1473 1592 1508 1647 et

271 1688 367 1751 duos
380 1688 640 1753 Conimbricam
660 1691 667 1722 ¹
684 1692 791 1755 misit.

341 1795 429 1859 1222.
472 1794 509 1859 Ρ.
532 1796 741 1861 Emmanuel
761 1797 879 1879 Lopez
900 1798 945 1860 ad
965 1798 1140 1877 quaedam
1154 1800 1233 1862 loca
1248 1797 1435 1879 Compluto
1456 1798 1508 1861 vi·

270 1901 359 1965 cina
374 1912 521 1982 rogatus
536 1904 686 1967 accessit
701 1916 735 1969 et
750 1922 831 1968 cum
842 1905 974 1985 aliquot
986 1904 1061 1968 dies
1073 1905 1201 1969 ibidem
1214 1906 1404 1985 exegisset,
1423 1907 1507 1969 mul·

273 2018 395 2073 ‘torum
411 2010 653 2075 confessiones
666 2010 794 2075 ibidem
806 2012 954 2091 audivit;
966 2028 1073 2091 paces
1084 2012 1222 2092 aliquas
1235 2012 1325 2075 inter
1337 2011 1507 2076 dissiden-

270 2126 331 2177 'tes
347 2117 566 2196 conciliavit;
587 2120 719 2181 abusus
738 2119 926 2182 nonnullos
946 2120 1105 2198 publicos
1120 2120 1271 2197 sustulit,
1289 2128 1323 2181 et
1338 2120 1507 2199 populum

270 2220 323 2283 ad
336 2222 570 2302 frequentiam
585 2235 891 2289 sacramentorum
907 2226 1073 2288 inducere
1088 2225 1233 2304 studuit;
1250 2233 1285 2288 et
1300 2225 1368 2288 alia
1382 2224 1427 2289 ad
1439 2223 1506 2288 Dei

271 2329 429 2407 -gloriam
445 2331 576 2394 utiliter
601 2342 655 2395 est
680 2343 887 2411 exequutus
910 2350 953 2395 ac
970 2335 1119 2412 populos
1143 2332 1223 2395 illos
1245 2348 1332 2411 erga
1352 2330 1505 2395 Societa-

275 2445 348 2499 tem
362 2435 467 2500 valde
486 2456 683 2519 propensos
703 2449 833 2503 etcum
853 2440 911 2501 siti
927 2437 1053 2518 majori
1073 2440 1273 2502 animarum
1293 2456 1438 2502 suarum
1455 2456 1506 2502 rc-

277 2543 390 2623 liquit.
919 2527 922 2536 ¹

339 2650 426 2714 1223.
469 2651 547 2717 Hac
563 2662 698 2717 aestate
714 2665 854 2717 nostros
869 2654 1140 2734 complutenseS,
1166 2668 1297 2732 magna
1312 2653 1348 2717 vi
1368 2653 1505 2718 morbo·

276 2777 355 2822 rum
370 2759 540 2836 immissa,
556 2760 729 2824 Dominus
744 2762 915 2840 exercuit,
932 2770 970 2824 ut
985 2778 1075 2840 pene
1090 2777 1212 2824 omncs
1227 2761 1386 2824 actiones
1398 2770 1432 2824 et
1448 2777 1506 2823 co·

274 2880 380 2930 natus
395 2866 440 2929 ad
455 2869 716 2946 aegrotantium
732 2869 952 2932 curationem
972 2878 1182 2930 convertere
1205 2884 1327 2930 omnes
1343 2877 1506 2948 oportue·

271 2974 335 3054 ·rit;
350 2992 434 3037 nam
449 2976 670 3039 multitudine
689 2975 977 3053 febricitantium,
999 2984 1033 3038 et
1053 2976 1132 3038 aliis
1151 2976 1355 3038 morborum
1369 2976 1505 3055 generi·

273 3081 341 3145 bus
354 3082 572 3162 affectorum,
589 3101 679 3163 pene
694 3084 943 3147 obruebantur.
959 3082 1148 3164 Plusquam
1159 3083 1409 3162 quadraginta,
1424 3084 1506 3147 licet

271 3205 350 3251 non
361 3190 465 3252 simul
480 3207 613 3267 omnes,
640 3193 728 3255 satis
752 3191 912 3270 graviter
935 3201 1180 3270 aegrotarunt,
1207 3199 1305 3254 utne
1325 3207 1415 3253 unus
1431 3190 1504 3270 qui·

271 3295 358 3359 dem
371 3298 528 3377 reliquus
540 3297 730 3377 videretur,
744 3298 803 3378 qui
814 3297 1009 3361 domestica
1020 3297 1216 3361 ministeria
1228 3314 1355 3360 curare
1371 3306 1505 3376 posset.

316 3497 350 3544 El
359 3499 388 3544 P.
400 3499 462 3544 Luls
472 3500 572 3556 Munoz,
583 3503 694 3556 coleglal
708 3501 822 3554 Artista,
836 3503 943 3546 natural
953 3502 983 3545 de
999 3503 1141 3556 Belmonte,
1153 3503 1241 3546 alendo
1252 3503 1283 3546 de
1300 3501 1416 3546 veintiuu
1433 3503 1504 3554 aios,

272 3577 352 3617 antro
362 3572 463 3617 Pascua
474 3573 505 3616 de
515 3573 634 3628 Espltitu
644 3573 733 3627 Sento,
745 3585 793 3628 que
804 3585 850 3617 era
860 3577 877 3617 a
886 3573 900 3616 2
911 3574 943 3617 de
953 3573 1036 3627 Junio.

316 3643 348 3688 El
359 3644 387 3688 P.
397 3645 497 3689 Alonso
507 3645 538 3688 de
548 3647 574 3688 la
584 3645 738 3699 Membrilla,
748 3646 780 3689 de
790 3647 912 3690 tierrade
921 3645 1064 3698 Cblncbon,
1072 3647 1114 3690 del
1123 3646 1301 3700 Arzobispado
1313 3647 1343 3689 de
1353 3645 1456 3699 Toledo,
1465 3655 1507 3688 en·

268 3720 317 3760 “tro
327 3715 380 3760 123
389 3717 419 3760 de
430 3716 505 3768 junio
506 3747 563 3764 ......

316 3787 352 3831 Et
362 3800 419 3842 cap.
428 3789 459 3832 a:

316 3860 363 3905 “El
373 3860 401 3904 P.
412 3860 479 3914 Juan
488 3861 643 3916 Rodrlguez.
655 3861 754 3917 quesne
765 3871 815 3905 uno
825 3861 856 3904 de
866 3861 905 3904 los
915 3871 964 3914 que
976 3865 1031 3904 este
1046 3859 1137 3904 mlsmo
1147 3861 1197 3904 ailo
1212 3867 1336 3904 entraron
1347 3873 1379 3904 en
1391 3861 1417 3904 la
1431 3859 1505 3906 Com·

269 3932 362 3984 pallia,
371 3933 446 3975 nacto
456 3943 489 3975 en
499 3931 613 3976 cerreta
625 3931 657 3974 de
667 3930 788 3985 nauiter,
798 3929 840 3973 del
851 3928 981 3984 obispado
991 3930 1022 3972 de
1034 3928 1189 3982 calaborra,
1199 3929 1230 3972 de
1242 3930 1336 3983 padrea
1351 3930 1504 3974 labradores

268 4004 306 4045 de
317 4004 436 4048 mediana
446 4004 587 4055 condiclon,
600 4005 624 4047 cl
634 4005 684 4047 ano
694 4002 725 4046 de
736 4001 801 4056 xpo.
810 4001 841 4045 de
853 4001 963 4054 1515.....,

313 4073 481 4191 &legg-Sp·
492 4146 616 4191 Baltasar
626 4147 740 4190 Alvarez
750 4155 783 4188 en
792 4145 819 4188 la
828 4145 893 4189 villa
902 4145 934 4189 de
946 4144 1070 4198 Cerveru,
1081 4144 1123 4187 del
1134 4141 1264 4198 Oblspado
1274 4144 1305 4186 de
1317 4142 1470 4199 Celaborra,
1479 4147 1504 4190 el

266 4221 322 4262 ano
333 4217 363 4261 de
375 4218 435 4273 153&
438 4248 479 4265 .....
489 4220 559 4274 pidlo
569 4230 612 4264 ser
622 4216 747 4262 admltldo
758 4227 790 4260 en
800 4217 827 4261 la
838 4215 1005 4272 compantay
1014 4216 1056 4260 lue
1064 4227 1096 4259 en
1106 4217 1158 4259 ella
1168 4215 1284 4259 reclbldo
1295 4215 1376 4260 11013
1386 4216 1417 4260 de
1425 4216 1502 4274 ltayo

265 4291 314 4333 dci
324 4293 375 4335 ailo
385 4291 416 4335 de
429 4291 482 4336 toto
483 4322 523 4336 .....
525 4323 537 4346 „

312 4361 480 4478 ἓέΙεΙξὮτο
491 4431 606 4479 Esteban
616 4435 697 4479 Perea
709 4433 784 4478 naclo
794 4445 827 4477 cn
836 4435 863 4478 la
876 4433 984 4477 rilinde
999 4431 1133 4482 Montalto,
1149 4431 1191 4474 del
1202 4430 1332 4486 obtspado
1343 4433 1374 4476 de
1386 4431 1498 4488 Cuenca,

264 4503 302 4546 dc
313 4503 410 4549 Padres
418 4506 572 4550 labradores
581 4507 711 4551 bonrados
721 4507 746 4550 el
756 4508 805 4550 allo
816 4505 857 4550 del
869 4504 907 4549 Ss
920 4505 952 4548 dc
965 4503 1032 4558 153⁹,
1044 4515 1095 4560 ...y
1105 4503 1148 4547 sue
1159 4503 1272 4547 reclbldo
1281 4504 1345 4548 enla
1356 4503 1500 4559 Comoedia

268 4578 288 4618 rt
301 4576 339 4620 los
349 4577 375 4620 1⁵
383 4577 415 4621 de
424 4577 501 4631 Juulo
511 4578 541 4622 de
555 4579 615 4631 1556,
625 4579 714 4623 alendo
724 4580 756 4622 de
766 4579 822 4622 diez
832 4591 849 4636 y
859 4579 911 4622 sels
921 4581 985 4621 anos
990 4605 1030 4621 .....
1033 4608 1044 4628 ,

313 4656 322 4682 ³
351 4648 423 4694 Unus
433 4661 529 4704 eorum,
545 4651 588 4705 qui
605 4650 794 4695 Conimbrlcam
804 4651 853 4695 boc
869 4660 936 4694 anno
951 4650 1104 4702 missisunt,
1119 4647 1168 4692 init
1184 4647 1287 4702 Gaspar
1297 4649 1332 4703 jde
1351 4648 1500 4694 Sotomozo.

270 4717 383 4777 Cremo,
394 4723 410 4767 1
420 4733 451 4778 ο.,
462 4723 507 4767 lib.
515 4735 541 4777 v,
552 4735 609 4778 cap.
619 4723 640 4766 2.
