3717 5400
387 503 443 566 622
849 507 978 565 Cunna.
1000 504 1077 566 Soc.
1098 505 1169 580 Jns.

388 651 514 716 favore
529 651 674 716 Consilii
689 649 849 734 deputati
865 651 910 714 ad
931 667 988 714 res
1002 649 1121 714 Indiae
1139 651 1146 681 ¹
1168 659 1203 714 et
1216 651 1327 732 ipsius
1342 649 1517 734 Principis
1531 673 1625 737 opus

389 775 478 824 esse.

449 865 537 930 1703.
582 863 683 946 Quod
707 865 751 929 nd
771 865 959 930 Brasiliam
986 865 1121 942 attinet,
1149 865 1265 929 minus
1290 867 1457 947 sperabat
1476 868 1622 936 fructus

386 973 592 1054 spiritualis,
608 973 799 1054 praecipue
813 972 843 1036 si
859 974 894 1036 in
911 971 990 1052 jure
1009 973 1162 1054 positivo
1185 973 1282 1037 circa
1301 975 1436 1054 gradus
1460 977 1616 1056 prohibi-

387 1085 466 1145 tos²
485 1081 522 1144 in
541 1079 776 1144 matrimoniis
797 1079 1003 1160 dispensare
1024 1097 1095 1143 non
1115 1089 1245 1160 posset.
1266 1079 1311 1143 Et
1329 1081 1443 1145 donec
1463 1081 1619 1150 Brasilia

386 1188 438 1251 sic
453 1205 472 1250 a
490 1187 670 1251 Lusitanis
685 1186 909 1251 habitaretur
923 1185 1042 1249 multis
1057 1204 1100 1249 ac
1114 1187 1228 1263 bonis,
1244 1205 1265 1250 a
1280 1188 1408 1267 quibus
1425 1189 1614 1256 Brasilien·

385 1311 442 1358 ses
467 1297 502 1358 in
524 1293 639 1358 officio
660 1295 908 1358 contineantur
930 1303 977 1371 et,
999 1294 1030 1356 si
1052 1311 1141 1374 opus
1165 1305 1270 1370 esset,
1297 1306 1512 1374 cogerentur
1532 1317 1616 1364 cum

382 1401 518 1483 iustitia
534 1411 568 1466 et
583 1401 777 1465 secundum
793 1401 967 1464 rationem
983 1400 1119 1479 vivere,
1133 1417 1207 1463 non
1227 1416 1331 1479 posse
1354 1419 1522 1482 magnum
1542 1405 1614 1470 fru-

385 1520 480 1572 ctum
495 1525 652 1589 sperare,
669 1508 833 1590 quamvis
849 1507 958 1587 aliqui
972 1525 1018 1570 ex
1034 1505 1113 1570 filiis
1129 1507 1292 1571 indorum
1311 1507 1455 1574 Christo
1477 1511 1617 1593 acquiri

384 1627 549 1697 possent,
577 1617 612 1678 in
639 1615 764 1696 quibus
791 1613 906 1678 adhuc
932 1615 1048 1709 timeri
1074 1625 1195 1693 posset
1219 1631 1285 1693 ne,
1313 1633 1393 1679 cum
1419 1618 1618 1685 adultiores

384 1733 500 1787 aetate
514 1723 649 1801 fierent,
667 1723 711 1786 ad
728 1739 845 1786 mores
860 1730 1027 1802 paternos
1042 1720 1213 1801 redirent;
1239 1731 1274 1785 et
1287 1722 1367 1786 ideo
1390 1735 1528 1789 mutare
1549 1743 1619 1791 eos

383 1833 468 1895 utile
480 1830 677 1912 judicabat:
695 1831 757 1894 sed
772 1847 843 1892 non
864 1828 898 1892 id
918 1829 1143 1909 permittebat
1163 1830 1223 1908 qui
1242 1830 1489 1908 gubernationi
1511 1849 1614 1913 prae-

381 1949 470 2017 erat,
488 1941 616 2002 timens
633 1937 864 2000 offensionem
877 1945 1075 2028 parentum}
1091 1935 1215 2008 immo,
1235 1936 1318 2000 licet
1338 1951 1505 2018 parentes
1528 1957 1639 2005 conv

381 2063 524 2109 sensum
545 2045 771 2126 praeberent,
795 2043 856 2125 qui
882 2051 1047 2123 praeerat
1069 2041 1212 2106 ducatui
1232 2040 1292 2107 stt
1311 2043 1503 2124 vincentii,
1527 2064 1610 2127 qua·

382 2163 464 2217 tuor
480 2162 540 2216 aut
560 2154 730 2234 quinque,
747 2151 806 2230 qui
827 2151 872 2214 ad
892 2147 1090 2230 Collegium
1111 2148 1402 2215 Conimbricense
1425 2153 1616 2218 mitteban-

276 2287 278 2292 ·
382 2271 451 2339 tur,
467 2261 518 2324 ire
534 2277 605 2323 non
620 2259 791 2340 permisit.

444 2368 532 2432 1704.
575 2367 752 2432 Admonet
781 2365 887 2428 etiam
912 2365 1011 2426 velut
1035 2361 1155 2427 faeces
1178 2363 1279 2442 regni
1308 2363 1549 2444 Portugalliae
1572 2367 1612 2432 in

378 2475 567 2542 Brasiliam
583 2473 678 2537 adid
694 2489 804 2553 usque
818 2481 959 2550 tempus
979 2469 1107 2533 missos
1120 2469 1248 2548 fuisse,
1270 2482 1308 2536 ut
1323 2475 1446 2535 exules
1465 2483 1610 2554 propter

381 2584 509 2649 delicta
524 2592 558 2646 et
573 2581 648 2660 ejus
669 2590 775 2644 notae
799 2578 976 2656 homines;
998 2586 1033 2639 et
1054 2593 1135 2639 cum
1155 2577 1199 2640 ab
1220 2577 1271 2640 eis
1293 2578 1369 2642 Indi
1387 2596 1454 2642 nec
1475 2579 1610 2645 viribus

379 2691 513 2770 domiti,
530 2707 595 2753 nec
610 2688 772 2767 exemplo
787 2685 939 2763 invitati,
963 2694 1023 2747 aut
1045 2682 1176 2748 virtute
1197 2681 1308 2764 adjuti
1330 2695 1458 2766 essent,
1482 2687 1611 2753 mirum

379 2818 451 2863 non
480 2810 532 2861 est
558 2798 587 2860 si
610 2815 654 2859 ex
675 2794 947 2859 Brasiliensibus
971 2794 1065 2855 illius
1088 2792 1288 2857 maritimae
1312 2794 1470 2880 regionis
1491 2795 1613 2859 minus

378 2910 515 2975 fructus
529 2905 663 2986 percipi
678 2910 809 2985 posset.
827 2900 915 2965 Cum
930 2900 987 2963 his
1005 2911 1142 2976 autem,
1158 2902 1218 2979 qui
1240 2901 1449 2965 remotiores
1470 2901 1604 2965 habita·

377 3015 464 3078 bant
478 3014 522 3076 ab
538 3013 600 3086 εἰς,
616 3009 731 3090 major
751 3008 888 3089 sperari
908 3016 1064 3089 poterat;
1085 3008 1262 3069 maximus
1282 3017 1401 3071 autem
1421 3026 1502 3072 cum
1524 3008 1611 3089 illis,

378 3122 437 3205 qui
449 3120 522 3201 jam
538 3120 679 3183 edomiti
693 3126 794 3180 erant
815 3124 849 3179 et
868 3112 1129 3196 quodammodo
1150 3112 1342 3177 familiares
1362 3114 1494 3190 effecti,
1517 3133 1613 3196 quos

381 3229 550 3292 Charisos
566 3237 709 3289 vocant:
726 3223 890 3313 quamvis
906 3223 1000 3285 enim
1014 3240 1060 3285 ex
1073 3222 1142 3299 his,
1159 3222 1219 3303 qui
1238 3240 1280 3284 eo
1299 3223 1441 3285 nomine
1461 3238 1606 3286 censen·

377 3346 445 3403 tur.
469 3335 577 3417 aliqui
592 3334 708 3397 adbuc
723 3332 787 3395 feri
804 3340 922 3393 essent
937 3340 971 3392 et
986 3329 1148 3393 indomiti
1163 3329 1298 3409 (quales
1317 3330 1367 3392 illi
1382 3328 1522 3393 fuerant
1547 3331 1609 3410 qui

376 3444 519 3507 Petrum
535 3441 704 3506 Corream
720 3449 754 3501 et
770 3437 912 3501 Petrum
924 3435 937 3467 ³
951 3437 994 3499 de
1014 3434 1104 3500 Sosa
1125 3436 1366 3514 occiderant),
1388 3436 1425 3498 hi
1443 3437 1607 3500 remotis·

377 3551 457 3615 simi
472 3559 572 3613 erant
588 3550 632 3611 ab
649 3548 879 3626 hispanorum
894 3544 1040 3607 civitate
1056 3540 1226 3623 Paragai,
1243 3551 1278 3606 et
1294 3543 1338 3605 ab
1361 3560 1485 3606 eorum
1505 3542 1606 3607 lami·

375 3657 540 3735 liaritate;
557 3666 592 3718 et
606 3662 751 3735 propter
766 3653 895 3715 ostium
910 3660 1071 3731 apertum
1087 3650 1132 3713 ad
1148 3648 1349 3730 hujusmodi
1369 3660 1510 3728 gentes,
1533 3650 1604 3713 exi·

376 3764 542 3828 stimabat
571 3760 608 3825 P.
639 3760 804 3839 Nobrega
830 3758 1027 3837 Collegium
1055 3756 1115 3820 S.¹¹
1144 3756 1325 3821 Vincentii
1351 3758 1501 3820 caeteris
1528 3753 1612 3835 ejus

376 3872 532 3951 regionis
546 3886 623 3933 esse
646 3866 935 3948 praeferendum,
957 3864 1121 3944 quamvis
1142 3864 1274 3944 alioqui
1296 3863 1425 3927 civitas
1443 3860 1606 3927 Salvato-

375 3981 436 4059 ris,
453 3996 543 4059 quae
560 3978 596 4040 in
610 3975 709 4056 Baya
732 3973 897 4037 Omnium
912 3971 1124 4036 Sanctorum
1139 3971 1208 4035 sita
1227 3979 1297 4046 est,
1314 3971 1448 4051 primas
1469 3970 1505 4033 in
1527 3979 1610 4034 tota

371 4084 564 4151 'Provincia
590 4082 761 4147 Brasiliae
787 4080 945 4159 tenebat,
973 4088 1007 4142 et
1031 4080 1067 4142 in
1092 4096 1135 4142 ea
1160 4078 1392 4158 praecipuum
1415 4076 1610 4157 collegium

374 4193 541 4258 constitui
560 4191 686 4255 merito
706 4189 784 4253 Rex
805 4186 1044 4266 Portugalliae
1066 4185 1224 4260 volebat;
1248 4185 1312 4248 sed
1332 4185 1379 4248 ad
1398 4184 1608 4248 conversio·

1305 4280 1321 4321 0

415 4470 422 4500 ⁵
451 4468 487 4515 El
498 4468 605 4521 conseia
616 4468 648 4511 de
660 4466 755 4511 Indiae
765 4464 909 4509 dicebatur.

413 4542 425 4573 ²
452 4540 503 4594 Sic,
518 4541 614 4584 clarius
630 4546 716 4583 tamen
733 4538 755 4583 sl
771 4538 969 4593 disponerentur
984 4538 1066 4581 verba
1080 4536 1128 4580 hoc
1145 4535 1232 4581 modo:
1249 4535 1276 4578 si
1291 4535 1364 4579 circa
1383 4534 1485 4589 gradus
1498 4534 1528 4577 tn
1540 4532 1607 4587 lm

372 4614 489 4669 positivo
499 4612 655 4667 prohibitos.

413 4686 424 4717 δ
456 4684 563 4727 Petrum
575 4684 605 4726 dc
617 4680 681 4725 Sosa
693 4680 797 4734 scripsit
812 4679 944 4733 librarius,
959 4679 1004 4721 sed
1019 4678 1129 4722 errarit⁴
1141 4677 1189 4721 Est
1207 4676 1325 4730 Ioannes,
1337 4678 1410 4733 culus
1420 4683 1446 4721 et
1456 4676 1530 4722 Petri
1540 4670 1606 4721 Cor·

373 4768 418 4800 rea
427 4732 569 4811 gloriosior
577 4762 665 4797 necem
677 4762 692 4795 a
704 4752 823 4795 barbaris
833 4752 936 4796 illatam
944 4750 1004 4795 vide
1012 4762 1100 4803 supra.
1109 4758 1127 4795 t.
1137 4760 1173 4801 tv,
1182 4761 1241 4805 pag.
1249 4749 1291 4794 619
1298 4757 1324 4794 et
1331 4762 1394 4805 seq„
1402 4760 1444 4794 nn.
1452 4748 1504 4794 1315
1511 4755 1603 4804 etseq,
