3717 5400
812 473 876 531 ΑΝ.
899 473 971 533 1555
1448 476 1509 536 355

275 619 412 699 Cellae;
428 629 559 682 etcum
573 618 704 699 ubique
723 619 760 682 in
782 617 972 683 Provincia
993 619 1186 684 honorifice
1205 629 1241 683 et
1265 630 1425 685 amanter
1446 640 1510 685 ex«

277 727 370 808 cepti
386 735 515 805 essent,
531 727 734 806 Brugnolae
748 737 866 791 tamen
881 745 924 790 ne
937 729 1112 808 hospitem
1123 727 1275 808 quidem,
1290 730 1383 809 apud
1394 747 1499 810 quem

274 833 504 910 diverterent,
523 834 746 911 invenerunt,
759 851 824 898 nec
840 833 914 897 fere
929 835 986 898 cui
1000 836 1098 916 loqui
1108 844 1265 916 possent;
1278 837 1394 900 nullus
1405 839 1499 902 enim

278 941 416 1020 publice
431 941 584 1005 audebat
598 941 759 1004 favorem
773 943 883 1005 ullum
898 943 1030 1005 nostris
1044 942 1241 1021 ostendere,
1259 960 1340 1007 cum
1357 953 1508 1025 propter

278 1049 471 1128 potentiam
487 1048 692 1112 monialium
707 1066 778 1112 non
794 1052 908 1112 solum
923 1050 1030 1112 rebus
1050 1051 1142 1127 suiS,
1165 1051 1228 1114 sed
1250 1061 1285 1114 et
1304 1052 1401 1114 vitae
1422 1070 1501 1132 pro·

277 1155 376 1232 priae
391 1157 565 1218 timerent.
583 1155 719 1220 Nomen
730 1157 823 1219 enim
834 1155 1079 1220 reformatoris
1095 1175 1138 1220 ac
1152 1159 1413 1222 reformationis
1428 1162 1507 1224 val*

277 1263 321 1325 de
335 1262 496 1326 odiosum
510 1273 563 1326 est
578 1263 647 1326 illis
662 1263 698 1326 in
713 1263 811 1326 locis
829 1261 1002 1326 Moniales
1016 1272 1136 1327 autem
1150 1264 1230 1328 illae
1245 1265 1281 1328 in
1299 1267 1423 1346 primis
1441 1286 1507 1331 no·

276 1370 365 1432 biles
384 1380 497 1447 erant,
518 1367 733 1448 (hujusmodi
755 1371 849 1434 enim
871 1373 985 1434 solum
1008 1372 1225 1435 monasteria
1249 1374 1286 1436 in
1311 1371 1501 1438 Provincia

276 1475 535 1555 ingrediuntur)
551 1487 585 1540 et
605 1493 727 1540 eorum
749 1478 1004 1557 consanguinei
1029 1488 1212 1559 optassent
1232 1479 1374 1560 quidem
1393 1480 1504 1544 refor-

277 1583 468 1648 mationem
484 1583 733 1660 universalem,
750 1601 840 1664 quae
856 1585 901 1646 ab
920 1585 1007 1664 ipsis
1026 1585 1202 1665 capitibus
1221 1585 1442 1666 Provinciae,
1466 1588 1503 1652 id

276 1699 341 1766 est,
357 1690 516 1754 Marsilia
527 1698 562 1753 et
573 1689 704 1768 Auxio,
717 1690 900 1770 inciperet;
914 1691 994 1754 illas
1005 1702 1123 1755 tamen
1135 1693 1303 1772 privatim
1316 1693 1502 1759 reformari

277 1799 455 1875 nolebant,
476 1815 519 1860 ne
542 1797 726 1862 Genevam
746 1797 920 1878 fugerent,
941 1800 1143 1878 multarum,
1160 1819 1251 1881 quae
1272 1801 1308 1864 id
1328 1801 1504 1883 fecerunt,

276 1907 478 1985 exemplum
493 1905 663 1969 imitatae.
680 1903 717 1968 Si
731 1905 837 1968 timor
851 1905 908 1969 hic
920 1924 991 1969 non
1003 1907 1256 1987 impedivisset,
1272 1908 1503 1974 libentissime

277 2023 479 2077 nostrorum
494 2013 649 2076 amicitia
665 2023 698 2076 et
713 2012 955 2077 familiaritate
970 2014 1024 2076 usi
1038 2013 1197 2078 fuissent.
1212 2014 1302 2079 Cum
1312 2017 1359 2079 ad
1372 2015 1506 2080 Ptoou·-

278 2133 433 2185 ratorem
449 2119 649 2184 Cardinalis
667 2118 749 2183 85²⁶
767 2118 892 2183 Crucis
915 2120 1108 2199 venissent,
1131 2123 1190 2185 ille
1205 2123 1328 2200 etiam,
1351 2123 1443 2187 sicut
1465 2133 1500 2188 et

278 2227 421 2306 caeteri,
439 2246 460 2291 a
474 2237 678 2290 nostrorum
692 2226 934 2290 familiaritate
948 2246 988 2290 se
1003 2228 1156 2292 alienum
1171 2229 1323 2292 ostendit
1335 2247 1342 2308 ;
1358 2230 1421 2293 sed
1435 2248 1502 2294 nee

277 2337 345 2416 ille,
363 2336 422 2416 qui
441 2334 598 2416 ejusdem
618 2334 819 2398 Cardinalis
839 2333 972 2398 reditus
992 2335 1192 2416 colligebat,
1215 2334 1311 2399 domi
1332 2354 1418 2424 suae
1440 2355 1502 2400 no·

276 2456 371 2508 stros
394 2443 580 2506 admittere
604 2443 734 2520 voluit,
762 2443 845 2524 quia
869 2443 1006 2521 seipsos
1028 2442 1186 2522 periculo
1206 2461 1385 2523 exponere
1408 2447 1503 2508 nole·

276 2551 378 2629 bant;
394 2559 429 2613 et
443 2551 555 2613 nostri
570 2551 663 2612 serio
679 2549 961 2613 admonebantur
976 2561 1013 2613 ut
1029 2550 1125 2612 vitae
1140 2566 1226 2613 suae
1245 2551 1420 2614 rationem
1438 2553 1507 2615 ha-

277 2659 411 2723 berent.

338 2765 409 2829 958.
452 2766 530 2846 Ipse
546 2767 687 2846 quidem
699 2766 735 2829 P.
753 2766 899 2830 Pontius
915 2765 1215 2847 praeseferebat,
1239 2766 1332 2846 quod
1354 2767 1400 2829 ad
1421 2767 1506 2830 visi«

278 2874 448 2936 tationem
473 2881 507 2935 et
533 2874 810 2936 consolationem
834 2874 1052 2951 monialium,
1075 2881 1110 2936 et
1128 2890 1201 2935 nou
1222 2873 1268 2935 ad
1292 2871 1501 2954 cujusquam

278 2978 538 3042 confessionem
552 2979 635 3057 (sic)
647 2979 821 3053 veniebat,
836 2980 976 3044 nomine
988 2979 1203 3058 CardinaliS,
1217 2997 1282 3042 nec
1293 2980 1339 3042 ab
1350 2998 1391 3042 eo
1403 2981 1502 3061 quid-

278 3106 385 3169 quam
400 3088 469 3150 alia
485 3087 544 3149 via
564 3103 671 3166 quam
693 3087 877 3149 charitatis
892 3085 1098 3149 tentandum
1119 3103 1215 3165 esse;
1239 3104 1288 3165 se,
1312 3085 1406 3167 quod
1423 3104 1503 3167 pos·

277 3205 342 3275 set,
359 3212 422 3277 pet
437 3195 677 3258 confessiones
692 3203 727 3256 et
741 3194 1008 3257 exhortationes
1023 3203 1083 3256 aut
1096 3193 1398 3273 praedicationem
1420 3193 1502 3256 efle-
1517 3223 1525 3236 =

213 3342 215 3347 ,
278 3313 418 3368 cturum
433 3319 522 3364 esse.
540 3300 578 3363 Si
593 3302 628 3364 id
643 3319 713 3364 non
728 3301 815 3363 satis
830 3310 934 3376 esset,
958 3298 1083 3363 eadem
1103 3317 1141 3363 se
1162 3300 1222 3362 via
1243 3300 1440 3364 rediturum
1459 3301 1496 3364 in

276 3410 428 3488 Italiam,
444 3428 513 3490 qua
528 3409 684 3471 venisset
699 3408 735 3472 in
749 3408 986 3471 Provinciam.
1003 3406 1049 3469 Et
1065 3407 1226 3487 quamvis
1239 3406 1275 3469 id
1295 3408 1388 3470 serio
1409 3408 1504 3471 affir-

278 3526 421 3594 masset,
437 3518 554 3579 nullus
569 3526 687 3579 tamen
702 3514 870 3596 postridie
885 3524 1028 3577 nostros
1043 3515 1205 3578 comitati
1215 3516 1357 3578 volebat
1368 3515 1412 3578 ad
1425 3534 1502 3579 mo-

276 3626 486 3699 nasterium;
505 3624 668 3704 quamvis
682 3622 741 3703 qui
756 3623 889 3685 reditus
908 3622 1109 3701 colligebat,
1130 3621 1273 3684 tandem
1295 3632 1436 3685 nostros
1456 3640 1498 3687 eo

277 3732 434 3809 deduxit,
451 3732 510 3812 qui
524 3741 644 3793 tamen
659 3730 880 3809 praemonuit
895 3746 976 3791 eum
991 3730 1085 3809 quod
1099 3729 1269 3792 moniales
1288 3739 1410 3809 portas
1428 3747 1499 3793 mo-

277 3839 424 3904 nasterii
440 3847 540 3902 erant
556 3840 758 3911 clausurae;
783 3836 876 3917 quod
897 3854 1044 3916 prorsus
1064 3838 1112 3899 ita
1135 3836 1270 3914 evenit;
1294 3855 1385 3916 quae
1407 3838 1504 3902 enim

277 3946 439 4011 omnibus
453 3947 531 4009 aliis
546 3954 668 4025 patere
683 3944 853 4021 solebant,
871 3943 1002 4006 nostris
1014 3945 1178 4006 occlusae
1189 3942 1346 4023 fuerunt;
1360 3963 1426 4007 nec
1441 3946 1502 4010 ad·

277 4056 416 4118 mittere
432 4054 598 4116 volebant
613 4052 803 4133 quidquam
819 4050 913 4131 quod
930 4050 1130 4114 Cardinalis
1147 4051 1289 4114 nomine
1309 4052 1396 4131 ipsis
1414 4070 1502 4115 nun·

277 4162 447 4238 ciaretur;
463 4178 528 4223 nec
545 4160 621 4241 ipsa
636 4158 811 4223 Priotissa
832 4167 975 4221 nostros
990 4159 1137 4239 alloqui,
1155 4167 1216 4222 aut
1234 4160 1345 4233 ullam
1363 4178 1409 4223 ex
1428 4179 1504 4223 mo-

276 4271 429 4335 nialibus
444 4268 478 4331 id
494 4266 624 4346 facere,
641 4266 765 4329 voluit.
1323 4247 1327 4259 ’

336 4378 406 4441 959.
450 4376 593 4439 Interim
618 4375 761 4456 quidam
782 4382 994 4454 procurator
1020 4374 1239 4452 monialium,
1266 4393 1287 4437 a
1312 4374 1350 4438 Ρ.
1377 4374 1509 4439 Pontio

279 4488 482 4564 instructus,
510 4482 714 4564 impetravit
739 4489 778 4545 ut
802 4480 979 4545 Priotissa
1003 4482 1120 4561 ipsum
1148 4480 1298 4545 audiret.
1329 4480 1505 4547 Salutavit

281 4612 368 4674 ergo
384 4595 491 4671 illam,
508 4600 543 4655 et
557 4607 704 4653 causam
717 4588 773 4653 sui
788 4589 963 4651 adventus
978 4586 1029 4650 sic
1044 4588 1221 4667 exposuit,
1238 4598 1277 4651 ut
1288 4590 1355 4652 illis
1370 4591 1509 4655 videre«

280 4712 339 4766 tur
357 4700 581 4765 satisfactum
601 4714 679 4761 esse
701 4712 772 4759 non
794 4712 929 4775 parum.
958 4693 1059 4757 Alius
1084 4694 1313 4759 nihilominus
1337 4714 1507 4777 procura-
