3717 5400
813 511 878 571 Aa.
898 509 971 571 tneo
1069 464 1076 479 ι
1450 508 1510 571 699

142 672 153 691 ·
272 656 651 721 excommunicationis
669 672 783 737 poena
802 672 846 720 ne
865 656 946 737 quis
968 654 1006 719 P.
1024 656 1174 721 Gonzali
1196 658 1329 738 snripta
1356 659 1502 737 legeret,

273 763 446 844 postridie
464 763 559 827 misit
579 763 625 827 ad
643 776 724 827 eum
744 762 821 827 Rex
840 772 877 828 ut
897 763 1102 827 facultatem
1124 763 1191 827 sibi
1208 764 1310 828 daret
1330 765 1505 843 scriptum

273 869 359 934 illud
367 870 596 951 perlegendi:
612 880 647 934 et
660 871 746 951 quia
758 874 921 934 notuerat
936 886 1016 935 eam
1030 870 1116 935 dare
1130 870 1336 935 facultatem
1349 869 1509 935 Patriarm

275 978 344 1040 cha
359 977 475 1058 (quem
490 978 637 1041 Bunam
653 979 662 1011 ¹
676 978 833 1056 vocant),
848 978 1050 1041 referebant
1065 976 1158 1058 quod
1174 977 1250 1041 Rex
1270 994 1351 1041 eum
1367 976 1507 1059 iniuriis

275 1084 456 1159 affecerat,
471 1100 684 1149 saracenum
698 1096 735 1149 et
749 1086 970 1149 haereticum
981 1102 1063 1149 eum
1084 1100 1231 1164 vocans;
1252 1085 1347 1165 quod
1369 1087 1507 1165 legeret

274 1191 351 1271 lpse
366 1192 598 1255 alchoranum
613 1190 805 1255 Mahometi
819 1203 854 1255 et
871 1190 1085 1271 impediebat
1105 1210 1148 1254 ne
1164 1193 1335 1272 scriptum
1356 1204 1430 1256 tam
1444 1209 1503 1257 ex·

276 1299 408 1362 callens
421 1311 456 1362 et
470 1308 633 1363 sanctum
648 1300 792 1378 legeret,
807 1299 904 1379 quod
920 1298 956 1361 P.
970 1296 1151 1362 Gonzalus
1165 1298 1233 1379 ipsi
1253 1314 1505 1380 proposuerat,

274 1412 310 1469 et
329 1422 375 1469 ex
395 1414 468 1469 tam
487 1405 741 1469 excellentibus
760 1405 965 1469 christianis
984 1406 1182 1484 collectum;
1204 1405 1267 1469 sed
1287 1406 1504 1487 quandoqui-

275 1513 356 1577 dem
369 1514 445 1593 ipse
461 1513 589 1577 missus
602 1512 718 1576 fuerat
729 1514 766 1576 in
782 1512 1009 1593 Aethiopiam
1019 1520 1058 1576 ut
1069 1512 1291 1590 Patriarcha,
1303 1523 1342 1577 ut
1357 1528 1503 1593 respon-

275 1620 374 1683 deret
399 1619 462 1695 eis‚
488 1636 579 1699 quae
604 1620 758 1699 simplex
782 1620 951 1683 sacerdos
977 1620 1054 1683 sine
1078 1620 1149 1683 ulla
1171 1619 1360 1699 dignitate,
1386 1620 1511 1700 qualis·

277 1735 354 1789 erat
378 1724 417 1789 P.
434 1726 626 1803 Gonzalus,
650 1726 881 1805 proponebat;
903 1737 939 1789 et
963 1734 1002 1789 ut
1029 1725 1227 1805 disputaret
1247 1742 1329 1789 cum
1353 1726 1443 1807 ipso,
1469 1736 1506 1789 et

277 1843 362 1896 tunc
376 1833 589 1912 intelligeret
603 1848 710 1913 quam
723 1832 844 1895 eximii
864 1832 1049 1896 christiani
1063 1834 1176 1897 nostri
1196 1842 1325 1897 essent.
1341 1832 1399 1897 Ad
1413 1832 1508 1897 haee

275 1939 458 2020 respondit
477 1939 686 2003 Patriarcha
705 1957 744 2002 se
765 1940 858 2003 nolle
876 1939 1070 2021 disputare,
1093 1941 1176 2020 quia
1200 1956 1273 2003 non
1286 1950 1436 2003 venerat
1458 1940 1506 2005 ad

278 2044 354 2126 ejus
367 2062 480 2125 regna
495 2046 651 2111 adalind
666 2062 772 2127 quam
786 2044 833 2109 ad
848 2046 990 2109 ordines
1009 2046 1253 2111 conferendos.

337 2150 426 2216 1938.
470 2153 601 2233 Magna
616 2165 736 2217 autem
753 2154 933 2217 contentio
948 2153 1012 2217 fuit
1029 2162 1106 2217 orta
1122 2154 1214 2217 inter
1227 2155 1422 2219 familiares
1438 2154 1503 2221 Re·

273 2259 332 2339 gis
345 2272 381 2323 et
396 2258 571 2341 Reginae;
601 2278 686 2323 nam
705 2260 781 2341 ejus
798 2261 934 2324 familia
952 2260 1131 2325 contraria
1147 2270 1223 2334 erat
1239 2262 1342 2325 valde
1357 2263 1504 2327 veritati

273 2366 483 2445 catholicae,
499 2378 533 2431 et
547 2368 584 2431 in
597 2368 778 2431 erroribus
791 2377 828 2431 et
847 2368 944 2431 vitiis
961 2368 1136 2449 pertinax.
1153 2366 1230 2431 Rex
1244 2378 1362 2431 autem
1385 2379 1419 2432 et
1433 2370 1504 2449 pri·

272 2490 391 2539 mores
404 2475 506 2553 regni
529 2474 651 2538 favere
671 2474 767 2554 parti
785 2474 982 2538 catholicae
1004 2475 1260 2555 aliquantulum
1278 2474 1505 2554 videbantur;

273 2590 308 2644 et
327 2596 409 2645 cum
428 2581 464 2644 hi
483 2580 701 2659 urgebantur
715 2580 950 2657 acontrariis,
967 2581 1192 2645 remittebant
1207 2598 1268 2645 eos
1286 2582 1332 2645 ad
1353 2582 1391 2647 P.
1409 2578 1503 2646 Gon·

273 2688 402 2766 zalum,
423 2687 483 2769 qui
498 2687 549 2750 eis
562 2686 735 2751 rationem
749 2686 952 2752 redditurus
966 2699 1001 2752 et
1016 2705 1156 2752 errores
1172 2688 1328 2770 ipsorum
1344 2701 1502 2754 ostensu·

273 2811 337 2859 rus
349 2806 439 2858 erat.

337 2899 424 2965 1939.
468 2900 619 2967 Demum
634 2901 711 2968 Rex
729 2904 888 2968 decrevit
906 2903 1102 2968 monachos
1123 2903 1296 2984 quosdam
1316 2903 1527 2983 religiosos.

274 3009 437 3090 (quorum
461 3025 591 3088 magna
616 3021 694 3073 erat
718 3011 918 3075 sanctitatis
943 3011 1169 3088 existimatio)
1195 3025 1437 3090 congregare,
1462 3021 1503 3075 ut

274 3117 371 3195 ipsos
389 3115 434 3178 de
452 3115 522 3178 hoc
542 3118 686 3196 negotio
706 3116 807 3182 Fidei
825 3119 1038 3182 consuleret.
1059 3115 1177 3181 Currit
1201 3117 1343 3180 interim
1367 3134 1431 3198 per
1450 3134 1502 3181 re·

273 3237 384 3300 gnum
404 3220 615 3303 Aethiopiae
634 3223 732 3290 fama
750 3224 793 3288 de
812 3223 1035 3288 confessione
1055 3221 1166 3301 Fidei,
1183 3239 1290 3304 quam
1306 3223 1506 3304 inscriptis

275 3326 310 3390 P..
328 3328 509 3393 Gonzalus
522 3329 611 3411 Regi
625 3330 812 3407 obtulerat,
827 3330 979 3396 etmulti
993 3329 1152 3410 religiosi
1165 3341 1200 3392 et
1215 3329 1276 3392 alii
1290 3329 1336 3392 ad
1356 3347 1437 3392 eum
1451 3331 1502 3392 vi·

273 3433 426 3498 &ndum
453 3437 661 3516 veniebant,
692 3453 909 3518 magnopere
937 3446 1119 3518 stupentes
1147 3436 1241 3516 quod
1266 3446 1338 3499 tam
1363 3435 1506 3515 juvenis

273 3549 409 3605 tantum
424 3544 608 3608 doctrinae
627 3544 785 3624 haberet,
804 3554 979 3626 qnantum
1000 3543 1067 3624 ipsi
1087 3559 1133 3606 ex
1152 3545 1211 3606 illo
1232 3544 1366 3623 scripto
1387 3546 1503 3608 couci·

273 3645 427 3726 piebant

337 3753 425 3818 1940.
459 3757 542 3821 »Alii
565 3769 685 3822 nutem
705 3761 827 3839 magni
850 3759 937 3838 viti,
961 3758 1020 3839 qui
1041 3768 1187 3838 propter
1208 3756 1371 3820 timorem
1395 3755 1507 3836 Regis

273 3861 398 3926 venite
425 3862 471 3925 ad
490 3881 571 3928 enm
589 3883 660 3928 non
680 3867 868 3940 audebant,
891 3867 1068 3928 miserunt
1092 3865 1138 3928 ad
1158 3881 1254 3942 cum,
1281 3865 1341 3945 qui
1362 3863 1507 3928 nomine

273 3969 432 4049 ipsorum
451 3969 730 4036 benedictionem
744 3971 805 4038 SA
821 3971 919 4036 Petri
939 3981 1109 4053 peterent:
1131 3983 1165 4035 et
1181 3972 1229 4035 illi
1241 3971 1312 4053 ipsi
1324 3970 1504 4046 monachi,

272 4091 363 4157 quos
376 4075 453 4140 Rex
468 4078 615 4142 miserat
629 4091 667 4142 ut
681 4080 718 4143 in
733 4080 891 4160 linguam
905 4077 1115 4144 chaldaeam
1133 4079 1305 4159 scriptum
1328 4077 1413 4142 illud
1427 4095 1504 4142 ver·

272 4192 398 4261 terent,
424 4201 494 4266 quo
507 4183 608 4249 Fidei
630 4187 807 4250 confessio
825 4196 862 4250 et
886 4201 1051 4250 errorum
1074 4185 1285 4266 Aethiopiae
1306 4185 1506 4250 confutatio

270 4291 530 4370 conuaebatur‚
552 4307 636 4356 cum
649 4293 740 4356 inter
756 4295 847 4358 alios
860 4293 959 4358 docti
972 4304 1104 4372 essent,
1128 4293 1266 4374 publice
1285 4293 1451 4358 dicebant
1465 4307 1505 4356 se

271 4411 464 4478 numquam
479 4399 613 4464 vidisse
630 4415 699 4463 nec
718 4399 849 4480 legisse
867 4413 943 4467 tam
960 4400 1064 4465 dulce
1078 4410 1203 4464 ettam
1218 4401 1395 4464 excellens
1417 4400 1505 4464 scri·

268 4512 382 4584 ptum,
399 4521 505 4585 quam
519 4505 605 4570 illud
620 4517 709 4586 erat,
725 4506 819 4588 quod
833 4505 925 4588 Regi
942 4506 982 4574 P.
1000 4505 1181 4572 Gonzalus
1196 4507 1388 4587 obtulerat;
1404 4508 1507 4572 etita

311 4744 321 4778 ¹
348 4745 473 4790 Adranam
483 4757 539 4791 eum
550 4755 628 4792 vocat
637 4745 823 4795 Gundlsalvus.
