3717 5400
392 460 447 521 610
494 437 497 442 ¹
849 463 977 526 Chaon.
997 461 1076 526 Soc.
1096 466 1192 539 Jus-

393 607 498 672 domo
514 607 755 689 professorum
770 607 830 674 gu
849 609 975 689 Rothi,
991 619 1064 675 tam
1076 611 1288 677 Patriarcha
1304 631 1412 695 quam
1423 615 1632 698 Episcopus

393 714 560 780 Andreas
574 715 856 782 confessionibus
871 719 1026 799 assidue,
1043 731 1077 784 et
1092 719 1129 784 P.
1146 720 1313 786 Andreas
1322 723 1429 786 etiam
1440 722 1625 804 praediea*
1682 775 1686 782 .

391 823 491 902 tioni,
505 824 694 888 vacabant.
708 824 762 890 De
774 827 1030 906 superpelliceo
1046 838 1164 891 autem
1180 832 1239 892 vel
1250 829 1394 894 rocheto
1405 829 1630 898 ferendodtt*

393 930 544 996 bitatum
559 942 611 994 est
627 950 673 995 an
689 933 772 996 novi
788 931 943 997 Praelati
959 934 1005 997 ad
1016 934 1101 997 illud
1112 934 1297 1000 ferendum
1308 947 1524 1016 tenerentur,
1537 938 1619 1018 quia

390 1039 558 1102 monachi
573 1057 643 1104 non
659 1049 771 1117 erant,
788 1050 823 1104 et
838 1049 958 1105 tamen
972 1041 1130 1122 religiosi
1148 1051 1261 1121 eraut;
1282 1054 1317 1106 et
1336 1043 1479 1108 tandem
1498 1044 1617 1110 Cardi-

390 1147 463 1210 nali
478 1165 520 1210 ac
536 1147 667 1210 nostris
684 1149 800 1212 visum
814 1160 868 1211 est
883 1147 978 1229 quod
992 1157 1209 1227 tenetentum
1224 1160 1260 1214 et
1274 1151 1357 1231 quia
1369 1149 1443 1231 jam
1457 1163 1627 1217 mortuus·

390 1263 468 1316 erat
483 1252 648 1318 Pontifex
661 1255 787 1337 Julius,
804 1271 885 1320 cum
897 1255 1096 1320 obedientia
1108 1257 1302 1336 dignitates
1313 1257 1392 1322 illas
1403 1259 1617 1339 suscipiendi

392 1361 438 1424 ad
453 1361 543 1424 duos
558 1363 636 1426 illos
650 1363 813 1442 pervenit
830 1361 849 1442 ¹,
871 1363 1081 1428 dubitabant
1103 1381 1149 1427 an
1169 1338 1381 1445 expirasset;
1403 1365 1467 1430 sed
1485 1365 1626 1445 judicio

388 1465 665 1534 Prouincialium
694 1487 736 1532 ac
766 1471 917 1534 aliorum
946 1470 1188 1551 professorum
1214 1473 1480 1552 acquieverunt.
1507 1474 1551 1538 Et
1577 1483 1627 1538 ut.

389 1576 539 1654 gratiae,
569 1594 659 1656 quae
685 1575 853 1640 Societati
873 1577 1127 1652 conceduntur,
1152 1579 1239 1658 ipsis
1259 1581 1514 1645 communicari
1539 1597 1615 1660 pos·

388 1693 478 1760 sent,
496 1683 577 1746 licet
592 1683 790 1764 EpiscopiS,
806 1701 827 1748 a
843 1682 934 1748 Sede
949 1683 1159 1765 Apostolica
1173 1701 1237 1765 per
1252 1685 1290 1750 P.
1306 1685 1483 1764 ignatium
1498 1697 1622 1766 postu·-

386 1789 515 1855 larunt.
1069 1842 1073 1849 .

435 1897 536 1962 ι1677.
580 1897 712 1964 Saltem
728 1899 812 1962 viva
828 1915 918 1964 voce
933 1898 1090 1964 Litteras
1102 1901 1210 1965 etiam
1221 1900 1453 1981 Apostolicas
1463 1901 1622 1981 peculia*

330 2083 340 2102 .
385 2021 442 2068 res
457 2005 625 2086 petebant
640 2015 678 2070 ut
693 2017 817 2070 contra
829 2005 1081 2110 xPatriarcham
1095 2007 1359 2074 schismaticum
1376 2018 1521 2088 possent
1535 2025 1621 2088 pro·-

385 2112 527 2192 cedere,
549 2113 578 2176 si
603 2114 745 2178 obedire
767 2123 985 2195 recusassem
1008 2113 1294 2196 quandoquidem
1317 2125 1391 2179 tam
1415 2115 1483 2196 ipsi
1507 2127 1616 2196 quatu

382 2220 506 2300 graeci
521 2220 557 2284 in
572 2219 730 2284 Concilio
745 2220 962 2298 Florentino,
979 2222 1044 2286 sub
1058 2221 1220 2301 Eugenio
1235 2219 1297 2298 IV,
1311 2221 1532 2286 obedientiae
1545 2221 1619 2286 Ro·

383 2330 479 2394 mani
505 2326 684 2392 Pontifieis
710 2344 747 2392 se
773 2326 1017 2407 subjecissent,
1034 2339 1069 2392 et
1084 2330 1224 2407 librum,
1247 2346 1318 2409 quo
1339 2329 1623 2394 declarabantur·

382 2453 473 2517 quae
489 2436 534 2499 ad
553 2445 777 2499 sacramenta
797 2434 1021 2516 pertinebant
1043 2447 1079 2500 et
1098 2437 1222 2500 eodem
1248 2436 1408 2502 Concilio
1430 2437 1621 2502 declarata

383 2554 477 2622 sunt,
493 2543 530 2608 in
544 2544 758 2606 bibliotheca
772 2542 881 2622 Regis
903 2541 1117 2624 Aethiopiae
1139 2544 1279 2608 servari
1298 2544 1496 2622 constabat;
1511 2554 1546 2608 et
1560 2544 1612 2608 ita

380 2651 427 2715 ad
449 2649 753 2715 confirmationem
776 2650 964 2731 petendam
988 2667 1009 2713 a
1031 2649 1176 2715 Summo
1199 2650 1371 2715 Pontifice
1390 2651 1531 2715 mittere
1551 2651 1620 2717 ille·

380 2758 590 2823 Patriarcha
607 2759 775 2823 debuerat
789 2757 811 2820 ¹.
828 2758 1050 2823 Facultatem
1066 2759 1174 2823 etiam
1187 2759 1382 2839 postulavit
1402 2757 1609 2823 admittendi

381 2866 579 2946 Aethiopes
594 2878 628 2928 et
643 2864 800 2945 cujusvis
814 2866 958 2943 generis
978 2864 1141 2929 homines
1164 2868 1210 2929 ad
1232 2875 1354 2929 nostra
1372 2864 1486 2929 officia
1505 2876 1544 2929 ut
1556 2867 1616 2929 eis.

380 2972 614 3050 afficerentur,
631 2984 665 3037 et
680 2984 718 3037 ut
732 2972 846 3037 nostri
860 2973 968 3037 etiam
984 2990 1108 3036 eorum
1124 2972 1248 3036 officiis
1263 2986 1407 3051 possent
1422 2972 1606 3051 interesse,

377 3081 459 3145 licet
488 3090 605 3145 essent
634 3079 814 3144 haeretici.
845 3078 1034 3159 Suggessit
1058 3080 1165 3143 etiam
1192 3089 1228 3144 ut
1254 3078 1420 3143 Summus
1446 3078 1609 3144 Pontifex

377 3188 508 3253 Paulus
519 3188 570 3253 IV
581 3187 735 3251 Litteras
750 3188 920 3250 scriberet
936 3186 1026 3265 Regi
1042 3187 1265 3267 Aethiopiae,
1279 3187 1406 3267 quibus
1420 3187 1608 3250 confirma·

260 3360 271 3385 ⁸
380 3305 433 3361 ret
449 3314 539 3377 quae
555 3314 576 3359 a
591 3295 734 3359 Summo
749 3292 918 3358 Pontifice
940 3282 1034 3377 Julio
1054 3295 1186 3375 scripta
1207 3305 1241 3358 et
1260 3310 1433 3357 concessa
1453 3294 1606 3359 fuerant.

439 3402 527 3467 1678.
571 3402 608 3466 Ρ.
637 3402 802 3467 Andreas
822 3402 1030 3466 nominatim
1054 3402 1220 3482 cupiebat
1241 3402 1444 3465 renuntiare
1466 3402 1607 3466 titulum

376 3510 431 3573 sui
445 3508 692 3591 Episcopatus,
709 3510 844 3573 scilicet
859 3508 1073 3589 Hierapolis,
1090 3509 1377 3591 quandoquidem
1392 3508 1436 3571 ad
1451 3508 1616 3572 residen-

376 3617 460 3682 dum
475 3618 511 3681 in
526 3635 569 3680 eo
584 3619 635 3681 irc
653 3618 916 3697 prohibebatur,
933 3616 1002 3681 nisi
1016 3635 1038 3679 a
1052 3615 1197 3681 Summo
1213 3614 1383 3681 Pontifice
1405 3616 1604 3681 absolvere·

373 3736 432 3787 tur
448 3725 492 3787 ab
509 3724 624 3787 officio
643 3722 860 3803 coadjutoris
879 3734 914 3787 et
933 3724 1151 3787 successoris
1166 3722 1409 3787 Patriarchae.
1430 3723 1527 3787 Idem
1546 3740 1604 3788 cu·

375 3822 493 3913 piebat
508 3831 707 3913 dispensari
722 3830 818 3894 circa
834 3832 986 3895 annulos
1000 3838 1036 3895 et
1051 3832 1343 3912 superpelliceum
1357 3830 1553 3911 ferendum,
1569 3840 1604 3896 et

373 3940 483 4004 etiam
505 3938 550 4001 ad
576 3941 712 4003 socium
733 3938 935 4002 habendum
953 3941 978 4018 ⁸,
994 3954 1076 4001 cum
1098 3948 1290 4019 paupertas
1304 3941 1362 4002 vel
1378 3940 1448 4002 alia
1462 3939 1554 4002 ratio
1568 3938 1604 4002 id

375 4048 552 4111 suaderet.
570 4046 614 4111 Et
634 4048 715 4128 quia
736 4064 866 4127 corpus
886 4048 964 4127 plus
984 4044 1072 4111 satis
1087 4047 1291 4127 praedictus
1310 4045 1348 4108 P.
1369 4044 1535 4111 Andreas
1552 4047 1605 4109 vi·

373 4154 521 4219 debatur
538 4154 708 4234 affligere,
728 4164 762 4217 et
780 4163 889 4217 noctu
914 4154 1065 4216 lactucis
1083 4164 1224 4217 tantum
1239 4155 1275 4216 in
1294 4171 1406 4217 coena
1425 4153 1611 4232 utebatur,

373 4272 408 4327 et
423 4263 627 4327 admonitus
642 4274 663 4325 a
679 4260 887 4325 Patriarcha
904 4260 1045 4325 dixerat
1059 4280 1097 4325 se
1112 4262 1147 4324 in
1162 4261 1230 4339 his,
1247 4279 1338 4341 quae
1353 4261 1399 4324 ad
1412 4277 1611 4341 personam

369 4388 473 4434 suam
491 4371 677 4451 pertinent,
700 4386 770 4433 non
789 4370 903 4432 teneri
922 4369 968 4432 ad
989 4369 1226 4433 obediendum
1248 4370 1309 4432 alii
1331 4386 1437 4450 quarn
1458 4366 1613 4433 Summo

413 4578 421 4610 ⁹
453 4576 685 4621 hlahabetmr'sit.

410 4647 422 4680 ἱ
449 4647 515 4691 Vide
526 4659 613 4702 supra,
624 4648 780 4701 praesertim
791 4652 810 4691 t.
821 4658 855 4701 tv,
869 4658 929 4703 pag.
939 4646 988 4699 875,
999 4651 1026 4690 et
1034 4657 1097 4702 seq,
1108 4659 1132 4691 n.
1146 4646 1197 4691 imo
1206 4652 1232 4690 et
1242 4658 1296 4702 seq.

411 4719 423 4753 ⁸
450 4718 500 4773 Sic,
512 4718 608 4763 rectius
619 4718 738 4763 fortassis
749 4730 764 4761 a
775 4720 845 4763 socio
854 4718 976 4763 habendo
