3717 5400
790 476 854 534 Au.
877 475 948 536 1555
1427 470 1484 536 619

244 617 375 686 fuisset
399 619 493 686 idem
517 621 556 686 P.
572 619 776 688 Ludovicus
800 624 838 691 iu
855 621 981 689 eadem
995 621 1186 688 Provincia
1201 628 1378 698 versatus,
1392 635 1480 688 nuu-

245 741 359 806 quam
372 725 634 796 Provincialem
652 729 827 811 viderant,
849 731 944 814 quod
963 731 999 796 in
1019 729 1119 810 Baya
1137 726 1335 797 saluatoris
1354 725 1485 807 procul

246 849 275 894 a
284 831 519 898 &Vincentio
531 837 714 919 resideret,
727 848 762 902 et
775 837 990 920 perdifficilis
1005 847 1041 901 et
1055 855 1139 903 rara
1153 845 1246 900 esset
1260 835 1305 899 ab
1316 851 1388 900 uno
1399 835 1480 898 loco

247 938 288 1004 in
308 941 415 1006 alium
431 944 632 1024 navigatio,
652 955 687 1009 et
702 957 821 1010 tamen
844 945 907 1010 vix
921 945 1094 1010 committi
1114 961 1219 1026 posse
1244 943 1397 1020 domum,
1419 941 1483 1010 ubi

249 1047 352 1112 multi
366 1061 484 1113 essent
497 1068 542 1114 ex
556 1053 699 1132 nostris,
716 1053 870 1134 cuipiam
884 1053 1030 1134 putabat
1046 1050 1054 1083 ¹
1070 1070 1116 1116 ex
1130 1051 1215 1129 suis,
1228 1058 1371 1130 praeter
1385 1049 1480 1114 huuc

245 1152 290 1218 P.
305 1153 526 1222 Ludovicum
541 1156 584 1222 de
599 1147 733 1224 Grana.
749 1160 794 1226 Et
814 1161 903 1224 tales
921 1159 1048 1227 domus
1061 1159 1152 1224 duae
1170 1167 1272 1222 erant
1293 1156 1330 1220 id
1346 1165 1480 1236 tempo·

249 1259 303 1324 ris
316 1262 352 1325 in
373 1261 544 1343 Brasilia;
568 1267 681 1330 altera
701 1267 740 1330 in
763 1267 909 1332 civitate
927 1265 1126 1331 salvatoris
1145 1264 1339 1346 praedicta,
1366 1265 1483 1330 alteru

250 1366 290 1432 in
301 1369 445 1433 civitate
457 1369 517 1434 gu
533 1370 723 1438 Vincentii.
736 1373 780 1440 Et
795 1374 843 1438 ita
859 1385 933 1438 tres
944 1383 1005 1437 aut
1019 1382 1170 1454 quatuor
1186 1370 1405 1447 sacerdotes,
1418 1369 1479 1450 qui

244 1475 348 1540 ‘velut
361 1479 547 1542 columnae
559 1481 709 1561 collegia
723 1481 896 1548 Brasiliae
907 1481 1083 1558 fulcirent,
1098 1477 1311 1560 postulabat;
1323 1487 1359 1540 et
1372 1475 1479 1540 valde

245 1593 452 1662 opportuna
463 1588 565 1666 plura
581 1587 729 1666 collegia
746 1587 783 1651 in
795 1587 946 1652 Brasilia
961 1586 1095 1650 institui
1110 1603 1216 1668 posse
1231 1585 1382 1661 dicebat,
1395 1582 1481 1664 quia

245 1697 285 1752 et
300 1697 362 1753 aer
377 1692 630 1760 saluberrimus
656 1706 744 1772 erat,
771 1706 805 1758 et
830 1693 935 1758 facile
949 1711 1040 1774 quae
1059 1693 1105 1757 ad
1124 1692 1260 1756 victum
1274 1688 1479 1754 necessaria

245 1808 369 1862 esseut
393 1797 429 1861 in
451 1800 596 1879 regione
623 1809 697 1864 tam
713 1800 820 1864 fertili
838 1802 960 1882 parari
984 1817 1098 1881 posse.
1122 1798 1259 1878 Augeri
1278 1808 1399 1860 tamen
1418 1813 1485 1876 po«

228 1963 232 1970 .
250 1903 354 1982 pulos
371 1905 604 1970 lusitanorum
623 1908 723 1970 bonis
743 1907 880 1972 civibus
906 1907 1150 1972 necessarium
1167 1905 1330 1982 ducebat,
1348 1912 1383 1967 et
1398 1919 1477 1983 pro·

248 2019 330 2090 pter
344 2014 499 2092 metalla,
513 2032 604 2096 quae
618 2014 885 2095 detegebantur,
898 2015 1038 2079 facilius
1049 2013 1084 2079 id
1095 2029 1200 2096 posse
1211 2011 1288 2076 lieri
1297 2011 1480 2089 censebat,

251 2117 287 2182 si
298 2120 478 2201 principes
492 2120 666 2186 faverent.

314 2225 400 2290 1696.
445 2227 680 2294 Existimabat
698 2230 804 2294 etiam
819 2246 951 2310 magna
970 2230 1120 2308 collegia
1141 2227 1478 2292 catechumenorum

247 2333 448 2412 gentilium,
465 2336 525 2397 ubi
540 2337 771 2400 christianam
789 2335 988 2401 doctrinam
1002 2345 1037 2399 e't
1051 2337 1163 2400 bonos
1177 2351 1295 2400 mores
1309 2333 1478 2397 doceren-

250 2449 320 2520 tur,
337 2439 550 2505 instituenda
567 2459 656 2522 esse,
674 2444 838 2524 quamvis
853 2443 896 2506 ad
912 2444 1091 2524 principes
1105 2442 1288 2524 spectabat
1303 2441 1480 2504 rationem

246 2545 352 2626 inire,
370 2565 440 2628 qua
456 2562 572 2612 essent
588 2551 731 2626 alenda3
747 2562 781 2614 et
797 2551 842 2616 ad
857 2551 942 2614 illud
957 2567 1068 2630 usque
1086 2531 1236 2630 tempus,
1260 2549 1407 2614 minoris
1426 2561 1476 2611 ta·

247 2654 336 2719 lenti
359 2654 499 2735 iratres,
524 2658 582 2737 qui
604 2658 745 2723 virtutis
768 2659 884 2739 aliqua
901 2659 1005 2739 signa
1027 2658 1270 2736 ostendebant,
1290 2674 1336 2721 ex
1355 2655 1475 2722 Portu-

248 2762 359 2839 gallia
374 2764 465 2826 mitti
485 2766 608 2829 solitos
623 2783 701 2829 esse
716 2764 848 2846 aJebat3
872 2778 906 2831 et
926 2766 1012 2830 illud
1028 2764 1089 2829 Sfl
1105 2765 1277 2829 Bernardi
1292 2767 1329 2829 in
1347 2764 1478 2827 nostris

250 2869 399 2949 impleri,
416 2872 508 2951 quod
529 2883 689 2937 nostrum
704 2886 781 2937 erat
796 2874 999 2954 spargimus
1010 2884 1044 2937 et
1060 2873 1256 2954 perdimus,
1269 2872 1363 2955 quia,
1382 2883 1478 2935 ante·

250 2992 359 3057 quam
371 2977 607 3055 infundamur,
621 2980 828 3045 festinamus
843 2982 1027 3061 semipleni
1040 2980 1223 3044 effundere
1237 2980 1329 3060 aliis,
1345 2991 1380 3042 et
1396 2996 1478 3043 con·

249 3095 308 3147 tra
322 3084 436 3165 legem
453 3102 596 3149 aramus
611 3088 645 3150 in
663 3088 897 3167 primogenito
918 3090 1031 3163 bovis,
1052 3098 1089 3155 et
1107 3088 1185 3151 ovis
1200 3087 1479 3167 primogenitum

248 3191 436 3255 tondemus
452 3192 473 3253 ¹.
491 3192 593 3257 Hanc
610 3196 900 3259 consuetudinem
916 3212 1101 3259 removere
1116 3214 1138 3258 a
1152 3193 1190 3257 P.
1207 3196 1347 3275 ignatio
1363 3195 1477 3274 cupie·

248 3296 321 3377 bat,
334 3309 368 3361 et
383 3318 426 3363 ne
443 3300 663 3364 mitterentur
679 3301 715 3365 in
731 3301 918 3365 Brasiliam
930 3302 990 3380 qui
1006 3302 1122 3365 adhuc
1138 3304 1192 3363 lac
1209 3291 1476 3382 concupiscunt,

247 3420 314 3467 uec
327 3417 473 3485 gustare
489 3407 605 3469 cibum
620 3408 770 3471 solidum
786 3420 945 3489 possunt.
959 3408 1089 3473 Nullibi
1105 3420 1224 3473 autem
1240 3409 1475 3487 prudentiam,

249 3509 502 3592 tortitudinem,
526 3515 723 3593 seientiam,
745 3515 961 3595 spiritumet
983 3516 1139 3596 reliquas
1158 3516 1310 3579 virtutes
1330 3514 1477 3595 perinde

250 3622 476 3682 necessarias
500 3638 577 3683 esse
604 3623 769 3683 censebat
791 3632 897 3702 atque
912 3622 949 3684 in
968 3620 1120 3685 Brasilia
1133 3622 1179 3683 ad
1199 3621 1381 3699 negotium
1396 3638 1477 3684 con·

249 3726 425 3789 versionis
441 3726 648 3807 infidelium;
665 3729 748 3809 quia
763 3728 1009 3809 undecumque
1023 3731 1134 3791 multa
1149 3738 1184 3791 et
1203 3745 1343 3809 semper
1357 3745 1482 3792 succe-1

245 3829 392 3911 debant,
412 3851 502 3913 quae
523 3836 699 3899 bominem
720 3835 914 3917 perfectum
934 3846 1179 3916 exposcerent,
1196 3835 1371 3916 quamvis,
1387 3846 1426 3899 ut
1440 3835 1479 3899 in

247 3939 412 4019 collegiis
428 3958 470 4003 ac
486 3941 648 4005 domibus
663 3944 727 4007 sub
743 3943 930 4023 disciplina
945 3941 1134 4007 Societatis
1147 3952 1344 4023 manerent,
1361 3943 1479 4009 minus

247 4044 285 4108 id
300 4058 394 4109 esset
408 4050 661 4112 necessarium.

310 4151 397 4217 1697.
441 4153 475 4217 A
490 4154 631 4219 Ducatu
645 4154 706 4220 8.ῐί
725 4155 904 4220 Vincentii
919 4168 1062 4221 centum
1085 4157 1344 4237 quinquaginta
1364 4157 1475 4221 leucis

246 4330 459 4345 m·—

288 4432 299 4467 t
325 4432 375 4477 Ubl
386 4446 432 4479 nos
441 4435 580 4479 scribimus
590 4437 710 4491 cuipiam
720 4436 846 4492 putabat,
855 4448 902 4481 ms.
912 4436 992 4480 habet
1001 4438 1045 4480 cui
1055 4437 1236 4491 computabat.

285 4505 296 4537 Ι
324 4504 414 4551 Verba
425 4506 475 4551 Srr.
486 4507 622 4551 Brennum
633 4516 691 4552 sunt
703 4509 776 4553 llaec:
787 4508 872 4561 “Quod
883 4516 955 4552 tuum
971 4519 1010 4551 est
1025 4509 1131 4563 spargis
1145 4517 1172 4551 ct
1188 4508 1283 4563 perdis,
1293 4508 1315 4553 sl
1326 4509 1479 4564 priusquam

243 4577 390 4622 infundaris
398 4586 476 4631 totus,
485 4580 640 4633 semiplenus
648 4580 754 4625 lestines
763 4580 893 4625 effundere
901 4590 993 4624 contra
1003 4583 1087 4634 legem
1095 4592 1173 4624 arans
1181 4582 1207 4625 in
1215 4582 1386 4635 primogenito
1393 4581 1478 4630 bovis.

243 4656 273 4693 et
283 4651 340 4695 ovis
350 4652 551 4707 primogenitum
561 4652 677 4697 tondens.
688 4653 776 4707 super
786 4652 886 4699 cantic.
902 4653 989 4697 Sem.
1000 4652 1026 4696 X
1031 4652 1103 4699 VIII.
1113 4652 1165 4696 “De
1175 4654 1275 4698 duabus
1284 4654 1480 4709 operationibus

244 4721 360 4777 Spiritus
372 4722 469 4779 Sancti,
480 4734 589 4779 quarum
599 4736 651 4771 una
661 4732 772 4771 vocatur
783 4724 874 4771 eiiuslo
885 4732 911 4771 et
922 4726 976 4770 alia
987 4726 1104 4783 inlusio„
