3717 5400
373 501 430 560 452
834 500 963 562 Chnou.
984 500 1060 561 Soc.
1081 500 1151 574 Jas.

373 647 484 711 filium
497 647 651 727 scripsit,
667 647 854 727 lacrymis,
873 646 1042 727 querelis,
1059 646 1178 724 miniS,
1195 644 1377 725 precibus,
1395 652 1429 709 et
1449 642 1544 709 omni
1560 664 1609 711 ea

375 754 555 818 rhetorica
573 755 709 834 plenas,
730 772 836 835 quam
851 763 1021 834 paternus
1043 770 1143 817 amor
1163 770 1244 833 eum
1261 751 1423 815 docebat.
1439 750 1508 817 Sed
1523 771 1609 820 cum

373 859 466 923 iilius
489 861 522 924 ei
539 858 796 939 respondisset,
820 869 855 923 et
876 857 1064 923 Societatis
1086 858 1286 922 institutum
1308 858 1340 921 ei
1362 859 1607 939 explicuisset,

373 983 551 1048 quamque
575 966 748 1047 singulari
771 965 976 1031 beneficioa
998 964 1076 1029 Deo
1098 966 1134 1029 in
1155 965 1222 1028 hac
1245 965 1431 1029 vocatione
1452 964 1612 1031 allectus

373 1076 516 1152 luisset,
542 1074 595 1137 sic
620 1089 684 1154 per
708 1072 769 1136 filii
794 1074 931 1137 litteras
959 1073 1164 1137 immutatus
1192 1083 1245 1135 est
1270 1090 1292 1135 a
1316 1070 1469 1136 Domino
1490 1075 1613 1153 patris

374 1180 525 1257 animus,
541 1188 580 1243 ut
600 1179 716 1244 denuo
730 1182 836 1261 longe
850 1179 1052 1243 differentes
1067 1198 1087 1243 a
1103 1179 1280 1260 prioribus
1300 1179 1437 1243 litteras
1452 1180 1603 1261 scripse·

372 1288 430 1366 rit,
446 1287 582 1351 laetitia
593 1296 628 1349 et
639 1287 840 1366 gratiarum
850 1286 990 1350 actione
1001 1288 1136 1366 plenaS,
1149 1286 1295 1367 perinde
1310 1296 1417 1368 atque
1428 1287 1458 1349 si
1468 1288 1513 1351 ab
1525 1285 1612 1368 ejus

373 1394 486 1457 oculis
501 1394 622 1457 divina
636 1393 784 1457 Bonitas
798 1394 962 1457 velamen
977 1392 1118 1473 aliquod
1133 1394 1337 1458 abstulisset
1357 1394 1402 1457 ari
1417 1392 1520 1474 hujus
1542 1412 1612 1459 vo·-

373 1502 524 1566 cationis
553 1502 709 1581 gratiam
737 1500 1036 1581 cognoscendam.
1063 1499 1283 1564 Hortabatur
1310 1518 1397 1580 ergo
1421 1500 1531 1565 filium
1557 1504 1607 1566 ad

373 1608 690 1690 perseverantiam,
707 1616 813 1686 etse,
830 1608 913 1671 licet
933 1624 1071 1686 senem,
1088 1608 1240 1688 negotiis
1255 1615 1290 1670 et
1303 1606 1383 1671 filiis
1403 1618 1607 1687 oneratum..

372 1733 446 1780 non
459 1733 559 1796 spem
574 1714 747 1794 abjecisse
762 1714 903 1778 dicebat
923 1716 1014 1778 tanti
1033 1714 1116 1778 boni
1138 1715 1391 1797 consequendi,
1412 1726 1450 1779 ut
1472 1724 1507 1779 et
1524 1716 1611 1797 ipse-

373 1822 451 1886 Deo
467 1822 602 1886 servire
616 1822 653 1884 in
668 1820 845 1886 Societate
856 1830 1062 1885 mereretur.

435 1928 523 1992 1220.
565 1928 604 1991 ln
619 1928 754 2009 reliquo
770 1926 873 2007 hujus
888 1927 973 1991 anni
987 1928 1140 1991 decursu
1155 1928 1214 1990 alii
1236 1928 1366 2007 viginti
1381 1946 1457 2007 sex,
1479 1937 1514 1992 et
1527 1931 1610 2011 qui·-

373 2037 454 2101 dem
468 2036 611 2100 talentis
626 2036 781 2115 egregiis
796 2034 959 2116 praediti,
977 2034 1123 2097 admissi
1138 2034 1294 2114 inerunt,
1310 2036 1366 2099 his
1380 2036 1538 2100 moribus
1552 2036 1611 2100 in·

372 2144 480 2223 genio
501 2153 536 2206 et
556 2143 683 2207 litteris
702 2142 864 2223 praediti,
891 2150 928 2205 ut
951 2142 987 2205 in
1011 2140 1191 2207 Societate
1212 2151 1335 2205 nostra
1358 2143 1437 2205 usui
1459 2160 1536 2206 esse
1557 2144 1611 2209 ad

374 2267 543 2330 magnam
556 2249 624 2313 Dei
645 2249 796 2329 gloriam
817 2259 974 2329 possent.
1002 2247 1135 2313 Omnes
1154 2249 1299 2327 egregia
1320 2249 1473 2330 quadam
1494 2250 1602 2313 animi

374 2358 540 2421 firmitate
556 2356 616 2420 diu
630 2354 845 2420 Societatem
860 2355 1080 2436 expetierant
1095 2365 1130 2418 et
1145 2355 1380 2419 obtinuerant.
1396 2356 1450 2419 Ex
1463 2356 1518 2419 his
1533 2356 1611 2420 duo·

371 2475 474 2527 erant
488 2463 656 2544 theologi,
673 2480 765 2526 unus
780 2462 949 2540 medicus,
971 2462 1039 2525 duo
1053 2460 1124 2542 juri
1138 2460 1322 2525 Pontificio
1339 2462 1509 2526 dederant
1524 2480 1607 2544 ope·

372 2588 463 2649 ram;
477 2580 558 2634 octo
572 2571 735 2633 rhetores
747 2577 859 2647 erant;
874 2578 1008 2648 septem
1022 2586 1066 2631 ex
1079 2568 1209 2632 artium
1221 2568 1417 2632 liberalium
1429 2569 1608 2651 cursibus:

370 2677 464 2742 unde
480 2693 620 2758 semper
635 2676 846 2757 amplissimi
859 2675 996 2739 fructus
1012 2674 1153 2739 Christo
1167 2675 1335 2739 obvenire
1351 2676 1522 2740 solebant.
1538 2674 1608 2741 Re·-

369 2786 456 2866 liqui
484 2802 564 2860 sex,
595 2784 724 2865 partim
752 2781 972 2862 sacerdotes,
1003 2783 1133 2863 partim
1161 2783 1365 2846 ministeriis
1394 2783 1596 2848 domesticis

373 2891 543 2956 obeundis
559 2890 676 2955 idonei
699 2888 719 2952 ¹.

413 3098 420 3127 ¹
450 3094 624 3148 Quorumdam
634 3092 763 3148 compluti
774 3092 822 3135 hoc
832 3102 900 3136 anno
911 3093 1081 3136 admissorum
1091 3092 1202 3145 nomina,
1214 3104 1229 3136 a
1241 3091 1351 3136 Polenco
1363 3094 1419 3136 ideo
1429 3093 1597 3147 praetermis·

372 3179 402 3212 se
413 3168 474 3221 quie
484 3167 509 3209 in
521 3166 626 3217 litteris,
638 3177 652 3210 e
667 3166 759 3219 quibus
770 3163 795 3207 ln
806 3163 855 3207 hoc
863 3162 990 3206 Chronico
999 3163 1136 3208 inserenda
1146 3166 1311 3218 excerpebat,
1326 3175 1376 3208 non
1391 3165 1606 3218 reperiebantur,

371 3239 447 3284 eiiert
459 3238 487 3286 P.
498 3237 708 3283 Cnarsroenonus
717 3247 751 3279 oe
768 3234 867 3279 Casruo
878 3235 903 3278 ln
913 3234 1037 3278 Historia
1047 3246 1093 3279 ms.
1106 3236 1149 3278 dei
1159 3234 1261 3288 Coiegio
1273 3235 1306 3280 de
1316 3236 1342 3278 ia
1355 3235 1501 3289 campania
1512 3237 1545 3280 de
1554 3236 1599 3290 Je-

369 3322 418 3354 sus
428 3311 462 3353 de
472 3309 576 3361 Alcala,
585 3309 629 3352 lib.
644 3319 680 3361 vt,
691 3318 748 3362 cap.
758 3307 780 3357 2,
795 3308 838 3350 ubi
850 3309 896 3351 eit:
906 3305 1046 3350 “Mleutras
1060 3319 1108 3361 que
1119 3308 1144 3351 el
1155 3307 1183 3350 Ρ.
1194 3307 1335 3352 Francisco
1349 3309 1381 3352 de
1394 3307 1415 3350 V
1419 3309 1550 3352 ilianuevo
1564 3319 1603 3352 er·

369 3383 433 3426 teba
443 3392 475 3424 en
485 3382 512 3424 la
522 3379 661 3424 inodaclon
675 3380 716 3422 dei
732 3377 837 3432 Coiegio
847 3379 878 3420 de
895 3377 1040 3432 Piesencia,
1057 3377 1134 3422 hacia
1144 3389 1173 3422 su
1184 3377 1257 3422 oiiclo
1267 3390 1298 3421 en
1314 3379 1409 3422 Aicnld
1421 3379 1444 3422 el
1455 3377 1483 3421 P.
1499 3377 1604 3424 Menuei

368 3453 463 3508 Lopez,
473 3463 534 3508 mny
545 3450 599 3506 bijo
607 3462 680 3505 enyo,
692 3462 740 3504 qne
751 3450 820 3494 llevo
830 3461 892 3506 mny
902 3450 1024 3494 adelante
1035 3461 1079 3493 eus
1089 3450 1201 3494 intentos
1210 3460 1243 3493 en
1253 3450 1277 3494 el
1287 3451 1523 3494 ecrecentemiento
1530 3450 1597 3504 espi-

367 3525 449 3569 ritnal
459 3523 611 3579 ytemporal
621 3523 695 3566 deste
706 3520 820 3576 Colegio;
830 3533 849 3578 y
858 3524 915 3565 ansi
925 3532 974 3565 con
985 3531 1015 3565 su
1024 3521 1134 3565 culdado
1145 3521 1310 3579 ydiiigencla
1320 3521 1362 3565 ine
1373 3522 1397 3566 ei
1406 3521 1495 3566 allode
1506 3521 1603 3567 15551ι.

368 3595 480 3641 coseche
489 3596 520 3638 de
530 3594 570 3638 loe
579 3605 628 3649 qne
638 3604 667 3637 se
677 3593 821 3637 reclbieron
831 3604 863 3636 en
872 3593 899 3637 lrt
910 3591 1053 3646 Compeilla
1063 3591 1117 3636 mis
1126 3594 1230 3637 crecida
1240 3604 1288 3648 qne
1298 3604 1391 3647 nunce,
1403 3604 1466 3647 pnes
1475 3593 1595 3647 liegeron

367 3671 384 3711 a
394 3673 529 3718 cuerente,
539 3667 570 3710 de
581 3665 690 3719 algunos
699 3665 730 3709 de
739 3666 777 3708 loa
784 3666 873 3708 eunies
880 3668 941 3708 sere
950 3675 1030 3708 razon
1040 3665 1111 3708 deoir
1120 3667 1188 3719 algo,
1195 3675 1292 3720 perque
1300 3665 1394 3709 habiat
1401 3665 1433 3709 de
1443 3664 1517 3709 todos
1526 3664 1606 3710 seria

366 3738 520 3793 prolixidad.

407 3809 441 3854 El
451 3808 549 3854 Doctor
559 3807 642 3863 Diego
653 3808 727 3856 Paez.
739 3808 845 3852 natural
855 3807 886 3851 de
896 3807 1032 3862 Pehaiver,
1044 3807 1147 3853 Diocesi
1158 3809 1189 3853 de
1200 3807 1304 3862 Toiedo,
1320 3811 1394 3852 entro
1406 3807 1429 3850 ei
1440 3805 1552 3861 primero
1566 3806 1597 3849 de

366 3882 442 3925 todo·
452 3881 515 3925 alos
526 3881 552 3923 1³
562 3880 671 3932 lienero,
681 3880 769 3923 siendo
779 3879 810 3922 de
821 3878 877 3923 diez
886 3891 903 3935 y
913 3879 979 3923 siete
990 3883 1061 3934 ehoe,
1073 3881 1203 3924 acabedos
1213 3891 1257 3924 eos
1264 3890 1355 3924 cursor
1364 3879 1396 3922 de
1404 3879 1493 3936 Artes,
1505 3887 1538 3920 en
1545 3887 1604 3933 que

367 3953 447 3998 habit
457 3952 592 3996 mostrado
601 3963 632 3995 ru
641 3951 740 4006 grande
750 3949 896 4004 ingenim...

404 4023 489 4068 Entro
499 4034 546 4067 con
557 4024 582 4067 el
591 4028 649 4066 otro
660 4026 830 4066 conterrineo
840 4033 912 4076 snyo,
920 4021 1024 4077 Gasper
1035 4023 1066 4066 de
1078 4023 1222 4078 Sotomoco,
1234 4023 1266 4066 de
1276 4023 1332 4066 diez
1342 4033 1359 4077 y
1369 4024 1434 4067 ocho
1443 4026 1507 4069 edos
1509 4053 1550 4070 .....

406 4095 438 4140 El
448 4095 476 4139 Ρ.
486 4095 627 4140 Francieco
638 4096 669 4139 de
679 4095 802 4145 Heredis.
812 4095 930 4148 coleglrl.
940 4095 1046 4140 naturai
1056 4096 1087 4140 de
1097 4097 1124 4140 la
1138 4095 1236 4140 Pnebla
1247 4095 1278 4139 de
1287 4094 1447 4150 Montelvan,
1457 4099 1532 4141 entre
1543 4097 1604 4141 127

365 4168 397 4211 de
407 4166 518 4220 Henero,
529 4169 612 4222 oydss
622 4177 666 4211 ana
677 4167 765 4219 Artes,
776 4166 865 4210 aiendo
875 4166 907 4210 de
918 4166 944 4210 17
953 4169 1018 4210 ahos
1021 4196 1063 4211 .....

405 4239 438 4283 El
448 4238 475 4283 Ρ.
485 4238 552 4292 Juan
563 4238 659 4293 Bravo,
670 4240 776 4283 natural
786 4238 818 4281 de
828 4236 978 4292 Cogolindo,
991 4238 1093 4283 Diocesi
1103 4240 1134 4284 de
1145 4238 1249 4293 Toiedo,
1261 4242 1343 4294 entro,
1352 4238 1442 4283 aiendo
1453 4239 1564 4295 Artistiu
1577 4246 1597 4287 d

364 4311 404 4355 loe
413 4311 440 4354 27
449 4312 481 4355 de
491 4310 614 4362 Febrero,
623 4311 654 4354 de
664 4311 692 4355 22
701 4313 767 4355 allos
770 4340 809 4355 .....

406 4382 439 4427 El
450 4383 548 4427 Doctor
556 4383 669 4427 Antonio
680 4381 796 4437 Remiro,
806 4384 913 4428 natural
923 4383 955 4427 de
966 4381 1122 4441 Caieteynd,
1139 4383 1269 4428 heriando
1285 4383 1368 4427 becho
1378 4383 1520 4428 exercicios
1530 4395 1547 4439 y
1566 4395 1604 4429 em

365 4457 430 4501 ellos
439 4453 543 4499 movldo
554 4455 585 4498 de
594 4454 658 4498 Dios
668 4454 714 4499 N!
724 4453 771 4508 Ss,
781 4455 870 4498 siendo
880 4454 912 4499 de
923 4455 1015 4510 quince
1025 4456 1098 4510 alios,
1108 4455 1150 4499 iud
1161 4454 1301 4499 reclbidoa
1311 4456 1376 4501 slete
1386 4455 1417 4499 de
1427 4455 1502 4512 lisyo
1505 4485 1545 4501 .....

405 4527 439 4571 Ei
451 4525 479 4570 P.
491 4525 603 4570 Antonio
612 4524 726 4580 Marcen,
736 4527 842 4571 natural
852 4526 884 4570 de
897 4525 1036 4580 Terecone
1046 4537 1079 4570 en
1094 4527 1210 4582 Aragon,
1226 4531 1300 4572 entro
1311 4528 1378 4571 enei
1394 4527 1483 4572 mismo
1496 4527 1547 4582 dia,
1566 4528 1603 4571 de

363 4598 449 4644 heded
459 4597 491 4640 de
500 4597 557 4641 diez
567 4611 584 4655 γ
595 4597 647 4641 aeis
657 4600 720 4642 edos
721 4627 762 4642 .....

404 4669 438 4714 El
449 4668 477 4713 P.
488 4669 587 4713 Alonao
597 4669 628 4712 de
637 4669 764 4722 Cardono,
777 4672 883 4715 natural
892 4672 924 4716 de
935 4671 1029 4726 Morus,
1037 4671 1079 4715 dei
1087 4669 1217 4726 otlspado
1227 4672 1259 4716 de
1266 4671 1410 4728 Tarracone,
1418 4675 1492 4717 entro
1498 4672 1596 4729 inem

366 4742 406 4786 59
416 4742 446 4786 de
454 4740 539 4799 iieyo,
550 4739 640 4785 slendo
650 4741 682 4784 de
692 4742 758 4786 eded
769 4742 800 4786 de
810 4743 898 4788 veinte
908 4745 973 4788 ailoe
