<?xml version="1.0" encoding="UTF-8"?>
<!DOCTYPE html PUBLIC "-//W3C//DTD XHTML 1.0 Transitional//EN"
    "http://www.w3.org/TR/xhtml1/DTD/xhtml1-transitional.dtd">
<html xmlns="http://www.w3.org/1999/xhtml" xml:lang="en" lang="en">
 <head>
  <title>
</title>
<meta http-equiv="Content-Type" content="text/html;charset=utf-8" />
  <meta name='ocr-system' content='tesseract 3.04.00' />
  <meta name='ocr-capabilities' content='ocr_page ocr_carea ocr_par ocr_line ocrx_word'/>
</head>
<body>
  <div class='ocr_page' id='page_1' title='image "./vitaignatiiloio01polagoog_0076.png"; bbox 0 0 3717 5400; ppageno 0'>
   <div class='ocr_carea' id='block_1_1' title="bbox 342 451 1118 524">
    <p class='ocr_par' dir='ltr' id='par_1_1' title="bbox 342 451 1118 524">
     <span class='ocr_line' id='line_1_1' title="bbox 342 451 1118 524; baseline -0.004 -14"><span class='ocrx_word' id='word_1_1' title='bbox 342 454 383 510; x_wconf 81' lang='lat'>70</span> <span class='ocrx_word' id='word_1_2' title='bbox 802 451 928 512; x_wconf 75' lang='lat' dir='ltr'>Canon.</span> <span class='ocrx_word' id='word_1_3' title='bbox 950 451 1027 511; x_wconf 89' lang='lat' dir='ltr'><strong>Soc.</strong></span> <span class='ocrx_word' id='word_1_4' title='bbox 1047 452 1118 524; x_wconf 67' lang='lat' dir='ltr'>‚ius</span> 
     </span>
    </p>
   </div>
   <div class='ocr_carea' id='block_1_2' title="bbox 344 596 1578 4209">
    <p class='ocr_par' dir='ltr' id='par_1_2' title="bbox 344 596 1575 1320">
     <span class='ocr_line' id='line_1_2' title="bbox 411 596 1575 678; baseline 0.002 -19"><span class='ocrx_word' id='word_1_5' title='bbox 411 597 477 660; x_wconf 83' lang='lat'><strong>157.</strong></span> <span class='ocrx_word' id='word_1_6' title='bbox 521 597 648 662; x_wconf 91' lang='lat' dir='ltr'>Modus</span> <span class='ocrx_word' id='word_1_7' title='bbox 662 598 814 676; x_wconf 86' lang='lat' dir='ltr'>interim,</span> <span class='ocrx_word' id='word_1_8' title='bbox 830 615 901 678; x_wconf 91' lang='lat' dir='ltr'>quo</span> <span class='ocrx_word' id='word_1_9' title='bbox 915 597 1029 660; x_wconf 91' lang='lat' dir='ltr'>nostri</span> <span class='ocrx_word' id='word_1_10' title='bbox 1040 598 1284 676; x_wconf 79' lang='lat' dir='ltr'>eleemosynas</span> <span class='ocrx_word' id='word_1_11' title='bbox 1294 596 1517 676; x_wconf 76' lang='lat' dir='ltr'><strong>accipiebant</strong></span> <span class='ocrx_word' id='word_1_12' title='bbox 1528 614 1575 661; x_wconf 83' lang='lat' dir='ltr'>ex</span> 
     </span>
     <span class='ocr_line' id='line_1_3' title="bbox 347 703 1574 784; baseline -0.001 -17"><span class='ocrx_word' id='word_1_13' title='bbox 347 704 558 784; x_wconf 88' lang='lat' dir='ltr'>quibusdam</span> <span class='ocrx_word' id='word_1_14' title='bbox 574 704 935 784; x_wconf 84' lang='lat' dir='ltr'>confratemitatibus,</span> <span class='ocrx_word' id='word_1_15' title='bbox 952 715 987 766; x_wconf 86' lang='lat' dir='ltr'>et</span> <span class='ocrx_word' id='word_1_16' title='bbox 1001 703 1151 766; x_wconf 86' lang='lat' dir='ltr'>difficilis</span> <span class='ocrx_word' id='word_1_17' title='bbox 1165 711 1253 779; x_wconf 89' lang='lat' dir='ltr'>erat,</span> <span class='ocrx_word' id='word_1_18' title='bbox 1273 710 1310 765; x_wconf 90' lang='lat' dir='ltr'>et</span> <span class='ocrx_word' id='word_1_19' title='bbox 1327 719 1400 766; x_wconf 93' lang='lat' dir='ltr'>non</span> <span class='ocrx_word' id='word_1_20' title='bbox 1421 703 1498 766; x_wconf 92' lang='lat' dir='ltr'>sine</span> <span class='ocrx_word' id='word_1_21' title='bbox 1514 721 1574 783; x_wconf 90' lang='lat' dir='ltr'>pe·</span> 
     </span>
     <span class='ocr_line' id='line_1_4' title="bbox 349 809 1573 891; baseline -0.001 -17"><span class='ocrx_word' id='word_1_22' title='bbox 349 811 462 874; x_wconf 91' lang='lat' dir='ltr'>riculo</span> <span class='ocrx_word' id='word_1_23' title='bbox 478 821 512 874; x_wconf 91' lang='lat' dir='ltr'>et</span> <span class='ocrx_word' id='word_1_24' title='bbox 527 812 738 876; x_wconf 90' lang='lat' dir='ltr'>detrimento</span> <span class='ocrx_word' id='word_1_25' title='bbox 752 811 887 874; x_wconf 84' lang='lat' dir='ltr'>fructus</span> <span class='ocrx_word' id='word_1_26' title='bbox 902 811 1109 891; x_wconf 89' lang='lat' dir='ltr'>spiritualis.</span> <span class='ocrx_word' id='word_1_27' title='bbox 1130 809 1203 874; x_wconf 86' lang='lat' dir='ltr'>Vix</span> <span class='ocrx_word' id='word_1_28' title='bbox 1223 810 1318 874; x_wconf 91' lang='lat' dir='ltr'>enim</span> <span class='ocrx_word' id='word_1_29' title='bbox 1338 809 1416 874; x_wconf 81' lang='lat' dir='ltr'>fieri</span> <span class='ocrx_word' id='word_1_30' title='bbox 1433 819 1573 890; x_wconf 87' lang='lat' dir='ltr'>poterat</span> 
     </span>
     <span class='ocr_line' id='line_1_5' title="bbox 350 915 1571 998; baseline -0.001 -18"><span class='ocrx_word' id='word_1_31' title='bbox 350 926 400 996; x_wconf 91' lang='lat' dir='ltr'>ut,</span> <span class='ocrx_word' id='word_1_32' title='bbox 417 935 508 997; x_wconf 89' lang='lat' dir='ltr'>quae</span> <span class='ocrx_word' id='word_1_33' title='bbox 523 935 543 981; x_wconf 84' lang='lat' dir='ltr'>a</span> <span class='ocrx_word' id='word_1_34' title='bbox 558 918 748 981; x_wconf 79' lang='lat' dir='ltr'>nostrised</span> <span class='ocrx_word' id='word_1_35' title='bbox 764 917 948 998; x_wconf 83' lang='lat' dir='ltr'>spirituale</span> <span class='ocrx_word' id='word_1_36' title='bbox 963 918 1146 981; x_wconf 90' lang='lat' dir='ltr'>hominum</span> <span class='ocrx_word' id='word_1_37' title='bbox 1160 917 1332 980; x_wconf 84' lang='lat' dir='ltr'>auxilium</span> <span class='ocrx_word' id='word_1_38' title='bbox 1356 917 1494 980; x_wconf 91' lang='lat' dir='ltr'>sincere</span> <span class='ocrx_word' id='word_1_39' title='bbox 1514 915 1571 980; x_wconf 88' lang='lat' dir='ltr'>fie-</span> 
     </span>
     <span class='ocr_line' id='line_1_6' title="bbox 349 1023 1572 1105; baseline -0.002 -17"><span class='ocrx_word' id='word_1_40' title='bbox 349 1025 444 1102; x_wconf 83' lang='lat' dir='ltr'><strong>bant,</strong></span> <span class='ocrx_word' id='word_1_41' title='bbox 461 1025 538 1088; x_wconf 92' lang='lat' dir='ltr'>sine</span> <span class='ocrx_word' id='word_1_42' title='bbox 552 1025 745 1088; x_wconf 90' lang='lat' dir='ltr'>intentione</span> <span class='ocrx_word' id='word_1_43' title='bbox 758 1025 965 1105; x_wconf 90' lang='lat' dir='ltr'>temporalis</span> <span class='ocrx_word' id='word_1_44' title='bbox 978 1024 1155 1088; x_wconf 91' lang='lat' dir='ltr'>commodi</span> <span class='ocrx_word' id='word_1_45' title='bbox 1169 1023 1246 1087; x_wconf 89' lang='lat' dir='ltr'>fieri</span> <span class='ocrx_word' id='word_1_46' title='bbox 1260 1024 1457 1100; x_wconf 88' lang='lat' dir='ltr'>crederent;</span> <span class='ocrx_word' id='word_1_47' title='bbox 1473 1024 1572 1086; x_wconf 83' lang='lat' dir='ltr'>etita</span> 
     </span>
     <span class='ocr_line' id='line_1_7' title="bbox 347 1128 1572 1212; baseline -0.002 -16"><span class='ocrx_word' id='word_1_48' title='bbox 347 1133 475 1196; x_wconf 91' lang='lat' dir='ltr'>merito</span> <span class='ocrx_word' id='word_1_49' title='bbox 492 1134 598 1196; x_wconf 85' lang='lat' dir='ltr'>aliam</span> <span class='ocrx_word' id='word_1_50' title='bbox 610 1132 783 1196; x_wconf 90' lang='lat' dir='ltr'>rationem</span> <span class='ocrx_word' id='word_1_51' title='bbox 799 1133 892 1196; x_wconf 91' lang='lat' dir='ltr'>illius</span> <span class='ocrx_word' id='word_1_52' title='bbox 911 1132 1062 1212; x_wconf 85' lang='lat' dir='ltr'>Collegii</span> <span class='ocrx_word' id='word_1_53' title='bbox 1071 1131 1242 1196; x_wconf 84' lang='lat' dir='ltr'>fundandi</span> <span class='ocrx_word' id='word_1_54' title='bbox 1253 1141 1360 1212; x_wconf 89' lang='lat' dir='ltr'>atque</span> <span class='ocrx_word' id='word_1_55' title='bbox 1370 1132 1488 1194; x_wconf 89' lang='lat' dir='ltr'>alendi</span> <span class='ocrx_word' id='word_1_56' title='bbox 1499 1128 1572 1212; x_wconf 90' lang='lat' dir='ltr'>[no-</span> 
     </span>
     <span class='ocr_line' id='line_1_8' title="bbox 344 1238 636 1320; baseline -0.007 -18"><span class='ocrx_word' id='word_1_57' title='bbox 344 1238 422 1320; x_wconf 89' lang='lat' dir='ltr'>stri]</span> <span class='ocrx_word' id='word_1_58' title='bbox 438 1239 636 1320; x_wconf 89' lang='lat' dir='ltr'>cupiebant.</span> 
     </span>
    </p>

    <p class='ocr_par' dir='ltr' id='par_1_3' title="bbox 347 1347 1575 3245">
     <span class='ocr_line' id='line_1_9' title="bbox 412 1347 1574 1426; baseline -0.003 -16"><span class='ocrx_word' id='word_1_59' title='bbox 412 1347 480 1410; x_wconf 89' lang='lat'>158.</span> <span class='ocrx_word' id='word_1_60' title='bbox 523 1347 722 1411; x_wconf 90' lang='lat' dir='ltr'>Cardinalis</span> <span class='ocrx_word' id='word_1_61' title='bbox 736 1347 883 1411; x_wconf 90' lang='lat' dir='ltr'>Fulvius</span> <span class='ocrx_word' id='word_1_62' title='bbox 897 1347 1068 1426; x_wconf 75' lang='lat' dir='ltr'>CorneuS,</span> <span class='ocrx_word' id='word_1_63' title='bbox 1085 1347 1288 1424; x_wconf 89' lang='lat' dir='ltr'>Perusinus,</span> <span class='ocrx_word' id='word_1_64' title='bbox 1305 1349 1350 1410; x_wconf 86' lang='lat' dir='ltr'>ad</span> <span class='ocrx_word' id='word_1_65' title='bbox 1374 1349 1442 1409; x_wconf 88' lang='lat' dir='ltr'>hoc</span> <span class='ocrx_word' id='word_1_66' title='bbox 1462 1364 1574 1426; x_wconf 85' lang='lat' dir='ltr'>usque</span> 
     </span>
     <span class='ocr_line' id='line_1_10' title="bbox 349 1452 1573 1535; baseline -0.002 -19"><span class='ocrx_word' id='word_1_67' title='bbox 349 1465 488 1534; x_wconf 89' lang='lat' dir='ltr'>tempus</span> <span class='ocrx_word' id='word_1_68' title='bbox 502 1455 635 1518; x_wconf 88' lang='lat' dir='ltr'>auxilia</span> <span class='ocrx_word' id='word_1_69' title='bbox 650 1455 824 1535; x_wconf 82' lang='lat' dir='ltr'>quaedam</span> <span class='ocrx_word' id='word_1_70' title='bbox 839 1457 972 1518; x_wconf 91' lang='lat' dir='ltr'>nostris</span> <span class='ocrx_word' id='word_1_71' title='bbox 991 1455 1252 1518; x_wconf 88' lang='lat' dir='ltr'>subministrari</span> <span class='ocrx_word' id='word_1_72' title='bbox 1270 1452 1427 1533; x_wconf 85' lang='lat' dir='ltr'>jubebat,</span> <span class='ocrx_word' id='word_1_73' title='bbox 1449 1453 1512 1516; x_wconf 88' lang='lat' dir='ltr'>sed</span> <span class='ocrx_word' id='word_1_74' title='bbox 1529 1452 1573 1515; x_wconf 90' lang='lat' dir='ltr'>dc</span> 
     </span>
     <span class='ocr_line' id='line_1_11' title="bbox 347 1559 1572 1642; baseline 0 -20"><span class='ocrx_word' id='word_1_75' title='bbox 347 1562 423 1625; x_wconf 90' lang='lat' dir='ltr'>suis</span> <span class='ocrx_word' id='word_1_76' title='bbox 437 1561 609 1625; x_wconf 87' lang='lat' dir='ltr'>reditibus</span> <span class='ocrx_word' id='word_1_77' title='bbox 622 1561 820 1640; x_wconf 80' lang='lat' dir='ltr'>Collegium</span> <span class='ocrx_word' id='word_1_78' title='bbox 835 1581 906 1625; x_wconf 93' lang='lat' dir='ltr'>non</span> <span class='ocrx_word' id='word_1_79' title='bbox 920 1562 1050 1624; x_wconf 88' lang='lat' dir='ltr'>alebat.</span> <span class='ocrx_word' id='word_1_80' title='bbox 1070 1560 1219 1642; x_wconf 86' lang='lat' dir='ltr'>Scripsit</span> <span class='ocrx_word' id='word_1_81' title='bbox 1241 1571 1359 1624; x_wconf 89' lang='lat' dir='ltr'>autem</span> <span class='ocrx_word' id='word_1_82' title='bbox 1381 1579 1446 1622; x_wconf 85' lang='lat' dir='ltr'>suo</span> <span class='ocrx_word' id='word_1_83' title='bbox 1468 1559 1572 1622; x_wconf 88' lang='lat' dir='ltr'>Vica-</span> 
     </span>
     <span class='ocr_line' id='line_1_12' title="bbox 349 1667 1573 1748; baseline -0.001 -18"><span class='ocrx_word' id='word_1_84' title='bbox 349 1669 415 1748; x_wconf 89' lang='lat' dir='ltr'>ri0,</span> <span class='ocrx_word' id='word_1_85' title='bbox 438 1678 476 1730; x_wconf 92' lang='lat' dir='ltr'>ut</span> <span class='ocrx_word' id='word_1_86' title='bbox 494 1668 769 1748; x_wconf 81' lang='lat' dir='ltr'>gubernatorem</span> <span class='ocrx_word' id='word_1_87' title='bbox 790 1678 945 1748; x_wconf 86' lang='lat' dir='ltr'>urgeret,</span> <span class='ocrx_word' id='word_1_88' title='bbox 966 1679 1006 1730; x_wconf 92' lang='lat' dir='ltr'>ut</span> <span class='ocrx_word' id='word_1_89' title='bbox 1028 1669 1161 1731; x_wconf 89' lang='lat' dir='ltr'>nostris</span> <span class='ocrx_word' id='word_1_90' title='bbox 1180 1670 1442 1748; x_wconf 84' lang='lat' dir='ltr'>eleemosynam</span> <span class='ocrx_word' id='word_1_91' title='bbox 1463 1685 1484 1728; x_wconf 91' lang='lat' dir='ltr'>a</span> <span class='ocrx_word' id='word_1_92' title='bbox 1499 1667 1573 1747; x_wconf 90' lang='lat' dir='ltr'>qui·</span> 
     </span>
     <span class='ocr_line' id='line_1_13' title="bbox 348 1775 1574 1855; baseline -0.002 -17"><span class='ocrx_word' id='word_1_93' title='bbox 348 1775 496 1838; x_wconf 88' lang='lat' dir='ltr'>busdam</span> <span class='ocrx_word' id='word_1_94' title='bbox 511 1775 579 1855; x_wconf 91' lang='lat' dir='ltr'>piis</span> <span class='ocrx_word' id='word_1_95' title='bbox 593 1776 680 1838; x_wconf 89' lang='lat' dir='ltr'>locis</span> <span class='ocrx_word' id='word_1_96' title='bbox 695 1787 836 1838; x_wconf 86' lang='lat' dir='ltr'>curaret</span> <span class='ocrx_word' id='word_1_97' title='bbox 850 1775 1125 1838; x_wconf 89' lang='lat' dir='ltr'>subministrari.</span> <span class='ocrx_word' id='word_1_98' title='bbox 1142 1775 1210 1854; x_wconf 91' lang='lat' dir='ltr'>Qui</span> <span class='ocrx_word' id='word_1_99' title='bbox 1231 1776 1362 1838; x_wconf 88' lang='lat' dir='ltr'>scholis</span> <span class='ocrx_word' id='word_1_100' title='bbox 1384 1783 1574 1854; x_wconf 89' lang='lat' dir='ltr'>praeerant</span> 
     </span>
     <span class='ocr_line' id='line_1_14' title="bbox 348 1880 1573 1963; baseline 0 -20"><span class='ocrx_word' id='word_1_101' title='bbox 348 1882 584 1945; x_wconf 88' lang='lat' dir='ltr'>saecularium</span> <span class='ocrx_word' id='word_1_102' title='bbox 595 1883 936 1961; x_wconf 89' lang='lat' dir='ltr'>ludimagistrorum,</span> <span class='ocrx_word' id='word_1_103' title='bbox 949 1883 1185 1963; x_wconf 85' lang='lat' dir='ltr'>quadraginta</span> <span class='ocrx_word' id='word_1_104' title='bbox 1199 1900 1337 1959; x_wconf 78' lang='lat' dir='ltr'>aureoS,</span> <span class='ocrx_word' id='word_1_105' title='bbox 1351 1880 1459 1958; x_wconf 90' lang='lat' dir='ltr'>idest,</span> <span class='ocrx_word' id='word_1_106' title='bbox 1468 1882 1573 1944; x_wconf 91' lang='lat' dir='ltr'>unius</span> 
     </span>
     <span class='ocr_line' id='line_1_15' title="bbox 348 1987 1574 2069; baseline -0.001 -18"><span class='ocrx_word' id='word_1_107' title='bbox 348 1991 590 2069; x_wconf 88' lang='lat' dir='ltr'>praeceptoris</span> <span class='ocrx_word' id='word_1_108' title='bbox 609 1990 833 2069; x_wconf 81' lang='lat' dir='ltr'>stipendium,</span> <span class='ocrx_word' id='word_1_109' title='bbox 853 1991 986 2052; x_wconf 85' lang='lat' dir='ltr'>nostris</span> <span class='ocrx_word' id='word_1_110' title='bbox 1007 1989 1189 2052; x_wconf 90' lang='lat' dir='ltr'>dederant:</span> <span class='ocrx_word' id='word_1_111' title='bbox 1206 1991 1271 2052; x_wconf 89' lang='lat' dir='ltr'>sub</span> <span class='ocrx_word' id='word_1_112' title='bbox 1290 1989 1494 2051; x_wconf 89' lang='lat' dir='ltr'>annifinem</span> <span class='ocrx_word' id='word_1_113' title='bbox 1516 1987 1574 2050; x_wconf 78' lang='lat'>140</span> 
     </span>
     <span class='ocr_line' id='line_1_16' title="bbox 348 2094 1570 2175; baseline -0.001 -17"><span class='ocrx_word' id='word_1_114' title='bbox 348 2094 512 2172; x_wconf 69' lang='lat' dir='ltr'>florenos</span> <span class='ocrx_word' id='word_1_115' title='bbox 535 2097 648 2174; x_wconf 91' lang='lat' dir='ltr'>idest,</span> <span class='ocrx_word' id='word_1_116' title='bbox 670 2095 820 2159; x_wconf 89' lang='lat' dir='ltr'>duorum</span> <span class='ocrx_word' id='word_1_117' title='bbox 843 2096 1170 2175; x_wconf 90' lang='lat' dir='ltr'>ludimagistrorum</span> <span class='ocrx_word' id='word_1_118' title='bbox 1192 2095 1366 2175; x_wconf 86' lang='lat' dir='ltr'>stipendia</span> <span class='ocrx_word' id='word_1_119' title='bbox 1387 2095 1570 2158; x_wconf 90' lang='lat' dir='ltr'>dederunt.</span> 
     </span>
     <span class='ocr_line' id='line_1_17' title="bbox 348 2201 1573 2282; baseline 0 -18"><span class='ocrx_word' id='word_1_120' title='bbox 348 2201 546 2282; x_wconf 87' lang='lat' dir='ltr'>Cupiebant</span> <span class='ocrx_word' id='word_1_121' title='bbox 574 2203 685 2265; x_wconf 87' lang='lat' dir='ltr'>nostri</span> <span class='ocrx_word' id='word_1_122' title='bbox 714 2221 736 2264; x_wconf 90' lang='lat' dir='ltr'>a</span> <span class='ocrx_word' id='word_1_123' title='bbox 764 2201 909 2266; x_wconf 88' lang='lat' dir='ltr'>Summo</span> <span class='ocrx_word' id='word_1_124' title='bbox 937 2201 1106 2266; x_wconf 88' lang='lat' dir='ltr'>Pontifice</span> <span class='ocrx_word' id='word_1_125' title='bbox 1134 2201 1242 2264; x_wconf 89' lang='lat' dir='ltr'>Paulo</span> <span class='ocrx_word' id='word_1_126' title='bbox 1276 2201 1327 2264; x_wconf 92' lang='lat' dir='ltr'>lV</span> <span class='ocrx_word' id='word_1_127' title='bbox 1355 2201 1488 2282; x_wconf 89' lang='lat' dir='ltr'>aliquid</span> <span class='ocrx_word' id='word_1_128' title='bbox 1512 2201 1573 2264; x_wconf 89' lang='lat' dir='ltr'>im-</span> 
     </span>
     <span class='ocr_line' id='line_1_18' title="bbox 352 2307 1575 2388; baseline 0 -18"><span class='ocrx_word' id='word_1_129' title='bbox 352 2309 498 2388; x_wconf 87' lang='lat' dir='ltr'>petrari,</span> <span class='ocrx_word' id='word_1_130' title='bbox 515 2317 643 2371; x_wconf 86' lang='lat' dir='ltr'>etcum</span> <span class='ocrx_word' id='word_1_131' title='bbox 659 2325 737 2371; x_wconf 89' lang='lat' dir='ltr'>sese</span> <span class='ocrx_word' id='word_1_132' title='bbox 752 2309 894 2372; x_wconf 88' lang='lat' dir='ltr'>occasio</span> <span class='ocrx_word' id='word_1_133' title='bbox 910 2310 1110 2388; x_wconf 89' lang='lat' dir='ltr'>obtulisset,</span> <span class='ocrx_word' id='word_1_134' title='bbox 1126 2309 1206 2388; x_wconf 88' lang='lat' dir='ltr'>agri</span> <span class='ocrx_word' id='word_1_135' title='bbox 1221 2308 1405 2387; x_wconf 87' lang='lat' dir='ltr'>cujusdam</span> <span class='ocrx_word' id='word_1_136' title='bbox 1423 2307 1575 2386; x_wconf 87' lang='lat' dir='ltr'>insignis</span> 
     </span>
     <span class='ocr_line' id='line_1_19' title="bbox 349 2413 1573 2496; baseline 0.001 -21"><span class='ocrx_word' id='word_1_137' title='bbox 349 2413 497 2492; x_wconf 81' lang='lat' dir='ltr'>(Chiusi</span> <span class='ocrx_word' id='word_1_138' title='bbox 509 2415 664 2494; x_wconf 90' lang='lat' dir='ltr'>vocant),</span> <span class='ocrx_word' id='word_1_139' title='bbox 681 2414 780 2495; x_wconf 88' lang='lat' dir='ltr'>cujus</span> <span class='ocrx_word' id='word_1_140' title='bbox 795 2416 912 2479; x_wconf 86' lang='lat' dir='ltr'>media</span> <span class='ocrx_word' id='word_1_141' title='bbox 926 2433 1012 2496; x_wconf 90' lang='lat' dir='ltr'>pars</span> <span class='ocrx_word' id='word_1_142' title='bbox 1026 2416 1063 2478; x_wconf 93' lang='lat' dir='ltr'>in</span> <span class='ocrx_word' id='word_1_143' title='bbox 1077 2433 1180 2478; x_wconf 91' lang='lat' dir='ltr'>usum</span> <span class='ocrx_word' id='word_1_144' title='bbox 1196 2415 1355 2478; x_wconf 89' lang='lat' dir='ltr'>civitatis</span> <span class='ocrx_word' id='word_1_145' title='bbox 1372 2414 1499 2478; x_wconf 89' lang='lat' dir='ltr'>cedere</span> <span class='ocrx_word' id='word_1_146' title='bbox 1519 2432 1573 2477; x_wconf 93' lang='lat' dir='ltr'>so·</span> 
     </span>
     <span class='ocr_line' id='line_1_20' title="bbox 353 2520 1574 2606; baseline 0.001 -24"><span class='ocrx_word' id='word_1_147' title='bbox 353 2521 458 2600; x_wconf 86' lang='lat' dir='ltr'>lebat,</span> <span class='ocrx_word' id='word_1_148' title='bbox 474 2531 509 2585; x_wconf 91' lang='lat' dir='ltr'>et</span> <span class='ocrx_word' id='word_1_149' title='bbox 525 2540 545 2584; x_wconf 90' lang='lat' dir='ltr'>a</span> <span class='ocrx_word' id='word_1_150' title='bbox 560 2520 626 2584; x_wconf 89' lang='grc' dir='ltr'>ΡΡ.</span> <span class='ocrx_word' id='word_1_151' title='bbox 642 2523 734 2606; x_wconf 90' lang='lat' dir='ltr'>Julio</span> <span class='ocrx_word' id='word_1_152' title='bbox 749 2521 794 2586; x_wconf 88' lang='lat' dir='ltr'>lli</span> <span class='ocrx_word' id='word_1_153' title='bbox 808 2521 852 2585; x_wconf 92' lang='lat' dir='ltr'>D.</span> <span class='ocrx_word' id='word_1_154' title='bbox 869 2523 1028 2585; x_wconf 90' lang='lat' dir='ltr'>Ascanio</span> <span class='ocrx_word' id='word_1_155' title='bbox 1043 2522 1182 2585; x_wconf 89' lang='lat' dir='ltr'>Corneo</span> <span class='ocrx_word' id='word_1_156' title='bbox 1199 2522 1207 2552; x_wconf 92' lang='lat'><strong>¹</strong></span> <span class='ocrx_word' id='word_1_157' title='bbox 1223 2520 1339 2584; x_wconf 86' lang='lat' dir='ltr'>fuerat</span> <span class='ocrx_word' id='word_1_158' title='bbox 1353 2521 1498 2600; x_wconf 90' lang='lat' dir='ltr'>donata,</span> <span class='ocrx_word' id='word_1_159' title='bbox 1514 2540 1574 2585; x_wconf 95' lang='lat' dir='ltr'>no·</span> 
     </span>
     <span class='ocr_line' id='line_1_21' title="bbox 350 2627 1575 2710; baseline 0 -20"><span class='ocrx_word' id='word_1_160' title='bbox 350 2627 430 2690; x_wconf 92' lang='lat' dir='ltr'>bilis</span> <span class='ocrx_word' id='word_1_161' title='bbox 444 2629 586 2709; x_wconf 87' lang='lat' dir='ltr'>quidam</span> <span class='ocrx_word' id='word_1_162' title='bbox 601 2629 743 2709; x_wconf 89' lang='lat' dir='ltr'>scripsit</span> <span class='ocrx_word' id='word_1_163' title='bbox 757 2629 934 2710; x_wconf 86' lang='lat' dir='ltr'>Episcopo</span> <span class='ocrx_word' id='word_1_164' title='bbox 948 2629 1123 2709; x_wconf 88' lang='lat' dir='ltr'>Cenedae,</span> <span class='ocrx_word' id='word_1_165' title='bbox 1139 2628 1199 2709; x_wconf 92' lang='lat' dir='ltr'>qui</span> <span class='ocrx_word' id='word_1_166' title='bbox 1218 2627 1364 2692; x_wconf 89' lang='lat' dir='ltr'>Perusio</span> <span class='ocrx_word' id='word_1_167' title='bbox 1383 2637 1575 2691; x_wconf 90' lang='lat' dir='ltr'>revocatus</span> 
     </span>
     <span class='ocr_line' id='line_1_22' title="bbox 352 2734 1574 2810; baseline 0 -12"><span class='ocrx_word' id='word_1_168' title='bbox 352 2745 387 2798; x_wconf 88' lang='lat' dir='ltr'>et</span> <span class='ocrx_word' id='word_1_169' title='bbox 402 2734 608 2801; x_wconf 85' lang='lat' dir='ltr'>Praefectus</span> <span class='ocrx_word' id='word_1_170' title='bbox 623 2737 749 2801; x_wconf 89' lang='lat' dir='ltr'>Palatii</span> <span class='ocrx_word' id='word_1_171' title='bbox 764 2737 937 2801; x_wconf 90' lang='lat' dir='ltr'>Pontificii</span> <span class='ocrx_word' id='word_1_172' title='bbox 952 2738 1067 2800; x_wconf 87' lang='lat' dir='ltr'>factus</span> <span class='ocrx_word' id='word_1_173' title='bbox 1081 2747 1158 2800; x_wconf 89' lang='lat' dir='ltr'>erat</span> <span class='ocrx_word' id='word_1_174' title='bbox 1178 2735 1199 2810; x_wconf 85' lang='lat'>¹,</span> <span class='ocrx_word' id='word_1_175' title='bbox 1224 2755 1267 2801; x_wconf 91' lang='lat' dir='ltr'>ne</span> <span class='ocrx_word' id='word_1_176' title='bbox 1288 2738 1382 2799; x_wconf 88' lang='lat' dir='ltr'>hanc</span> <span class='ocrx_word' id='word_1_177' title='bbox 1403 2736 1574 2799; x_wconf 83' lang='lat' dir='ltr'>fundandi</span> 
     </span>
     <span class='ocr_line' id='line_1_23' title="bbox 350 2842 1574 2925; baseline 0 -20"><span class='ocrx_word' id='word_1_178' title='bbox 350 2842 499 2922; x_wconf 88' lang='lat' dir='ltr'>Collegii</span> <span class='ocrx_word' id='word_1_179' title='bbox 510 2846 793 2908; x_wconf 89' lang='lat' dir='ltr'>commoditatem</span> <span class='ocrx_word' id='word_1_180' title='bbox 807 2844 1115 2925; x_wconf 86' lang='lat' dir='ltr'>praetermitteret.</span> <span class='ocrx_word' id='word_1_181' title='bbox 1131 2844 1203 2906; x_wconf 94' lang='lat' dir='ltr'>Alii</span> <span class='ocrx_word' id='word_1_182' title='bbox 1218 2844 1325 2907; x_wconf 90' lang='lat' dir='ltr'>etiam</span> <span class='ocrx_word' id='word_1_183' title='bbox 1337 2845 1425 2906; x_wconf 87' lang='lat' dir='ltr'>alias</span> <span class='ocrx_word' id='word_1_184' title='bbox 1437 2846 1574 2907; x_wconf 89' lang='lat' dir='ltr'>litteras</span> 
     </span>
     <span class='ocr_line' id='line_1_24' title="bbox 349 2950 1573 3031; baseline 0 -19"><span class='ocrx_word' id='word_1_185' title='bbox 349 2950 579 3030; x_wconf 91' lang='lat' dir='ltr'>scripserunt,</span> <span class='ocrx_word' id='word_1_186' title='bbox 596 2963 630 3013; x_wconf 89' lang='lat' dir='ltr'>et</span> <span class='ocrx_word' id='word_1_187' title='bbox 644 2953 736 3014; x_wconf 89' lang='lat' dir='ltr'>inter</span> <span class='ocrx_word' id='word_1_188' title='bbox 751 2964 912 3015; x_wconf 86' lang='lat' dir='ltr'>caeteros</span> <span class='ocrx_word' id='word_1_189' title='bbox 927 2950 1109 3013; x_wconf 89' lang='lat' dir='ltr'>Cardinali</span> <span class='ocrx_word' id='word_1_190' title='bbox 1123 2952 1296 3031; x_wconf 88' lang='lat' dir='ltr'>Carpensi</span> <span class='ocrx_word' id='word_1_191' title='bbox 1309 2968 1383 3013; x_wconf 90' lang='lat' dir='ltr'>rem</span> <span class='ocrx_word' id='word_1_192' title='bbox 1399 2967 1573 3013; x_wconf 91' lang='lat' dir='ltr'>commen·</span> 
     </span>
     <span class='ocr_line' id='line_1_25' title="bbox 350 3057 1574 3138; baseline -0.001 -18"><span class='ocrx_word' id='word_1_193' title='bbox 350 3057 491 3137; x_wconf 85' lang='lat' dir='ltr'>darunt;</span> <span class='ocrx_word' id='word_1_194' title='bbox 508 3060 570 3121; x_wconf 89' lang='lat' dir='ltr'>sed</span> <span class='ocrx_word' id='word_1_195' title='bbox 585 3057 745 3121; x_wconf 88' lang='lat' dir='ltr'>effectum</span> <span class='ocrx_word' id='word_1_196' title='bbox 762 3076 819 3121; x_wconf 91' lang='lat' dir='ltr'>res</span> <span class='ocrx_word' id='word_1_197' title='bbox 833 3076 905 3121; x_wconf 93' lang='lat' dir='ltr'>non</span> <span class='ocrx_word' id='word_1_198' title='bbox 924 3059 1063 3136; x_wconf 90' lang='lat' dir='ltr'>habuit,</span> <span class='ocrx_word' id='word_1_199' title='bbox 1080 3069 1115 3121; x_wconf 88' lang='lat' dir='ltr'>et</span> <span class='ocrx_word' id='word_1_200' title='bbox 1133 3059 1233 3122; x_wconf 90' lang='lat' dir='ltr'>licuit</span> <span class='ocrx_word' id='word_1_201' title='bbox 1252 3068 1498 3138; x_wconf 85' lang='lat' dir='ltr'>paupertatem</span> <span class='ocrx_word' id='word_1_202' title='bbox 1517 3074 1574 3137; x_wconf 90' lang='lat' dir='ltr'>pe·</span> 
     </span>
     <span class='ocr_line' id='line_1_26' title="bbox 352 3165 1393 3245; baseline 0 -17"><span class='ocrx_word' id='word_1_203' title='bbox 352 3166 451 3229; x_wconf 91' lang='lat' dir='ltr'>rinde</span> <span class='ocrx_word' id='word_1_204' title='bbox 466 3177 571 3245; x_wconf 90' lang='lat' dir='ltr'>atque</span> <span class='ocrx_word' id='word_1_205' title='bbox 586 3166 688 3228; x_wconf 90' lang='lat' dir='ltr'>annis</span> <span class='ocrx_word' id='word_1_206' title='bbox 705 3165 915 3245; x_wconf 63' lang='lat' dir='ltr'>praeteritis</span> <span class='ocrx_word' id='word_1_207' title='bbox 933 3168 1016 3229; x_wconf 87' lang='lat' dir='ltr'>loco.</span> <span class='ocrx_word' id='word_1_208' title='bbox 1027 3166 1203 3229; x_wconf 89' lang='lat' dir='ltr'>redituum</span> <span class='ocrx_word' id='word_1_209' title='bbox 1217 3165 1393 3245; x_wconf 85' lang='lat' dir='ltr'>amplecti.</span> 
     </span>
    </p>

    <p class='ocr_par' dir='ltr' id='par_1_4' title="bbox 351 3271 1578 4209">
     <span class='ocr_line' id='line_1_27' title="bbox 416 3271 1575 3352; baseline 0 -18"><span class='ocrx_word' id='word_1_210' title='bbox 416 3273 481 3335; x_wconf 83' lang='lat'>159.</span> <span class='ocrx_word' id='word_1_211' title='bbox 526 3272 742 3352; x_wconf 72' lang='lat' dir='ltr'>suggestum</span> <span class='ocrx_word' id='word_1_212' title='bbox 761 3283 878 3336; x_wconf 90' lang='lat' dir='ltr'>autem</span> <span class='ocrx_word' id='word_1_213' title='bbox 894 3272 962 3335; x_wconf 91' lang='lat' dir='ltr'>illis</span> <span class='ocrx_word' id='word_1_214' title='bbox 976 3271 1042 3335; x_wconf 85' lang='lat' dir='ltr'>luit</span> <span class='ocrx_word' id='word_1_215' title='bbox 1065 3284 1103 3335; x_wconf 93' lang='lat' dir='ltr'>ut</span> <span class='ocrx_word' id='word_1_216' title='bbox 1121 3290 1192 3352; x_wconf 93' lang='lat' dir='ltr'>quo</span> <span class='ocrx_word' id='word_1_217' title='bbox 1214 3285 1372 3352; x_wconf 89' lang='lat' dir='ltr'>tempore</span> <span class='ocrx_word' id='word_1_218' title='bbox 1394 3272 1520 3335; x_wconf 88' lang='lat' dir='ltr'>messis</span> <span class='ocrx_word' id='word_1_219' title='bbox 1540 3280 1575 3334; x_wconf 90' lang='lat' dir='ltr'>et</span> 
     </span>
     <span class='ocr_line' id='line_1_28' title="bbox 352 3378 1576 3459; baseline 0 -18"><span class='ocrx_word' id='word_1_220' title='bbox 352 3381 530 3445; x_wconf 88' lang='lat' dir='ltr'>vindemia</span> <span class='ocrx_word' id='word_1_221' title='bbox 543 3392 576 3442; x_wconf 89' lang='lat' dir='ltr'>et</span> <span class='ocrx_word' id='word_1_222' title='bbox 588 3382 702 3443; x_wconf 89' lang='lat' dir='ltr'>oleum</span> <span class='ocrx_word' id='word_1_223' title='bbox 715 3380 941 3459; x_wconf 84' lang='lat' dir='ltr'>colliguntur,</span> <span class='ocrx_word' id='word_1_224' title='bbox 956 3379 1056 3459; x_wconf 85' lang='lat' dir='ltr'>jussu</span> <span class='ocrx_word' id='word_1_225' title='bbox 1070 3378 1220 3454; x_wconf 89' lang='lat' dir='ltr'>Vicarii,</span> <span class='ocrx_word' id='word_1_226' title='bbox 1238 3380 1345 3459; x_wconf 88' lang='lat' dir='ltr'>aliqui</span> <span class='ocrx_word' id='word_1_227' title='bbox 1361 3381 1441 3441; x_wconf 91' lang='lat' dir='ltr'>boni</span> <span class='ocrx_word' id='word_1_228' title='bbox 1455 3378 1525 3442; x_wconf 90' lang='lat' dir='ltr'>viri</span> <span class='ocrx_word' id='word_1_229' title='bbox 1539 3378 1576 3441; x_wconf 90' lang='lat' dir='ltr'>in</span> 
     </span>
     <span class='ocr_line' id='line_1_29' title="bbox 352 3486 1576 3568; baseline -0.003 -17"><span class='ocrx_word' id='word_1_230' title='bbox 352 3506 455 3552; x_wconf 90' lang='lat' dir='ltr'>usum</span> <span class='ocrx_word' id='word_1_231' title='bbox 471 3489 617 3568; x_wconf 88' lang='lat' dir='ltr'>Collegii</span> <span class='ocrx_word' id='word_1_232' title='bbox 633 3491 878 3567; x_wconf 87' lang='lat' dir='ltr'>eleemosynas</span> <span class='ocrx_word' id='word_1_233' title='bbox 894 3489 1112 3567; x_wconf 86' lang='lat' dir='ltr'>colligerent.</span> <span class='ocrx_word' id='word_1_234' title='bbox 1129 3486 1252 3551; x_wconf 88' lang='lat' dir='ltr'>Novus</span> <span class='ocrx_word' id='word_1_235' title='bbox 1267 3489 1374 3549; x_wconf 90' lang='lat' dir='ltr'>etiam</span> <span class='ocrx_word' id='word_1_236' title='bbox 1394 3486 1576 3549; x_wconf 83' lang='lat' dir='ltr'>Guberna-</span> 
     </span>
     <span class='ocr_line' id='line_1_30' title="bbox 353 3594 1577 3675; baseline -0.002 -18"><span class='ocrx_word' id='word_1_237' title='bbox 353 3608 409 3659; x_wconf 91' lang='lat' dir='ltr'>tor</span> <span class='ocrx_word' id='word_1_238' title='bbox 424 3594 435 3625; x_wconf 80' lang='lat'><strong>³</strong></span> <span class='ocrx_word' id='word_1_239' title='bbox 451 3597 605 3659; x_wconf 90' lang='lat' dir='ltr'>animum</span> <span class='ocrx_word' id='word_1_240' title='bbox 622 3594 790 3675; x_wconf 86' lang='lat' dir='ltr'>adjiciens</span> <span class='ocrx_word' id='word_1_241' title='bbox 810 3596 855 3658; x_wconf 91' lang='lat' dir='ltr'>ad</span> <span class='ocrx_word' id='word_1_242' title='bbox 871 3595 1068 3673; x_wconf 81' lang='lat' dir='ltr'>Collegium</span> <span class='ocrx_word' id='word_1_243' title='bbox 1088 3595 1356 3672; x_wconf 87' lang='lat' dir='ltr'>sublevandum,</span> <span class='ocrx_word' id='word_1_244' title='bbox 1372 3596 1577 3672; x_wconf 85' lang='lat' dir='ltr'>catalogum</span> 
     </span>
     <span class='ocr_line' id='line_1_31' title="bbox 354 3702 1575 3784; baseline -0.002 -19"><span class='ocrx_word' id='word_1_245' title='bbox 354 3702 421 3765; x_wconf 90' lang='lat' dir='ltr'>sibi</span> <span class='ocrx_word' id='word_1_246' title='bbox 436 3703 513 3767; x_wconf 91' lang='lat' dir='ltr'>dari</span> <span class='ocrx_word' id='word_1_247' title='bbox 530 3704 721 3784; x_wconf 89' lang='lat' dir='ltr'>postulavit</span> <span class='ocrx_word' id='word_1_248' title='bbox 736 3704 874 3782; x_wconf 91' lang='lat' dir='ltr'>piorum</span> <span class='ocrx_word' id='word_1_249' title='bbox 895 3704 1053 3765; x_wconf 92' lang='lat' dir='ltr'>locorum</span> <span class='ocrx_word' id='word_1_250' title='bbox 1073 3714 1108 3764; x_wconf 90' lang='lat' dir='ltr'>et</span> <span class='ocrx_word' id='word_1_251' title='bbox 1129 3719 1262 3776; x_wconf 92' lang='lat' dir='ltr'>eorum,</span> <span class='ocrx_word' id='word_1_252' title='bbox 1284 3720 1305 3763; x_wconf 91' lang='lat' dir='ltr'>a</span> <span class='ocrx_word' id='word_1_253' title='bbox 1329 3702 1455 3780; x_wconf 89' lang='lat' dir='ltr'>quibus</span> <span class='ocrx_word' id='word_1_254' title='bbox 1473 3717 1575 3780; x_wconf 89' lang='lat' dir='ltr'>pecu·</span> 
     </span>
     <span class='ocr_line' id='line_1_32' title="bbox 352 3808 1577 3891; baseline -0.002 -20"><span class='ocrx_word' id='word_1_255' title='bbox 352 3810 411 3873; x_wconf 91' lang='lat' dir='ltr'>nia</span> <span class='ocrx_word' id='word_1_256' title='bbox 425 3811 539 3891; x_wconf 89' lang='lat' dir='ltr'>accipi</span> <span class='ocrx_word' id='word_1_257' title='bbox 552 3821 683 3891; x_wconf 82' lang='lat' dir='ltr'>posset3</span> <span class='ocrx_word' id='word_1_258' title='bbox 693 3819 727 3872; x_wconf 89' lang='lat' dir='ltr'>et</span> <span class='ocrx_word' id='word_1_259' title='bbox 739 3828 784 3871; x_wconf 90' lang='lat' dir='ltr'>ex</span> <span class='ocrx_word' id='word_1_260' title='bbox 797 3810 1066 3889; x_wconf 87' lang='lat' dir='ltr'>quadringentis</span> <span class='ocrx_word' id='word_1_261' title='bbox 1078 3828 1121 3871; x_wconf 93' lang='lat' dir='ltr'>ac</span> <span class='ocrx_word' id='word_1_262' title='bbox 1132 3808 1310 3871; x_wconf 85' lang='lat' dir='ltr'>sexcentis</span> <span class='ocrx_word' id='word_1_263' title='bbox 1321 3808 1474 3885; x_wconf 66' lang='lat' dir='ltr'>florenis</span> <span class='ocrx_word' id='word_1_264' title='bbox 1487 3823 1577 3887; x_wconf 89' lang='lat' dir='ltr'>quos</span> 
     </span>
     <span class='ocr_line' id='line_1_33' title="bbox 353 3915 1577 3997; baseline -0.002 -18"><span class='ocrx_word' id='word_1_265' title='bbox 353 3918 460 3981; x_wconf 76' lang='lat' dir='ltr'>riscus</span> <span class='ocrx_word' id='word_1_266' title='bbox 474 3918 691 3997; x_wconf 88' lang='lat' dir='ltr'>apostolicus</span> <span class='ocrx_word' id='word_1_267' title='bbox 706 3917 898 3997; x_wconf 89' lang='lat' dir='ltr'>praebebat</span> <span class='ocrx_word' id='word_1_268' title='bbox 913 3917 959 3979; x_wconf 94' lang='lat' dir='ltr'>ad</span> <span class='ocrx_word' id='word_1_269' title='bbox 974 3916 1301 3995; x_wconf 85' lang='lat' dir='ltr'>ludimagistrorum</span> <span class='ocrx_word' id='word_1_270' title='bbox 1316 3915 1459 3992; x_wconf 86' lang='lat' dir='ltr'>salaria,</span> <span class='ocrx_word' id='word_1_271' title='bbox 1473 3924 1511 3977; x_wconf 92' lang='lat' dir='ltr'>ut</span> <span class='ocrx_word' id='word_1_272' title='bbox 1521 3930 1577 3976; x_wconf 89' lang='lat' dir='ltr'>su·</span> 
     </span>
     <span class='ocr_line' id='line_1_34' title="bbox 353 4022 1578 4104; baseline -0.004 -17"><span class='ocrx_word' id='word_1_273' title='bbox 353 4026 472 4104; x_wconf 83' lang='lat' dir='ltr'>perias</span> <span class='ocrx_word' id='word_1_274' title='bbox 484 4025 675 4103; x_wconf 69' lang='lat' dir='ltr'>tetigimus</span> <span class='ocrx_word' id='word_1_275' title='bbox 689 4024 831 4085; x_wconf 88' lang='lat' dir='ltr'>ducenti</span> <span class='ocrx_word' id='word_1_276' title='bbox 843 4023 965 4086; x_wconf 89' lang='lat' dir='ltr'>floreni</span> <span class='ocrx_word' id='word_1_277' title='bbox 978 4024 1206 4102; x_wconf 87' lang='lat' dir='ltr'>inposterum</span> <span class='ocrx_word' id='word_1_278' title='bbox 1218 4022 1349 4085; x_wconf 89' lang='lat' dir='ltr'>nostris</span> <span class='ocrx_word' id='word_1_279' title='bbox 1356 4022 1483 4084; x_wconf 92' lang='lat' dir='ltr'>donari</span> <span class='ocrx_word' id='word_1_280' title='bbox 1494 4037 1578 4083; x_wconf 88' lang='lat' dir='ltr'>con·</span> 
     </span>
     <span class='ocr_line' id='line_1_35' title="bbox 351 4127 1577 4209; baseline -0.003 -16"><span class='ocrx_word' id='word_1_281' title='bbox 351 4132 559 4194; x_wconf 77' lang='lat' dir='ltr'>fraternitas</span> <span class='ocrx_word' id='word_1_282' title='bbox 572 4129 644 4209; x_wconf 89' lang='lat' dir='ltr'>jam</span> <span class='ocrx_word' id='word_1_283' title='bbox 661 4131 754 4193; x_wconf 89' lang='lat' dir='ltr'>dicta</span> <span class='ocrx_word' id='word_1_284' title='bbox 771 4130 941 4193; x_wconf 86' lang='lat' dir='ltr'>decrevit.</span> <span class='ocrx_word' id='word_1_285' title='bbox 957 4129 1071 4193; x_wconf 90' lang='lat' dir='ltr'>Erant</span> <span class='ocrx_word' id='word_1_286' title='bbox 1081 4130 1189 4208; x_wconf 88' lang='lat' dir='ltr'>aliqui</span> <span class='ocrx_word' id='word_1_287' title='bbox 1201 4130 1293 4191; x_wconf 87' lang='lat' dir='ltr'>inter</span> <span class='ocrx_word' id='word_1_288' title='bbox 1304 4146 1376 4206; x_wconf 75' lang='lat' dir='ltr'>e08,</span> <span class='ocrx_word' id='word_1_289' title='bbox 1389 4129 1450 4208; x_wconf 88' lang='lat' dir='ltr'>qui</span> <span class='ocrx_word' id='word_1_290' title='bbox 1461 4127 1577 4190; x_wconf 89' lang='lat' dir='ltr'>nullos</span> 
     </span>
    </p>
   </div>
   <div class='ocr_carea' id='block_1_3' title="bbox 367 4336 559 4349">
    <p class='ocr_par' dir='ltr' id='par_1_5' title="bbox 367 4336 559 4349">
     <span class='ocr_line' id='line_1_36' title="bbox 367 4336 559 4349; baseline -0.036 0"><span class='ocrx_word' id='word_1_291' title='bbox 367 4338 522 4349; x_wconf 55' lang='lat' dir='ltr'>-u———n</span> <span class='ocrx_word' id='word_1_292' title='bbox 533 4336 559 4343; x_wconf 74' lang='lat'>..-</span> 
     </span>
    </p>
   </div>
   <div class='ocr_carea' id='block_1_4' title="bbox 348 4478 1580 4751">
    <p class='ocr_par' dir='ltr' id='par_1_6' title="bbox 348 4478 1580 4605">
     <span class='ocr_line' id='line_1_37' title="bbox 391 4478 1580 4539; baseline -0.004 -13"><span class='ocrx_word' id='word_1_293' title='bbox 391 4481 399 4513; x_wconf 84' lang='lat'>¹</span> <span class='ocrx_word' id='word_1_294' title='bbox 433 4482 562 4525; x_wconf 81' lang='lat' dir='ltr'>Ascanius</span> <span class='ocrx_word' id='word_1_295' title='bbox 574 4480 642 4523; x_wconf 86' lang='lat' dir='ltr'>della</span> <span class='ocrx_word' id='word_1_296' title='bbox 653 4478 671 4521; x_wconf 89' lang='lat' dir='ltr'>C</span> <span class='ocrx_word' id='word_1_297' title='bbox 675 4491 760 4532; x_wconf 76' lang='lat' dir='ltr'>orgnn.</span> <span class='ocrx_word' id='word_1_298' title='bbox 775 4479 855 4523; x_wconf 81' lang='lat' dir='ltr'>Notus</span> <span class='ocrx_word' id='word_1_299' title='bbox 867 4480 887 4522; x_wconf 74' lang='lat' dir='ltr'>is</span> <span class='ocrx_word' id='word_1_300' title='bbox 898 4487 938 4522; x_wconf 83' lang='lat' dir='ltr'>cst</span> <span class='ocrx_word' id='word_1_301' title='bbox 949 4480 981 4522; x_wconf 84' lang='lat' dir='ltr'>ils</span> <span class='ocrx_word' id='word_1_302' title='bbox 990 4481 1032 4534; x_wconf 85' lang='lat' dir='ltr'>qul</span> <span class='ocrx_word' id='word_1_303' title='bbox 1045 4481 1113 4523; x_wconf 84' lang='lat' dir='ltr'>bella</span> <span class='ocrx_word' id='word_1_304' title='bbox 1124 4490 1170 4533; x_wconf 88' lang='lat' dir='ltr'>per</span> <span class='ocrx_word' id='word_1_305' title='bbox 1181 4480 1320 4533; x_wconf 81' lang='lat' dir='ltr'>Europam,</span> <span class='ocrx_word' id='word_1_306' title='bbox 1331 4479 1443 4523; x_wconf 81' lang='lat' dir='ltr'>maxime</span> <span class='ocrx_word' id='word_1_307' title='bbox 1453 4479 1480 4521; x_wconf 83' lang='lat' dir='ltr'>in</span> <span class='ocrx_word' id='word_1_308' title='bbox 1495 4478 1580 4539; x_wconf 76' lang='lat' dir='ltr'>italia,</span> 
     </span>
     <span class='ocr_line' id='line_1_38' title="bbox 348 4557 745 4605; baseline -0.018 -5"><span class='ocrx_word' id='word_1_309' title='bbox 348 4557 457 4600; x_wconf 77' lang='lat' dir='ltr'>saeculo</span> <span class='ocrx_word' id='word_1_310' title='bbox 467 4566 511 4597; x_wconf 78' lang='lat' dir='ltr'>xri</span> <span class='ocrx_word' id='word_1_311' title='bbox 523 4560 598 4605; x_wconf 75' lang='lat' dir='ltr'>gesta</span> <span class='ocrx_word' id='word_1_312' title='bbox 609 4562 745 4595; x_wconf 82' lang='lat' dir='ltr'>noverunt.</span> 
     </span>
    </p>

    <p class='ocr_par' dir='ltr' id='par_1_7' title="bbox 390 4624 918 4679">
     <span class='ocr_line' id='line_1_39' title="bbox 390 4624 918 4679; baseline -0.009 -9"><span class='ocrx_word' id='word_1_313' title='bbox 390 4628 402 4659; x_wconf 86' lang='lat'><strong>¹</strong></span> <span class='ocrx_word' id='word_1_314' title='bbox 429 4626 496 4670; x_wconf 83' lang='lat' dir='ltr'>Vide</span> <span class='ocrx_word' id='word_1_315' title='bbox 507 4636 594 4679; x_wconf 79' lang='lat' dir='ltr'>supra,</span> <span class='ocrx_word' id='word_1_316' title='bbox 606 4636 665 4678; x_wconf 79' lang='lat' dir='ltr'>pag.</span> <span class='ocrx_word' id='word_1_317' title='bbox 676 4624 710 4675; x_wconf 72' lang='grc'>43,</span> <span class='ocrx_word' id='word_1_318' title='bbox 723 4636 746 4666; x_wconf 90' lang='lat' dir='ltr'>n.</span> <span class='ocrx_word' id='word_1_319' title='bbox 756 4624 789 4669; x_wconf 81' lang='grc'>82.</span> <span class='ocrx_word' id='word_1_320' title='bbox 800 4630 886 4665; x_wconf 84' lang='lat' dir='ltr'>annot.</span> <span class='ocrx_word' id='word_1_321' title='bbox 897 4624 918 4665; x_wconf 79' lang='lat'>⁶.</span> 
     </span>
    </p>

    <p class='ocr_par' dir='ltr' id='par_1_8' title="bbox 390 4696 799 4751">
     <span class='ocr_line' id='line_1_40' title="bbox 390 4696 799 4751; baseline -0.017 -8"><span class='ocrx_word' id='word_1_322' title='bbox 390 4700 401 4730; x_wconf 84' lang='lat'>⁸</span> <span class='ocrx_word' id='word_1_323' title='bbox 431 4699 495 4742; x_wconf 85' lang='lat' dir='ltr'>Vlde</span> <span class='ocrx_word' id='word_1_324' title='bbox 507 4708 594 4751; x_wconf 72' lang='lat' dir='ltr'>supra,</span> <span class='ocrx_word' id='word_1_325' title='bbox 605 4696 732 4751; x_wconf 65' lang='lat' dir='ltr'>pagoan</span> <span class='ocrx_word' id='word_1_326' title='bbox 755 4696 799 4737; x_wconf 67' lang='lat'>152.</span> 
     </span>
    </p>
   </div>
   <div class='ocr_carea' id='block_1_5' title="bbox 0 0 1873 5400">
    <p class='ocr_par' dir='ltr' id='par_1_9' title="bbox 0 0 1873 5400">
     <span class='ocr_line' id='line_1_41' title="bbox 0 0 1873 5400; baseline 0 0"><span class='ocrx_word' id='word_1_327' title='bbox 0 0 1873 5400; x_wconf 95' lang='lat' dir='ltr'> </span> 
     </span>
    </p>
   </div>
  </div>
 </body>
</html>
