3717 5400
345 496 401 556 298
802 499 929 558 Cuaou.
951 498 1028 558 Soc.
1047 499 1118 572 Jus.

399 639 472 706 811.
514 641 596 708 Duo
609 645 779 708 nobilium
790 663 833 709 ac
847 645 1098 726 primariorum
1108 644 1182 723 lilii,
1195 645 1232 708 in
1241 645 1323 708 aula
1334 643 1571 718 Bruxellensi,

340 747 556 814 Societatem
571 751 709 831 ingredi
724 751 925 833 cupiebant,
941 769 1032 832 quos
1045 752 1083 815 in
1096 759 1335 832 opportunum
1354 759 1494 829 tempus
1510 749 1573 811 ad·

343 855 532 921 mittendos
553 858 696 922 distulit.
721 859 873 938 Quidam
895 860 987 923 alius
1007 858 1178 923 sacerdos
1198 857 1371 934 eruditus,
1391 873 1472 920 cum
1496 855 1569 917 alio

341 963 472 1044 juvenc
485 965 666 1042 leodiensi,
682 967 751 1029 hoc
766 966 880 1046 ipsum
898 966 1126 1047 expetebant;
1142 965 1206 1029 sed
1224 982 1297 1028 non
1315 963 1433 1040 facile,
1456 962 1502 1025 ob
1517 963 1571 1025 rei

341 1069 528 1135 familiaris
542 1073 738 1151 angustias,
755 1089 969 1154 quemquam
984 1071 1230 1136 admittebant.

397 1177 469 1242 812.
512 1179 614 1245 Duos
629 1181 685 1243 vel
700 1191 774 1244 tres
793 1181 882 1244 alios
902 1179 950 1243 ad
964 1180 1174 1260 religionem
1195 1179 1505 1244 franciscanorum
1519 1176 1569 1240 di·

337 1296 517 1364 rexerunt,
534 1305 625 1368 quae
640 1305 698 1350 res
712 1287 966 1352 monasterium
980 1287 1067 1351 illud
1081 1287 1289 1350 lovaniense
1307 1285 1413 1349 valde
1433 1286 1566 1348 nostris

338 1393 564 1474 conciliabat;
580 1405 614 1458 et
630 1413 711 1459 cum
726 1395 884 1458 habitum
899 1395 955 1458 sui
969 1395 1105 1459 ordinis
1119 1395 1181 1457 uni
1201 1410 1248 1457 ex
1269 1393 1327 1456 his
1340 1391 1569 1457 Guardiauus

339 1499 489 1564 daturus
511 1511 616 1579 esset,
643 1501 814 1565 invitatus
837 1501 903 1565 luit
928 1500 974 1565 ad
997 1501 1188 1582 prandium
1212 1500 1250 1563 P.
1277 1499 1470 1575 Adrianus,
1497 1516 1568 1579 quo

340 1605 454 1686 linito,
481 1617 564 1670 ante
592 1609 791 1688 gratiarum
822 1609 1017 1686 actionem,
1048 1607 1188 1688 publice
1217 1609 1276 1670 ille
1301 1604 1566 1670 commendavit

336 1723 479 1777 nostros
491 1715 648 1778 omnium
661 1715 811 1778 fratrum
822 1731 968 1778 suorum
979 1715 1211 1791 orationibus,
1224 1713 1359 1776 addens
1370 1712 1466 1793 quod
1476 1712 1569 1792 ipso·

337 1837 415 1882 rum
428 1822 574 1885 consilio
589 1821 745 1885 novitius
759 1823 817 1885 ille
831 1819 1044 1885 Societatem
1059 1830 1154 1885 esset
1168 1821 1362 1900 ingressus.
1376 1818 1448 1882 Alii
1456 1821 1565 1882 etiam

335 1927 494 2006 religiosi
509 1927 658 1991 Lovanli
679 1937 821 1992 nostros
840 1927 1046 2008 diligebant,
1070 1928 1235 2009 quamvis
1255 1927 1339 1990 alibi
1363 1927 1566 2005 tragoedias

336 2033 681 2099 contraSocietatem
690 2034 966 2098 mendicantium
974 2033 1305 2113 ordinumreligiosi
1314 2032 1565 2110 concitarent¹;

336 2151 371 2204 et
386 2141 530 2204 omnino
545 2158 679 2220 paucos
693 2139 986 2220 contradictores,
1001 2142 1063 2221 qui
1077 2139 1228 2220 aliqu'us
1242 2150 1360 2204 essent
1376 2140 1567 2202 auctorita·

336 2247 393 2326 tis,
403 2249 592 2326 habebant;
601 2247 758 2312 lautores
766 2257 885 2312 tamen
894 2248 1025 2326 plures;
1035 2257 1070 2310 et
1083 2248 1114 2309 si
1124 2247 1325 2327 principum
1336 2247 1438 2310 lavor
1448 2262 1568 2310 acces·

333 2353 450 2432 sisset,
466 2357 567 2418 multi
581 2371 684 2418 suum
699 2353 852 2418 studium
867 2354 914 2418 ad
927 2353 1143 2418 Societatem
1158 2353 1439 2434 promovendam
1451 2363 1569 2415 osten·

334 2463 411 2524 suri
424 2461 646 2539 videbantur,
663 2463 722 2540 qui
741 2461 855 2525 donec
880 2461 1036 2524 admissa
1061 2469 1156 2524 esset
1181 2459 1345 2523 Societas
1363 2459 1566 2540 principum

333 2567 545 2632 auctoritate
573 2568 609 2632 in
637 2569 705 2632 illis
730 2568 920 2631 ditionibus
951 2567 1086 2647 Belgii,
1121 2568 1231 2631 animi
1259 2567 1314 2630 sui
1342 2567 1564 2631 voluntatem

332 2689 406 2737 uon
421 2674 637 2755 aperiebant.
654 2675 805 2739 Lovanli
819 2685 940 2739 tamen
958 2674 1035 2739 sine
1050 2675 1120 2737 ulla
1142 2673 1424 2738 contradictione
1447 2671 1566 2737 Socie-

333 2782 419 2843 tatis
433 2792 576 2846 nostrae
589 2799 699 2862 opera
714 2782 998 2863 excipiebantur,
1015 2790 1050 2845 et
1065 2781 1209 2863 plurimi
1227 2780 1417 2845 confitendi
1431 2789 1467 2843 et
1480 2797 1564 2845 con·

334 2887 489 2951 saltandi
503 2889 631 2968 gratia,
648 2889 756 2952 etiam
769 2889 952 2967 doctores,
967 2889 1147 2953 licenciati
1164 2898 1201 2951 et
1221 2888 1395 2967 magistri,
1417 2898 1559 2951 nostros

334 2994 605 3059 conveniebant.
1280 2996 1284 3003 “

393 3099 464 3165 813.
507 3100 546 3165 ln
560 3102 714 3183 quodam
727 3113 845 3167 tamen
861 3103 1002 3183 oppido,
1023 3104 1165 3166 nomine
1186 3100 1288 3165 Diest
1308 3111 1332 3179 ¹,
1355 3100 1561 3181 tragoediae

336 3208 514 3271 maximae
528 3217 674 3273 exortae
688 3209 829 3273 luerunt
843 3210 879 3273 in
894 3209 1049 3290 quodam
1062 3210 1279 3273 monasterio
1293 3208 1511 3286 monialium,
1527 3218 1563 3269 et

337 3330 399 3393 per
414 3323 524 3378 totam
540 3333 618 3379 eam
632 3317 855 3396 provinciam
871 3318 1039 3395 evulgata
1056 3318 1165 3379 multa
1181 3317 1338 3391 fuerunt,
1360 3326 1395 3377 et
1410 3315 1479 3378 viri
1492 3316 1562 3394 pri·

337 3422 442 3485 marii
465 3423 689 3486 lovanienses
714 3440 757 3485 eo
783 3422 934 3503 proiecti
958 3435 1050 3487 sunt.
1079 3423 1218 3501 Vulgus
1243 3433 1373 3498 autem,
1400 3422 1507 3485 immo
1528 3430 1563 3483 ct

336 3528 445 3608 aliqui
459 3545 593 3608 eorum,
610 3530 669 3609 qui
684 3546 810 3610 sapere
824 3531 892 3593 sibi
904 3530 1127 3607 videbantur,
1140 3540 1285 3593 nostrae
1297 3526 1469 3591 Societati
1480 3528 1566 3592 illud

335 3633 602 3715 adscribebant,
623 3653 703 3699 cum
726 3645 844 3699 tamen
866 3636 908 3699 de
932 3634 1109 3700 Societate
1131 3646 1253 3699 nostra
1276 3637 1394 3698 nullus
1415 3651 1562 3715 prorsus

336 3740 385 3803 ibi
399 3740 539 3822 luisset,
556 3743 618 3807 sed
637 3744 719 3823 quia
742 3760 864 3806 omnes
886 3743 1091 3807 sacerdotes
1113 3745 1328 3822 saeculares,
1350 3744 1411 3823 qui
1427 3741 1562 3822 aliquid

336 3846 478 3927 pietatis
492 3865 577 3928 prae
592 3868 630 3913 se
656 3849 798 3928 ferrent,
819 3849 986 3931 Jesm'tas
1006 3850 1183 3913 vocabant
1207 3848 1230 3928 ³,
1253 3867 1344 3930 quae
1365 3850 1413 3912 ibi
1427 3849 1565 3912 accide-

333 3963 416 4017 rant
427 3956 532 4027 mala,
545 3957 688 4036 nostris,
702 3974 790 4037 quos
802 3966 836 4019 et
847 3956 1002 4039 Jesuitas
1013 3956 1081 4035 ipsi
1093 3958 1281 4033 vocabant,
1296 3956 1561 4032 adscribebant;

332 4062 498 4140 quamvis
513 4081 554 4126 ea
574 4064 854 4143 monasteriam
873 4065 999 4144 quibus
1013 4064 1125 4127 nostri
1147 4065 1337 4145 aliquando
1356 4064 1558 4127 concionati

338 4244 550 4257 ι-ιι-ιι--ι-...κ-

375 4374 383 4405 l
413 4372 480 4418 Vide
491 4385 577 4429 supra,
589 4382 608 4419 t.
618 4386 654 4427 ru,
666 4386 725 4430 pag.
735 4374 784 4429 286,
795 4388 819 4421 n.
829 4377 878 4430 tlt,
889 4386 914 4421 et
928 4388 986 4432 pag.
996 4378 1045 4429 alt.
1056 4390 1080 4421 n.
1091 4378 1139 4422 ⁶72.

372 4448 383 4479 ¹
412 4444 510 4500 Dlesta,
523 4446 607 4501 Diesl,
619 4448 738 4501 oppidum
750 4447 832 4501 Belgil
844 4448 868 4491 ln
880 4448 1032 4500 Brabantia,
1043 4450 1076 4493 ad
1087 4450 1194 4495 fluvium
1209 4450 1355 4503 Demeram,
1367 4451 1393 4494 in
1403 4449 1512 4495 confinio
1528 4449 1564 4492 dl·

334 4518 412 4563 tlouls
422 4518 578 4571 Leodlensls,
589 4519 603 4562 4
613 4520 692 4563 leucls
703 4532 719 4564 a
730 4520 845 4563 Lovanlo
855 4520 881 4564 ln
890 4529 976 4565 ortum
984 4522 1089 4565 distans.
1097 4521 1224 4572 Fanum.
1233 4524 1249 4566 l.
1258 4523 1376 4566 c.-Aliis
1385 4521 1464 4566 latine
1473 4527 1513 4565 est
1523 4520 1567 4564 Dl-

332 4590 471 4634 stbemlum
487 4598 513 4634 et
528 4589 723 4635 Dieatbemlum.
734 4591 841 4635 Culdum
858 4593 892 4636 ibi
904 4592 1043 4646 begiuaglo
1060 4594 1173 4646 praefuit
1187 4594 1275 4637 multis
1285 4594 1359 4637 anuis
1374 4592 1496 4637 Nicolaus
1512 4603 1564 4635 van

333 4662 418 4705 Esche
432 4662 571 4713 (Baebius).
585 4662 651 4707 Vlde
663 4662 875 4711 Baauasaurssr.
884 4666 901 4707 l.
913 4676 942 4717 c..
954 4674 1015 4717 pag.
1026 4664 1060 4717 17,
1070 4675 1158 4708 aanor.
1168 4666 1190 4719 7,
1199 4673 1226 4709 et
1236 4676 1297 4719 pag.
1309 4666 1355 4716 139.
1364 4670 1453 4708 annot.
1463 4666 1484 4707 l.

375 4732 387 4765 ⁸
415 4734 480 4779 Vlde
490 4745 576 4789 supra,
588 4742 606 4778 t.
619 4746 655 4785 ur,
665 4746 726 4789 pag.
737 4736 784 4786 aab.
795 4747 818 4779 n.
827 4736 876 4779 627.
