3717 5400
723 1424 786 1505 DE
803 1421 957 1505 Ritus
976 1420 1310 1519 Japonensibus

413 2107 417 2114 .
462 2051 553 2118 2029.
580 2050 676 2133 ,μω
690 2046 802 2110 tribus
817 2047 875 2108 vel
888 2055 1040 2126 quatuor
1055 2046 1158 2109 annis
1178 2045 1265 2108 nihil
1280 2064 1324 2108 ex
1338 2044 1437 2108 India
1453 2045 1567 2110 nostri
1579 2041 1632 2123 ja·

405 2175 580 2241 ponenses
600 2157 657 2219 vel
678 2152 826 2218 subsidii
846 2154 902 2215 vel
921 2152 1118 2215 litterarum
1142 2162 1365 2232 acceperant.
1386 2152 1540 2234 Aliquae
1561 2154 1634 2233 qui·

380 2308 384 2313 -
405 2268 485 2339 dem
500 2281 613 2328 naves
627 2278 647 2325 a
663 2272 768 2343 portu
787 2258 952 2324 Sinarum
969 2258 1148 2339 profectae
1163 2258 1303 2322 fuerant
1323 2269 1369 2339 et,
1389 2261 1427 2324 vi
1446 2270 1635 2323 ventorum

406 2374 580 2454 repulsae,
597 2370 641 2434 ad
657 2378 799 2449 portum
818 2366 981 2430 eumdem
1001 2366 1191 2429 redierant.
1213 2366 1294 2429 Alia
1315 2366 1455 2430 Malaca
1475 2366 1635 2448 profecta

405 2480 484 2558 suit,
505 2488 539 2541 et
561 2476 744 2554 ininsula,
771 2492 878 2553 quarn
902 2473 1076 2553 Liampon
1101 2472 1110 2505 ¹
1137 2482 1279 2551 vocant,
1301 2474 1449 2553 piratae,
1473 2474 1635 2537 omnibus

407 2586 555 2669 occisiS,
580 2600 711 2648 navem
736 2590 920 2661 ceperant,
948 2580 1007 2643 ubi
1034 2579 1166 2659 aliquid
1194 2580 1342 2646 subsidii
1366 2581 1499 2643 nostris
1523 2580 1635 2644 mitte·

407 2696 522 2760 batur.
723 2750 725 2753 .

417 2851 421 2860 .
465 2799 556 2864 2030.
601 2797 689 2861 cnm
703 2795 844 2876 reliquit
860 2795 897 2858 P.
916 2794 1131 2858 Franciscus
1145 2795 1280 2858 Xavier
1291 2793 1475 2876 Japonem,
1489 2796 1547 2857 ubi
1559 2795 1634 2858 sere

406 2909 496 2971 duos
511 2921 624 2968 annos
639 2920 721 2966 cum
736 2902 880 2970 dimidio
895 2911 1077 2981 exegerat,
1093 2900 1131 2964 P.
1150 2901 1323 2968 Cosmum·
1336 2901 1379 2964 de
1399 2901 1530 2964 Torres
1551 2918 1634 2964 curn

405 3016 516 3080 fratre
531 3021 653 3076 nostro
668 3011 805 3094 Joanne
820 3007 1028 3075 Fernandez
1040 3027 1121 3072 cum
1132 3009 1335 3089 quingentis
1345 3009 1420 3073 sere
1432 3008 1640 3072 christianis

407 3121 614 3201 reliquerat3
641 3129 676 3180 et
702 3135 784 3180 curu
809 3132 902 3179 anno
930 3116 1007 3179 1552
1028 3134 1074 3179 ex
1095 3115 1193 3180 India
1214 3133 1341 3179 versus
1363 3115 1466 3180 Sinas
1491 3116 1634 3193 rediret,

406 3227 546 3292 Malaca
561 3225 707 3288 miserat
722 3223 759 3286 P.
775 3223 1023 3286 Baithasarem
1035 3223 1200 3303 Gaghum
1213 3241 1293 3286 curn
1307 3223 1443 3286 duobus
1454 3222 1636 3298 fratribuS,

406 3336 511 3400 Petro
526 3333 570 3395 de
585 3331 789 3396 Alchazeva
805 3340 839 3393 et
854 3329 990 3392 Duarte
1006 3331 1049 3393 de
1064 3328 1186 3410 Sylva,
1208 3347 1271 3409 per
1286 3329 1390 3394 Sinas
1410 3331 1446 3394 in
1464 3329 1638 3412 Japonem

407 3443 503 3506 misit
517 3438 539 3504 ³.

468 3547 559 3611 2031.
604 3544 723 3607 Distat
739 3553 857 3607 autem
872 3553 997 3624 portus
1019 3541 1274 3624 Lampachaia
1293 3532 1552 3627 Japonensibus
1571 3552 1639 3606 tre·

407 3655 519 3736 centis
535 3653 656 3716 leucis.
673 3651 762 3716 Cum
778 3660 899 3714 autem
914 3651 980 3714 sub
995 3650 1099 3729 finem
1120 3649 1276 3730 ejusdem
1299 3648 1382 3714 anni
1401 3652 1437 3714 in
1459 3650 1571 3714 insula
1588 3649 1640 3714 Si·

405 3779 544 3838 narum,
561 3759 763 3823 Sanchoam
779 3757 817 3820 P.
837 3757 867 3820 F
869 3757 1052 3820 ranciscus
1073 3757 1229 3836 obiisset,
1252 3756 1326 3839 ejus
1347 3757 1576 3837 orationibus,
1599 3765 1640 3820 ut

409 3869 523 3936 nostri
547 3867 611 3930 sibi
637 3864 908 3945 persuadebant,
936 3863 1118 3943 religionis
1142 3865 1359 3928 christianae
1382 3874 1578 3928 sectatores
1603 3872 1640 3927 et

406 3991 554 4040 numero
572 3982 606 4037 et
621 3973 752 4035 virtute
767 3988 985 4051 magnopere
1001 3972 1096 4034 aucti
1111 3983 1205 4035 sunt.

466 4081 557 4144 2032.
602 4079 680 4142 Hoc
695 4094 782 4157 ergo
798 4064 891 4141 anno
913 4077 992 4141 1555
1011 4079 1153 4142 duobus·
1168 4080 1202 4142 in
1222 4079 1311 4142 locis
1332 4077 1493 4142 Societas
1514 4087 1639 4141 nostra

406 4187 595 4265 residebat,
617 4185 852 4263 Amangucci,
875 4185 1022 4264 scilicet,
1044 4196 1079 4248 et
1099 4185 1231 4264 Bungi,
1253 4202 1343 4266 quae
1365 4186 1571 4266 praeclarae
1593 4185 1642 4248 ci·

405 4297 536 4360 vitates
548 4292 623 4372 eius
636 4292 793 4371 regionis
804 4304 898 4354 sunt.
913 4292 1180 4372 Amangucciin
1190 4292 1336 4370 triginta
1348 4303 1382 4355 et
1395 4301 1548 4374 quatuor
1557 4307 1642 4370 gra·

406 4403 509 4467 dibus
523 4418 604 4463 cum
618 4399 722 4464 tertio
738 4415 863 4462 versus
875 4400 997 4477 polum
1012 4400 1080 4461 sita
1096 4409 1161 4474 est,
1175 4398 1235 4461 ubi
1247 4399 1425 4462 residebat
1436 4397 1475 4462 P.
1489 4397 1641 4463 Cosmus

445 4676 455 4709 ¹
484 4676 606 4729 Lr'ampo.
617 4673 730 4718 Diversi
738 4675 819 4724 avist,
828 4673 928 4718 toleta

446 4747 457 4780 ¹
485 4747 537 4802 Sic,
549 4757 640 4790 verum
651 4754 696 4790 out
708 4747 756 4789 boc
767 4747 843 4788 misit
853 4753 898 4790 aut
908 4745 1027 4802 superius
1039 4747 1152 4790 miserat
1165 4746 1301 4792 redundat.
