3717 5400
819 480 881 537 Aa.
912 479 981 537 lom
1460 481 1518 539 317

281 625 342 702 qui
358 643 403 688 ex
420 625 604 688 cationicis
619 625 834 687 nitebantur.
851 621 922 686 Sed
938 622 1069 693 cumin
1085 623 1366 703 congregatione
1382 625 1390 654 ¹
1410 642 1453 688 ea
1472 626 1519 689 de

288 749 326 794 re
342 745 502 810 agerent,
520 732 605 794 nihil
620 731 785 794 evincere
801 739 1003 811 potuerunt.

344 837 414 900 860,
459 837 692 902 commiserat
717 847 836 902 autem
857 838 1050 916 capitulum
1072 837 1203 900 nostris
1222 836 1373 902 duorum
1391 856 1519 902 coeno-

280 943 430 1022 biorum,
443 946 479 1008 in
494 945 621 1025 quibus
636 945 822 1023 religiosae
838 944 1002 1006 mulieres
1018 955 1131 1021 erant,
1154 945 1434 1024 instructionem;
1457 945 1516 1009 Vi-

279 1051 398 1114 carius
412 1052 518 1115 etiam
533 1051 700 1132 Episcopi
715 1050 969 1130 beghinagium
984 1050 1031 1126 (id
1052 1060 1116 1126 est,
1139 1052 1325 1114 mulierum
1349 1053 1518 1132 religiose

279 1158 478 1222 viventium
490 1159 566 1223 sine
582 1159 800 1240 professione
814 1158 1141 1236 congregationem)
1152 1157 1164 1188 ¹
1176 1157 1288 1220 eidem
1300 1158 1397 1222 Patri
1409 1158 1518 1238 Quin-

279 1265 354 1328 tino
370 1267 694 1341 commendaverat,
712 1267 769 1329 ubi
786 1265 973 1328 dominicis
987 1265 1110 1327 diebus
1126 1265 1356 1344 praedicabat
1377 1267 1463 1347 ipse,
1480 1281 1518 1330 et

278 1369 317 1433 P.
335 1371 512 1436 Antonius
526 1373 767 1437 confessiones
782 1372 960 1436 audiebat.
988 1369 1184 1434 Studebant
1206 1381 1324 1435 autem
1344 1375 1517 1438 coenobia

279 1479 463 1558 praedicta
479 1481 524 1544 ad
539 1480 745 1560 disciplinae
758 1479 975 1542 monasticae
988 1479 1143 1556 rigorem
1156 1496 1340 1559 revocare;
1356 1481 1418 1542 sed
1433 1499 1517 1544 cum

283 1587 455 1650 coenobia
470 1588 727 1666 religiosorum,
744 1605 835 1669 quae
851 1587 920 1650 illis
938 1585 1139 1665 adiumento
1154 1604 1232 1648 esse
1250 1597 1406 1666 possent,
1430 1587 1516 1651 Tor-

282 1695 366 1757 naci
379 1711 452 1758 non
466 1705 595 1768 essent,
612 1697 729 1758 minus
743 1713 849 1774 quam
865 1694 1036 1773 optabant
1051 1694 1163 1756 nostri
1177 1693 1211 1755 in
1223 1694 1291 1756 hac
1302 1705 1403 1774 parte
1413 1711 1516 1774 prae·

278 1802 455 1864 stiterunt.
477 1801 662 1864 Habebant
688 1802 828 1882 quidem
850 1819 935 1864 suos
961 1799 1201 1863 confessarios
1225 1811 1260 1863 et
1284 1803 1515 1880 monasteria,

280 1908 343 1970 sed
358 1917 562 1972 nostrorum
577 1926 685 1989 opera
701 1909 736 1970 in
752 1907 1045 1970 extraordinariis
1061 1907 1316 1986 requirebatur.

336 2013 407 2078 861.
452 2014 693 2078 confitebatur
708 2014 799 2078 inter
816 2014 904 2077 alios
921 2013 1052 2076 nostris
1066 2013 1125 2093 pia
1145 2014 1322 2095 quaedam
1346 2013 1514 2096 foemina,

279 2122 430 2201 insignis
445 2121 572 2184 medici
588 2139 688 2197 uxor,
706 2139 796 2201 quae
812 2137 1029 2200 magnopere
1043 2121 1242 2184 laetabatur
1264 2122 1360 2200 quod
1377 2121 1515 2186 Romae

277 2230 311 2291 in
329 2227 541 2292 Societatem
556 2230 732 2292 admissus
747 2229 862 2292 fuerat
873 2227 950 2308 ejus
961 2227 1053 2292 fliius
1069 2229 1240 2307 magister
1253 2228 1415 2307 Hermes
1433 2248 1518 2310 pro-

276 2335 429 2399 fossione
444 2336 552 2399 etiam
571 2336 739 2412 medicus,
767 2333 867 2414 cujus
891 2334 1017 2397 deinde
1037 2333 1158 2411 frater,
1185 2337 1379 2399 canonicus
1394 2346 1514 2400 torna·

277 2443 408 2519 censis,
425 2441 592 2506 Societati
608 2441 752 2504 domum
766 2442 921 2505 Tornaci
936 2439 1031 2504 dedit
1045 2440 1068 2499 ⁸.

335 2549 406 2612 862.
451 2547 1516 2629 SpargebaturLoraniirumorsicutetBruxellisdenostris

281 2655 449 2721 fratribus
465 2656 751 2737 Caesaraugusta
768 2655 901 2736 ejectis,
918 2667 957 2719 ut
973 2655 1121 2720 inferius
1133 2655 1270 2720 dicetur
1282 2655 1304 2736 ⁴3
1321 2657 1383 2721 sed
1394 2657 1513 2736 facile,

277 2764 526 2827 informatione
539 2766 591 2827 rei
607 2764 701 2841 data,
719 2763 819 2843 cujus
835 2765 940 2844 culpa
959 2764 995 2826 id
1017 2763 1207 2826 accidisset
1225 2764 1423 2827 videbatur.
1445 2764 1512 2829 Cu-

282 2872 374 2933 ravit
402 2882 520 2935 autem
546 2872 733 2949 diiigenter
760 2870 796 2934 P.
825 2870 986 2951 Ignatius
1010 2880 1049 2932 ut
1067 2871 1102 2932 in
1124 2871 1224 2933 curia
1242 2869 1352 2950 Regis
1366 2882 1401 2935 et
1419 2873 1514 2935 ratio

281 2977 464 3057 ejectionis
476 2992 509 3041 et
526 2980 633 3041 etiam
649 2979 866 3042 reductionis
882 2986 1064 3039 constaret
1080 2974 1101 3040 ³.

335 3084 407 3148 863.
452 3086 553 3164 Quod
569 3085 613 3147 ad
629 3086 840 3165 temporalia
859 3084 995 3160 attinet,
1009 3092 1081 3146 tres
1094 3083 1205 3145 nostri
1217 3084 1434 3163 sacerdotes
1451 3086 1512 3163 qui

322 3440 330 3469 ¹
360 3436 480 3491 intellige
491 3435 673 3481 canonicorum
683 3440 846 3483 conventum,
856 3446 921 3485 cum,
933 3440 962 3478 ut
971 3435 1002 3477 de
1013 3434 1248 3488 rebussuleagaut,
1256 3442 1455 3489 congregantur,
1466 3438 1512 3490 qni

278 3511 358 3553 etiam
369 3509 519 3563 capitutum
530 3518 708 3561 nonnunquam
720 3508 770 3551 dici
780 3506 924 3549 consuevit.

317 3583 328 3611 ἱ
356 3580 423 3624 Vide
434 3579 555 3623 Litterae
566 3579 798 3631 eradrimestres,
809 3584 827 3621 t.
838 3589 854 3627 r,
865 3588 925 3632 pag.
937 3576 987 3625 550.
997 3584 1085 3620 annot.
1096 3579 1116 3621 i.

317 3654 329 3685 ⁵
356 3652 489 3705 Nusquam
500 3651 584 3695 adhuc
595 3652 662 3695 allae
672 3649 697 3693 in
709 3651 785 3705 hujus
796 3648 927 3693 Hermetis
936 3658 1076 3703 cognomen
1087 3650 1230 3697 incidimus.
1241 3661 1287 3693 nec
1299 3650 1325 3692 Ρ.
1336 3650 1474 3693 Detetace
1483 3652 1511 3695 iu

274 3734 352 3775 opere
362 3723 400 3767 Le
411 3724 637 3766 Protestantisme
648 3725 674 3766 et
684 3722 711 3765 la
724 3721 885 3776 Cornpagnie
895 3720 929 3763 de
938 3720 1047 3774 Jesnstt
1062 3721 1188 3770 Yournai,
1198 3722 1253 3776 ejus
1263 3722 1417 3765 mentionem
1433 3722 1511 3775 feeit,

278 3808 325 3839 nee
335 3796 424 3839 domus
434 3798 468 3840 ab
479 3796 534 3850 ejas
545 3796 635 3847 fratre,
647 3794 806 3837 Tornaeensl
817 3793 950 3842 canonico,
960 3792 1086 3837 Societati
1097 3793 1412 3846 donatae-suspicamur
1421 3801 1510 3838 tamen

275 3870 343 3911 itanc
355 3868 504 3913 Hermetem
516 3868 587 3911 ilium
598 3878 664 3913 esse.
676 3877 751 3920 quem
761 3876 829 3909 anno
847 3866 895 3909 1561
913 3864 1031 3909 Viennae
1041 3876 1122 3919 agere
1131 3872 1157 3909 et
1169 3866 1332 3909 Praefectum
1347 3878 1403 3908 esse
1418 3866 1508 3909 biblin-

275 3942 367 3984 tbecae
378 3952 424 3983 nos
434 3941 508 3983 docet
520 3939 607 3982 Index
617 3949 719 3987 eornna,
727 3940 773 3991 qui
784 3940 812 3980 in
822 3937 935 3989 cottegto
945 3936 1090 3979 societatis
1098 3937 1165 3991 Jesn
1182 3936 1301 3980 Viennae
1312 3938 1438 3980 nustriae
1450 3949 1508 3981 ver-

274 4014 382 4062 santur,
397 4012 481 4055 edltus
497 4023 513 4054 a
528 4010 724 4063 Summervogei
742 4009 768 4053 in
785 4010 907 4064 opusculo
917 4008 971 4051 Les
986 4008 1108 4062 Jesnites
1121 4009 1155 4051 de
1166 4010 1250 4052 Rome
1260 4013 1286 4051 et
1302 4010 1335 4051 aie
1357 4009 1457 4053 Vienne
1474 4022 1508 4053 en

276 4084 403 4135 MDLXI,
410 4084 522 4135 atapres
533 4094 570 4125 nn
581 4082 720 4134 catalogue
730 4083 873 4123 rarissime
884 4082 917 4124 de
927 4080 1054 4133 i'epoqne.
1064 4080 1109 4128 lbi.
1118 4092 1178 4134 pag.
1188 4092 1251 4129 xvn,
1264 4081 1413 4124 sciscitatur
1423 4082 1508 4126 editor

274 4168 336 4199 num
345 4156 389 4199 ille
399 4158 434 4198 sit
444 4156 485 4198 “Ρ.
497 4154 606 4197 Hermes
617 4152 708 4196 Clerus
719 4154 754 4204 (le
766 4153 849 4203 Cierc)
865 4153 897 4195 de
908 4152 1023 4202 Sottreil,
1041 4152 1158 4195 «natione
1173 4154 1259 4206 belga,
1274 4153 1452 4206 Tornacensis,
1463 4156 1507 4207 qui

275 4228 371 4271 claruit
383 4227 406 4270 in
418 4226 505 4269 Gallia
515 4228 614 4280 pietate
624 4232 651 4269 et
661 4226 779 4269 doctriua
797 4226 822 4269 in
834 4224 982 4268 Biliomensi
994 4224 1127 4276 Colleglo»
1145 4232 1172 4267 et
1182 4225 1225 4278 qui
1235 4233 1338 4268 mourut
1348 4234 1429 4269 avent
1445 4226 1505 4268 1609.

272 4298 294 4342 il
305 4300 372 4343 etait
382 4302 457 4352 poete
467 4304 493 4340 et
504 4298 659 4348 canonista...
672 4296 723 4339 Nos
734 4297 864 4340 affirmare
875 4298 941 4339 certi
952 4297 1015 4339 nihil
1027 4297 1331 4351 possumus-addemus
1345 4302 1433 4340 tamen
1449 4298 1509 4351 ejus

272 4372 364 4425 patris.
375 4370 466 4413 medici
477 4370 592 4423 insignis,
604 4379 695 4411 nomen
704 4369 782 4411 fuisse
795 4368 874 4411 etiam
884 4366 1012 4419 Hermes·
1020 4378 1127 4421 eumque
1140 4368 1235 4411 Romae
1246 4369 1435 4423 aliquantisper
1449 4380 1507 4412 ver·

271 4449 366 4493 satum,
378 4441 528 4495 priusquam
539 4442 651 4484 animum
662 4441 695 4484 ud
706 4440 864 4483 Societatem
874 4440 1011 4494 adjiceret.
1024 4439 1065 4483 lta
1076 4439 1101 4482 ln
1113 4440 1226 4492 Polancl,
1237 4452 1271 4483 ex
1281 4451 1356 4491 conr„
1364 4442 1461 4485 litteris
1470 4442 1505 4485 ad

272 4513 301 4557 P.
314 4514 504 4558 Adriaenssens
515 4514 584 4556 datis
596 4512 622 4555 19
631 4510 718 4555 Martii
732 4512 789 4555 1555.

313 4585 325 4617 ⁴
352 4584 426 4629 Num.
438 4584 490 4627 tot7
499 4590 525 4627 et
536 4596 596 4637 aeq.¹
608 4584 667 4627 dum
679 4585 709 4625 de
721 4583 837 4639 Collegio
848 4583 1094 4637 caesaraugustano
1103 4590 1206 4637 agetur.

314 4658 326 4691 ὃ
353 4656 488 4700 Praestitit
499 4656 546 4699 ltoc
557 4655 675 4709 ignatius
686 4656 781 4699 litteris
791 4656 822 4699 ad
834 4656 955 4698 Alesiam
967 4654 1110 4698 Fontanam
1122 4656 1191 4698 datis
1200 4656 1228 4699 29
1237 4655 1356 4701 Octobris
1369 4660 1427 4712 tais,
1439 4671 1507 4714 ques

273 4730 354 4774 babes
366 4730 390 4772 in
405 4728 498 4771 Cottas
509 4728 542 4771 eie
554 4728 608 4769 San
618 4727 734 4779 ignatio,
746 4736 763 4770 t.
777 4739 810 4775 vt.
822 4738 881 4781 pag.
891 4728 962 4769 ati-ia.
