3717 5400
811 489 876 547 Au.
898 489 970 548 1555
1289 527 1292 533 ·
1452 491 1506 550 197

270 643 327 696 tur
346 633 366 712 ¹,
384 649 456 698 una
470 634 645 697 concione
661 635 793 710 audita,
811 643 891 698 octo
905 635 1049 698 'illarum
1060 652 1099 698 se
1111 635 1188 700 Deo
1200 645 1372 716 perpetuo
1384 653 1505 700 conse-

271 759 375 804 crare
390 741 427 804 in
440 741 614 821 religione
630 742 876 806 decreverunt.

331 847 402 912 569.
446 847 746 912 Solebantautem
758 850 914 912 vicissim
928 849 1301 930 ipseP.Provincialis
1313 849 1506 914 acP.Pau-

271 955 338 1032 luS,
356 954 497 1035 Rector,
513 956 550 1020 in
565 958 697 1036 templo
711 964 834 1020 nostro
849 957 1056 1020 concionari
1070 966 1105 1019 et
1124 968 1200 1020 tota
1219 957 1504 1036 Quadragesima

274 1063 310 1125 in
335 1065 466 1144 templo
489 1072 614 1128 nostro
633 1064 782 1144 singulis
801 1063 925 1127 diebus
943 1064 1189 1144 explicabatur
1208 1063 1236 1143 ¹,
1257 1066 1447 1145 praecipue
1468 1066 1505 1128 in

272 1169 570 1234 scholasticorum
586 1187 701 1248 usum,
718 1172 883 1251 quamvis
897 1171 1089 1234 mediocris
1102 1187 1271 1234 numerus
1283 1172 1433 1234 aliorum
1446 1189 1505 1234 au·

272 1277 424 1341 ditorum
441 1278 644 1341 accedebat.
662 1276 834 1341 Profestis
849 1278 973 1342 diebus
988 1279 1096 1342 etiam
1111 1279 1149 1341 P.
1173 1275 1303 1341 Daniel
1317 1277 1328 1306 ³
1344 1278 1412 1340 hoc
1434 1277 1503 1342 offi-

273 1385 329 1447 cio
345 1384 556 1464 fungebatur
573 1385 696 1450 eodem
717 1385 753 1448 in
768 1387 858 1450 loco.

331 1490 402 1554 570.
448 1489 511 1572 [ln]
537 1493 667 1570 insigni
687 1494 841 1573 quodam
863 1493 1081 1557 monasterio
1103 1494 1310 1558 monialium
1329 1493 1503 1572 plurimae

270 1598 467 1662 monachae
483 1600 652 1662 concione
665 1601 842 1663 excitatae
862 1601 1003 1669 fuerunt
1023 1601 1069 1665 ad
1088 1600 1351 1663 reformationis
1369 1599 1504 1662 deside-

272 1709 365 1771 rium
380 1717 415 1771 et
430 1709 542 1772 vitam
556 1725 620 1770 sua
635 1708 857 1788 professione
872 1708 1018 1786 dignam
1040 1708 1236 1788 agendam,
1261 1716 1295 1770 et
1317 1707 1363 1769 ad
1377 1705 1413 1768 id
1435 1707 1504 1788 spi·

271 1813 412 1877 ritualia
427 1814 597 1877 exercitia
612 1814 678 1877 sibi
693 1814 770 1877 dari
786 1815 934 1878 sollicite
950 1814 1126 1894 petebant.

330 1921 401 1983 571.
444 1919 483 1984 In
498 1921 664 2001 hospitali
684 1921 790 1984 etiam
811 1922 1075 2000 incurabilium,
1100 1937 1182 1983 curn
1203 1921 1446 1983 consolatione
1468 1931 1503 1984 et

270 2027 388 2091 fructu
404 2023 671 2106 aegrotantium
681 2029 863 2109 utriusque
879 2045 987 2091 sexus
1002 2029 1099 2106 (nam
1113 2029 1150 2091 in
1165 2027 1318 2091 diversis
1331 2027 1419 2090 locis
1433 2028 1502 2091 viri

271 2143 305 2198 et
319 2135 494 2199 foeminae
511 2136 620 2198 verbo
635 2135 702 2198 Dei
718 2135 978 2214 reficiebantur)
994 2136 1119 2198 eodem
1134 2134 1249 2198 officio
1264 2137 1375 2198 nostri
1390 2135 1503 2199 functi

271 2253 364 2306 sunt.

329 2349 400 2412 572.
443 2348 589 2412 Ineunte
604 2361 751 2427 aestate,
769 2367 850 2412 cum
864 2367 1032 2413 numerus
1048 2351 1273 2414 decresceret
1287 2350 1502 2424 auditorum,

272 2457 422 2536 urgebat
448 2455 486 2518 P.
513 2457 645 2519 Paulus
665 2456 813 2536 alicujus
834 2456 1098 2519 concionatoris
1119 2457 1340 2533 missionem;
1361 2457 1425 2518 sed
1442 2473 1501 2536 po-

272 2573 348 2626 stea
365 2563 568 2627 hominibus
587 2562 883 2643 frequentioribus
906 2563 1171 2639 accedentibus
1190 2565 1307 2644 potius
1322 2563 1501 2627 rhetorem

271 2673 436 2752 aliquem,
464 2671 523 2754 qui
549 2671 691 2750 meliuS,
718 2688 825 2751 quam
847 2672 1017 2752 magister
1043 2670 1226 2736 Gerardus
1251 2671 1456 2752 Lapidanus
1473 2668 1499 2751 ⁴,

270 2782 430 2843 scholam
445 2780 642 2842 rhetorices
656 2788 809 2857 regeret,
826 2781 1007 2858 postulare
1019 2781 1135 2859 coepit
1147 2796 1154 2856 ;
1168 2781 1249 2859 quia
1262 2789 1452 2859 utcumque
1464 2780 1501 2843 in

271 2885 508 2950 concionandi
536 2902 701 2963 munere,
732 2886 793 2966 qui
820 2897 904 2949 tunc
933 2885 1099 2961 aderant,
1130 2903 1211 2949 cum
1239 2887 1354 2950 fructu
1382 2904 1502 2949 versa-

268 2994 410 3057 bantur.

327 3100 399 3164 573.
442 3100 712 3165 Confessionum
729 3112 762 3163 et
784 3101 1072 3163 communionum
1095 3118 1181 3163 usus
1206 3118 1278 3163 non
1304 3102 1419 3163 solum
1439 3119 1501 3163 no-

267 3218 342 3271 stro
357 3210 393 3271 in
408 3210 539 3289 templo
558 3210 688 3284 crevit,
707 3206 768 3271 sed
783 3209 818 3270 in
834 3208 913 3269 aliis
928 3208 1036 3269 etiam
1051 3208 1233 3287 parochiis
1248 3209 1284 3270 in
1303 3208 1442 3288 quibuS,
1461 3218 1502 3271 ut

266 3315 468 3379 Cardinalis
483 3314 784 3394 Archiepiscopus
799 3312 811 3345 ⁵
826 3313 1014 3391 referebat,
1035 3331 1107 3376 non
1130 3316 1245 3394 pauci,
1267 3326 1408 3393 praeter
1429 3332 1500 3378 mo·

263 3439 358 3501 rem,
376 3423 740 3485 communicaverant.
764 3420 884 3501 Aliqui
909 3430 1026 3483 autem
1053 3421 1122 3483 hac
1148 3422 1297 3484 salutari
1322 3421 1502 3485 medicina

267 3617 479 3626 -—-———-

307 3738 314 3767 ¹
344 3736 412 3780 Vide
422 3746 510 3789 supra,
521 3742 540 3778 t.
552 3746 588 3783 tv.
599 3744 660 3789 pag.
670 3734 718 3787 208,
729 3744 754 3777 n.
764 3734 813 3777 463.

307 3810 318 3840 ²
347 3807 398 3863 Sic;
410 3808 574 3851 desideratur
585 3814 671 3851 tamen
682 3808 790 3849 verbum
799 3806 981 3859 evangellum.
989 3806 1108 3850 velforte
1117 3809 1199 3850 verba
1208 3807 1330 3851 doctrina
1338 3806 1497 3853 christiana.

265 3879 359 3925 Utrum
369 3885 456 3924 autern
466 3880 673 3922 substituendum
685 3878 781 3921 rectius
791 3879 825 3921 sit
836 3878 966 3921 affirmare
976 3888 1026 3921 non
1038 3879 1164 3930 valemus,
1176 3878 1237 3932 qula
1246 3879 1332 3922 nullas
1343 3877 1447 3922 litteras
1457 3877 1502 3922 vi·

266 3953 357 4002 dimus.
370 3952 394 3995 ln
405 3952 497 4005 qulbus
509 3952 539 3993 de
550 3952 627 3993 rebus
638 3950 687 3993 hac
699 3949 905 4004 Quadrageslma
916 3950 1038 3994 Panormi
1049 3952 1131 4003 gestis
1141 3957 1247 4003 agatur.

306 4024 317 4055 ³
344 4023 373 4067 P.
385 4022 478 4067 Daniel
490 4022 652 4078 Paeybroek,
664 4022 705 4075 qui
724 4026 816 4075 postea
829 4022 877 4065 hoc
895 4022 951 4076 ipso
968 4032 1036 4065 anno
1051 4020 1146 4065 italam
1161 4023 1254 4065 missus
1269 4029 1317 4065 est.
1332 4022 1399 4065 Vide
1409 4032 1499 4076 supra,

265 4106 330 4150 pag.
344 4094 391 4148 190,
402 4106 424 4137 n.
435 4094 481 4136 5t9.

303 4170 315 4200 Α
341 4166 434 4221 Hujus,
444 4167 486 4221 qui
496 4164 577 4210 etlam
587 4164 712 4219 Lapidius
722 4163 867 4215 dicebatur,
876 4164 980 4219 aliquas
990 4165 1116 4217 epistolae
1126 4164 1252 4209 edidimus
1262 4166 1288 4209 in
1295 4164 1417 4211 Litterae
1426 4166 1496 4221 Qua·

262 4240 432 4289 drrmearres,
442 4245 463 4282 t.
477 4248 496 4281 11
507 4245 533 4280 et
542 4238 684 4281 rin-Anno
697 4237 747 4280 1557
754 4236 855 4281 'Romae
867 4244 925 4279 erat
935 4243 962 4279 et
977 4236 1008 4279 de
1020 4247 1049 4279 eo
1065 4237 1090 4279 ln
1108 4236 1277 4281 Germaniam
1293 4238 1418 4281 mittendo
1434 4250 1497 4292 age·

261 4312 340 4355 batur
350 4310 474 4361 (Hanania,
485 4308 649 4352 Rher'm'sclre
659 4308 754 4356 Aleten,
764 4314 827 4360 etc.,
839 4318 898 4361 pag.
914 4308 972 4360 989).
984 4308 1058 4352 Anno
1071 4308 1123 4351 1582
1132 4315 1189 4351 erat
1200 4308 1226 4351 in
1238 4308 1360 4353 Fuldensi
1371 4310 1495 4365 Collegio.

262 4382 306 4425 ⁸1³.
320 4382 453 4426 Gerardus
464 4379 614 4435 Lapidarias
629 4380 721 4424 missus
729 4380 754 4423 in
763 4379 943 4429 Brunswlgam
952 4379 985 4422 ad
997 4380 1087 4422 ducem
1096 4380 1211 4430 Erieum,
1220 4392 1269 4423 non
1277 4382 1394 4425 ducissae
1404 4384 1499 4435 solum,

262 4466 327 4509 quac
338 4455 450 4507 aliquem
461 4452 602 4495 societatis
612 4452 739 4495 hommem
750 4462 765 4493 a
776 4452 870 4494 marito
882 4451 987 4494 tandem
998 4458 1156 4501 extorserat.
1165 4463 1255 4495 verum
1265 4454 1345 4497 etiam
1356 4452 1497 4497 Germano·

261 4532 319 4567 rum
330 4530 356 4568 et
368 4524 493 4567 italorum
503 4524 591 4576 plures
601 4522 774 4566 confessiones
785 4522 894 4565 audivit.
906 4522 1009 4565 Placuit
1020 4522 1041 4565 is
1053 4531 1129 4575 pater
1140 4524 1258 4568 omnibus
1271 4526 1303 4567 ob
1318 4535 1402 4567 mores
1413 4524 1496 4568 mode·

262 4606 318 4641 etos
328 4606 468 4651 etgraves.
479 4596 560 4639 sedin
571 4596 669 4649 primis,
680 4596 746 4650 quod
755 4598 842 4649 plures
853 4595 991 4639 daemones
1003 4606 1019 4638 a
1034 4597 1185 4649 corporibus
1202 4598 1314 4642 obsessls
1329 4600 1499 4653 expelleret...

262 4668 345 4721 (loun,
358 4669 424 4719 ibid,
433 4678 493 4723 pag.
505 4666 561 4711 757a

303 4740 314 4773 ὅ
341 4740 434 4785 Petrus
445 4741 585 4795 Tagllavla
595 4742 626 4785 de
638 4742 754 4796 Aragon.
