3717 5400
804 498 868 555 Au.
890 496 960 575 1555
1440 491 1497 551 535

258 652 352 707 rent.
369 642 442 705 Nec
457 642 643 706 admittere
659 644 730 706 ulla
746 643 883 706 ratione
898 643 1041 705 volebat
1053 652 1090 703 ut
1103 641 1171 703 hoc
1184 638 1373 717 collegium
1384 650 1492 715 esset,

259 750 299 813 in
314 766 382 830 quo
397 749 567 813 lectiones
582 752 674 813 ullae
689 744 830 827 fierent,
840 751 898 813 vel
909 747 1060 828 iuvenes
1075 748 1188 810 nostri
1202 744 1411 823 residerent,
1425 760 1492 806 nec

262 858 506 936 eleemosynas
521 858 610 919 ullas
625 866 796 936 peterent.
813 856 857 920 Et
872 874 959 919 sane
973 856 1120 918 intentio
1135 854 1246 934 ipsius
1261 869 1349 914 sana
1364 860 1399 915 et
1417 851 1493 914 suis

262 964 460 1027 rationibus
475 964 561 1026 fulta
577 972 665 1041 erat,
681 972 716 1026 et
730 963 777 1025 ad
790 964 989 1043 profectum
1001 963 1201 1025 animarum
1211 977 1297 1023 suae
1309 959 1492 1022 Dioecesis

262 1088 448 1134 conversa.

326 1176 413 1241 1459.
458 1176 526 1241 Sed
542 1179 712 1257 paulatim
726 1178 765 1241 P.
788 1178 950 1258 Baptista
972 1177 1086 1240 eidem
1104 1174 1282 1255 Episcopo
1302 1173 1489 1253 persuasit,

259 1284 309 1347 ad
324 1283 438 1364 majus
450 1284 657 1348 beneficium
670 1302 755 1348 suae
766 1284 952 1347 Dioecesis
963 1300 1146 1346 cessurum
1157 1298 1247 1358 esse,
1260 1282 1290 1343 si
1302 1280 1492 1359 collegium

261 1392 310 1454 ibi
325 1392 535 1469 institueret,
553 1392 612 1454 ubi
626 1394 752 1455 saltem
766 1391 1040 1472 grammaticam
1052 1388 1201 1468 juvenes
1216 1387 1442 1466 docerentur,
1456 1398 1491 1449 et

262 1514 353 1561 unus
368 1499 613 1579 philosophiae
628 1516 765 1577 cursuS,
790 1509 824 1561 et
847 1500 973 1561 saltem
995 1497 1100 1559 unica
1124 1495 1325 1587 theologiae
1350 1496 1408 1556 vel
1433 1511 1491 1556 ca·

258 1622 366 1669 suum
382 1606 620 1669 conscientiae
635 1606 740 1669 lectio
755 1605 866 1669 fieret.
883 1605 973 1669 Cum
988 1605 1083 1667 enim
1097 1621 1140 1666 ea
1151 1602 1280 1665 civitas
1295 1614 1329 1663 et
1344 1600 1491 1664 Dioece·

262 1713 313 1775 sis
327 1712 372 1774 ab
387 1713 679 1776 universitatibus
695 1712 888 1793 Hispaniae
908 1721 1045 1775 remota
1060 1718 1165 1787 esset,
1182 1726 1314 1788 magna
1335 1709 1371 1771 in
1393 1708 1493 1770 cleri·

259 1820 315 1882 cis
329 1820 543 1898 ignorantia,
561 1830 594 1881 et
610 1820 751 1900 quidem
766 1820 896 1900 populo
912 1818 1017 1881 valde
1032 1819 1153 1895 noxia,
1171 1826 1259 1895 erat;
1276 1825 1310 1878 et
1329 1816 1359 1877 si
1379 1815 1493 1877 nostri

262 1926 500 1989 instituendae
512 1925 708 2005 juventutis
722 1927 758 1989 in
773 1926 900 1989 litteris
915 1934 950 1988 et
965 1925 1155 1988 virtutibus
1171 1940 1294 1986 curam
1306 1922 1490 1998 haberent,

263 2050 430 2113 magnam
445 2034 660 2113 reipublicae
676 2033 864 2096 utilitatem
878 2033 960 2095 inde
975 2040 1259 2108 consecuturam,
1276 2046 1357 2091 cum
1371 2046 1417 2092 ex
1436 2028 1493 2091 his

263 2138 347 2203 boni
362 2140 578 2219 sacerdotes,
602 2152 637 2202 et
659 2140 741 2203 boni
759 2150 956 2215 senatores
980 2149 1014 2201 et
1034 2138 1192 2201 omnium
1210 2145 1367 2199 statuum
1393 2135 1492 2198 cives

258 2256 382 2309 essent
397 2247 587 2325 egressuri.
610 2246 731 2311 Nostri
751 2247 892 2310 interim
912 2246 1077 2327 operarii,
1100 2242 1299 2324 hujusmodi
1320 2242 1491 2305 exercita·

263 2352 417 2418 tionibus
432 2354 574 2433 exculti,
591 2355 783 2435 perfectius
798 2355 905 2418 etiam
921 2371 987 2417 sua
1009 2352 1217 2429 ministeria,
1240 2368 1332 2430 quae
1346 2350 1490 2429 Episco-

261 2478 328 2541 pus
343 2462 500 2541 optabat,
518 2462 646 2525 obituri
662 2473 775 2525 erant.
960 2441 962 2444 ⁵

324 2567 412 2632 1460.
456 2569 608 2632 Mutavit
623 2570 743 2650 itaque
757 2569 955 2649 Episcopus
969 2567 1182 2631 sententiam
1202 2575 1237 2628 et
1257 2565 1399 2628 admisit
1419 2560 1487 2626 'col-

260 2676 405 2757 legium,
422 2676 539 2766 inquo
552 2679 777 2758 praelegatur
789 2674 883 2757 quod
895 2675 1027 2739 nostris
1038 2674 1075 2737 in
1086 2672 1240 2737 Domino
1253 2673 1370 2736 visum
1383 2680 1489 2747 essen

259 2784 345 2862 quia
359 2793 478 2847 tamen
493 2785 592 2863 prius
606 2795 718 2848 totum
734 2785 922 2864 collegium
938 2801 985 2847 ex
999 2782 1172 2862 operariis
1187 2791 1352 2844 constare
1374 2780 1490 2865 volue-

261 2900 330 2969 rat,
354 2892 529 2971 quaedam
555 2909 664 2955 onera
683 2893 719 2955 in
740 2901 926 2956 contractu
950 2890 1169 2953 fundationis
1193 2888 1343 2966 collegio
1368 2895 1491 2949 nostro

261 2997 441 3078 imposuit,
458 3016 560 3078 quae,
577 2999 741 3079 quamvis
756 2999 889 3078 suscipi
901 2997 1002 3078 juxta
1017 2995 1171 3059 Instituti
1186 2995 1300 3057 nostri
1315 2994 1491 3057 rationem

257 3122 282 3166 a
299 3103 475 3168 Societate
486 3107 634 3183 soleant,
648 3105 819 3184 obligatio
831 3116 950 3168 tamen
962 3097 1096 3184 suscipi
1107 3103 1251 3166 minime
1263 3103 1363 3177 solen
1378 3100 1490 3180 eujus·

259 3212 356 3274 modi
378 3221 455 3274 erat
474 3197 765 3276 concionatorem
782 3211 934 3291 aliquem
948 3227 1011 3290 per
1027 3210 1217 3274 dioecesim
1232 3209 1372 3271 mittere
1390 3217 1425 3270 et
1447 3208 1488 3270 si·

258 3318 356 3381 milia
371 3317 392 3381 ¹.

323 3425 410 3488 1461.
454 3423 567 3488 Situm
583 3426 670 3488 satis
686 3428 841 3507 amplum
855 3426 1054 3506 Episcopus
1069 3425 1233 3502 habebat,
1257 3440 1328 3486 non
1348 3421 1490 3502 quidem

259 3531 354 3595 intra
370 3534 504 3612 urbem,
522 3533 584 3596 sed
599 3534 677 3595 urbi
692 3531 933 3613 conjunctum,
952 3534 1011 3596 ubi
1027 3531 1225 3595 aedificium
1245 3511 1490 3604 inchoarent,

261 3638 298 3701 in
313 3657 381 3720 quo
395 3637 469 3718 jam
484 3640 638 3720 quinque
659 3640 868 3704 ducatorum
888 3640 998 3703 millia
1021 3639 1249 3719 expenderat.
1272 3637 1436 3700 Habebat
1456 3647 1492 3698 et

258 3745 401 3809 hortum
417 3747 603 3824 eximium3
621 3757 655 3810 et
670 3747 752 3827 quia
768 3748 916 3826 ipsemet
933 3747 1131 3826 Episcopus
1146 3745 1279 3808 nostris
1298 3741 1489 3823 aliquando

260 3853 417 3915 vicinum
443 3869 520 3915 esse
547 3853 722 3933 cupiebat,
748 3863 822 3916 tum
849 3864 886 3916 ut
912 3853 1094 3933 colloquiis
1119 3862 1334 3929 nostrorum,
1355 3860 1430 3912 tum
1453 3861 1491 3911 ut

260 3959 354 4022 illius
369 3960 462 4022 horti
478 3961 691 4024 amoenitate
707 3959 895 4040 frueretur,
913 3977 1017 4024 usum
1032 3960 1137 4038 illius,
1155 3957 1323 4040 quamdiu
1338 3957 1488 4034 viveret,

257 4067 327 4129 sibi
348 4084 534 4130 reservare
552 4068 712 4145 volebat,
736 4069 899 4148 quamvis
916 4069 985 4131 loci
1004 4067 1197 4130 dominium
1216 4065 1338 4129 statim
1358 4065 1491 4128 nostris

259 4175 428 4236 traderet.

322 4281 410 4344 1462.
453 4281 560 4363 Juxta
575 4291 693 4344 autem
708 4282 804 4345 illam
819 4282 962 4345 domurn
975 4299 1018 4343 ae
1033 4282 1175 4344 hortum
1191 4280 1381 4358 collegium
1396 4279 1488 4341 aedi·

170 4400 174 4408 ·
257 4387 366 4450 ficare
381 4397 525 4450 nostrae
540 4389 770 4452 habitationis
791 4389 981 4467 statuebat,
1005 4390 1210 4465 claustrum,
1235 4403 1316 4449 cum
1338 4396 1489 4466 quatuor

256 4494 517 4558 habitationum
533 4495 713 4573 lateribuS,
730 4497 766 4559 in
781 4495 917 4576 quadro
933 4494 1164 4568 aedificand0;
1188 4504 1223 4557 et
1243 4511 1353 4574 opera
1374 4491 1488 4571 eujus·

261 4651 474 4661 ι-----.-.-.

303 4735 308 4764 ¹
341 4733 378 4779 Cf.
392 4735 600 4780 constitutiones
611 4737 754 4782 societatis
762 4736 840 4792 Jesu,
850 4743 919 4792 part.
931 4748 967 4790 rr,
983 4747 1040 4790 cap.
1051 4746 1079 4792 11,
1089 4735 1105 4790 g
1115 4736 1129 4779 2
1138 4744 1165 4779 at
1179 4735 1208 4788 B,
1219 4740 1246 4779 et
1260 4745 1316 4788 cap.
1327 4733 1387 4789 ¹1,ss
1396 4733 1444 4778 tet
1456 4738 1490 4779 A.
