3717 5400
373 451 430 513 352
837 452 966 514 Chaon.
987 453 1064 513 Soc.
1085 455 1155 526 Jss.

372 599 561 680 prandium
576 599 754 679 invitavit;
770 609 805 662 et
820 601 856 664 in
870 601 948 680 ipsa
963 617 1087 664 mensa
1102 617 1184 664 cum
1197 599 1242 664 de
1255 603 1375 665 multis
1389 603 1495 666 rebus
1510 617 1609 670 esset

368 707 598 787 disputatum,
614 707 703 770 dixit
718 706 757 770 P.
779 705 925 770 Pontius
947 707 1013 771 sibi
1026 725 1100 770 non
1114 724 1332 788 magnopere
1345 711 1489 790 probari
1508 713 1606 791 quod

366 814 641 876 concionatores
655 813 823 877 catholici
840 815 990 877 multum
1013 815 1183 894 temporis
1207 816 1245 877 in
1262 815 1469 880 haeresibus
1490 821 1602 898 expli·

365 919 490 984 candis
503 929 537 982 et
553 917 779 984 confutandis
795 932 1054 999 consumerent;
1071 920 1134 984 sed
1149 922 1195 985 ad
1209 938 1252 986 ea
1266 921 1385 1002 potius
1399 940 1438 986 se
1451 940 1600 989 conver·

365 1035 493 1104 terent,
511 1043 602 1107 quae
616 1029 785 1107 populum
800 1029 1016 1091 instruerent
1027 1036 1062 1092 et
1072 1029 1261 1092 incitarent
1273 1029 1320 1094 ad
1329 1030 1416 1093 vitia
1428 1030 1597 1110 fugienda

366 1144 401 1196 et
416 1133 568 1196 virtutes
582 1134 854 1212 consectandas;
870 1143 905 1198 et
919 1135 1101 1214 siquando
1116 1135 1160 1198 de
1171 1136 1379 1199 haeresibus
1392 1137 1491 1201 fieret
1501 1155 1596 1202 men-

364 1241 428 1319 tio,
445 1258 518 1304 non
534 1257 613 1305 esse
627 1241 888 1305 immorandum
902 1241 939 1304 in
953 1243 1136 1306 sententiis
1147 1243 1409 1307 haereticorum
1420 1246 1597 1324 explican-

366 1348 432 1426 dis,
449 1348 512 1411 sed
527 1349 564 1412 in
579 1349 731 1428 eoquod
746 1349 858 1412 teneri
873 1350 976 1414 debet
990 1369 1012 1412 a
1027 1350 1116 1413 viris
1130 1350 1325 1414 catholicis.
1342 1351 1386 1414 Et
1397 1350 1603 1430 huiusmodi

366 1457 584 1536 colloquium
602 1456 750 1537 perutile
776 1456 853 1534 iuit;
879 1475 964 1520 nam
982 1459 1040 1520 ille
1059 1458 1289 1520 concionator
1311 1459 1501 1522 conciones
1522 1476 1600 1539 per-

364 1563 470 1626 utiles
484 1563 521 1626 in
534 1571 714 1642 posterum
726 1563 860 1642 habuit,
874 1574 908 1627 et
919 1565 956 1626 in
967 1565 1072 1628 rebus
1083 1563 1276 1628 moralibus
1288 1573 1383 1628 totus
1393 1564 1468 1628 fere
1479 1583 1604 1629 versa=

364 1671 482 1749 batur,
500 1671 646 1749 egregie
660 1671 829 1751 populum
847 1669 979 1733 docens
1004 1681 1038 1733 et
1063 1680 1201 1734 tantum
1224 1688 1288 1752 per
1309 1681 1540 1736 transennam
1554 1675 1605 1738 de

364 1778 574 1842 haeresibus
589 1793 712 1857 agens

426 1884 497 1948 949.
542 1883 715 1947 Visitavit
741 1894 860 1947 autem
885 1901 967 1948 cum
988 1885 1137 1949 Vicario
1163 1887 1282 1949 omnia
1308 1888 1537 1968 monasteria,
1563 1899 1598 1952 et

366 1993 484 2072 coepit
499 1992 535 2054 in
553 2009 677 2054 eorum
696 1991 847 2071 singulis
867 1990 906 2054 P.
929 1991 1075 2056 Pontius
1095 1995 1312 2068 concionari;
1329 1994 1465 2057 nobiles
1479 2005 1603 2061 autem

367 2098 566 2163 Cardinalis
580 2096 743 2162 Farnesii
760 2101 768 2128 ¹
784 2099 859 2162 lere
875 2116 999 2162 omnes
1013 2098 1126 2163 eidem
1142 2099 1301 2163 confiteri
1321 2102 1499 2165 volebant.
1516 2101 1600 2182 Ipsa

368 2223 453 2270 vero
478 2205 697 2269 monasteria
718 2215 753 2269 et
778 2207 954 2286 urgebant
974 2224 1056 2270 eum
1079 2217 1117 2270 ut
1137 2208 1225 2287 ipsis
1249 2208 1534 2285 concionaretur,
1560 2218 1597 2273 et

362 2314 472 2377 etiam
486 2323 524 2376 ut
540 2313 747 2376 earumdem
759 2311 1001 2376 confessiones
1013 2314 1161 2377 audiret.
1175 2311 1270 2376 Satis
1281 2315 1412 2377 liberae
1427 2316 1605 2380 moniales

365 2420 625 2484 avenionenses
640 2429 752 2496 erant,
770 2429 805 2482 et
817 2419 892 2481 lere
912 2437 1035 2483 omnes
1055 2421 1202 2497 nobiles,
1229 2429 1264 2484 et
1285 2439 1356 2484 non
1378 2423 1449 2484 alia
1470 2423 1529 2484 via
1543 2441 1596 2486 re·

363 2526 512 2590 formari
537 2543 641 2606 posse
667 2543 775 2606 quam
798 2544 862 2607 per
886 2526 1205 2607 frequentationem
1230 2539 1535 2592 sacramentorum
1561 2539 1596 2595 et

362 2635 578 2699 concionum
595 2634 819 2713 videbantur,
837 2652 919 2697 nam
935 2635 1006 2696 vim
1026 2636 1113 2715 ipsis
1132 2636 1262 2699 inferre
1281 2636 1484 2717 perdifficile
1502 2649 1599 2706 erat.

422 2742 494 2805 950.
537 2740 1064 2821 InjunxitetiamCardinalisP.
1078 2742 1203 2806 Pontio
1213 2742 1596 2825 utlibrosjudaeorum,

367 2867 457 2930 quos
470 2848 621 2913 Talmud
637 2860 779 2927 vocant,
797 2850 947 2927 videret,
963 2860 997 2912 et
1012 2868 1074 2913 eos
1088 2851 1348 2915 comburendos
1364 2864 1518 2932 curaret,
1534 2855 1599 2933 qui

364 2956 400 3020 id
414 2965 648 3035 mererentur,
679 2958 770 3020 sicut
799 2955 933 3019 Romae
959 2969 993 3019 et
1021 2956 1194 3020 Anconae
1217 2958 1350 3022 iactum
1374 2960 1490 3023 fuerat
1519 2959 1543 3038 ¹;
1559 2970 1594 3023 et

364 3062 565 3145 hujusmodi
579 3064 750 3127 librorum
766 3064 972 3143 catalogum
991 3064 1023 3126 ei
1042 3064 1120 3127 dari
1139 3066 1268 3143 voluit,
1292 3066 1456 3145 quamvis
1474 3063 1600 3145 judaei

362 3170 530 3234 officiales
546 3187 627 3232 eum
643 3168 654 3199 ³
669 3170 772 3233 donis
788 3187 1017 3250 corrumpere
1033 3179 1068 3233 et
1082 3169 1307 3235 Cardinalem
1321 3172 1485 3251 decipere
1506 3174 1594 3236 nite-

362 3277 501 3354 bantur,
518 3294 561 3339 ac
577 3293 682 3339 suum
698 3276 848 3339 Talmud
864 3277 1016 3339 duorum
1036 3295 1210 3340 annorum
1230 3279 1340 3342 millia
1358 3290 1441 3341 ante
1460 3279 1598 3343 Christi

361 3382 553 3446 adventum
579 3383 781 3446 coniectum
802 3383 911 3447 luisse
935 3385 1209 3462 mentiebantur,
1236 3385 1374 3467 quibus,
1387 3404 1465 3449 sese
1485 3404 1601 3467 oppo=

359 3508 449 3553 nens
466 3489 504 3552 P.
519 3489 676 3568 Pontius
694 3491 828 3571 recepit
843 3508 881 3553 se
896 3491 942 3554 ad
957 3491 995 3554 P.
1012 3491 1190 3571 Ignatium
1205 3494 1431 3571 scripturum,
1448 3506 1482 3556 et
1497 3504 1592 3557 cata·

359 3596 481 3676 logum
496 3597 666 3660 librorum
680 3596 880 3676 hujusmodi
892 3596 1028 3660 Romae
1040 3599 1306 3662 combustorum
1317 3602 1594 3680 postulaturum,

359 3720 403 3767 ac
417 3704 691 3784 propositiones
709 3722 797 3784 quas
817 3722 862 3767 ex
877 3704 1078 3783 huiusmodi
1098 3706 1198 3769 libris
1218 3704 1421 3788 [excerpsit]
1437 3708 1594 3771 Alexan-

360 3811 423 3874 der
438 3810 665 3887 Franctscus,
682 3811 739 3873 vir
754 3811 912 3873 eruditus
928 3828 971 3874 ac
990 3812 1080 3890 piuS,
1097 3830 1202 3891 quem
1217 3814 1379 3893 superius
1401 3832 1447 3877 ex
1455 3813 1595 3893 judaeis

358 3935 574 3982 conversum
589 3918 697 3981 fuisse
712 3918 936 3981 meminimus
950 3918 973 3997 ⁴,
990 3937 1032 3981 ac
1048 3917 1190 3981 demum
1202 3920 1317 3982 lucem
1332 3938 1483 4001 omnem,
1501 3939 1591 4001 quae

398 4124 408 4157 ¹
437 4124 602 4177 Intelligendl
614 4124 738 4168 videntur
748 4124 855 4175 nobiles,
866 4124 909 4177 qui
920 4123 952 4166 de
962 4123 1062 4166 familia
1074 4121 1221 4167 Cardinalis
1231 4130 1315 4169 erant.

399 4196 411 4227 ¹
439 4194 501 4239 Vide
513 4206 600 4249 supra,
613 4202 632 4238 t.
643 4206 678 4249 ru,
688 4208 751 4250 pag.
763 4196 800 4238 ttl
814 4201 839 4237 et
852 4195 896 4245 142,
908 4207 933 4237 n.
943 4194 991 4237 ⁴282.

397 4266 410 4299 ⁸
437 4267 484 4311 Ms.
494 4268 573 4311 habet
585 4266 652 4321 eJ'us,
662 4274 688 4309 et
700 4266 766 4311 forte
775 4266 847 4310 deest
858 4268 966 4309 verbnm
976 4266 1161 4319 integritatem
1168 4273 1214 4310 aut
1221 4268 1281 4322 quid
1289 4268 1381 4323 simile,
1389 4280 1436 4313 nos
1443 4275 1530 4313 umen
1537 4271 1602 4313 bre·

358 4340 417 4385 vius
427 4350 482 4383 rem
493 4340 670 4393 componimus
680 4338 869 4382 substituentes
880 4348 942 4381 eum
952 4349 999 4391 pro
1010 4338 1078 4391 ejus.

398 4414 410 4446 ὁ
436 4412 504 4455 Vide
516 4422 603 4465 snpra,
613 4418 631 4453 t.
642 4422 669 4462 ιι,
681 4422 743 4464 pag.
753 4410 801 4461 215,
812 4421 836 4452 n.
848 4408 977 4454 liu-“Hc
989 4409 1139 4453 dimandato
1150 4421 1165 4453 a
1175 4410 1251 4455 Mtro.
1261 4412 1421 4458 Alessendro
1431 4416 1517 4468 quella
1527 4422 1589 4459 note

357 4482 421 4528 delli
431 4484 491 4527 libri
502 4484 591 4526 hebrei
603 4483 624 4525 si
635 4494 698 4526 sono
707 4482 818 4526 bruciati
830 4481 873 4534 qul
884 4482 908 4524 in
920 4480 1010 4534 Roma,
1021 4488 1046 4524 et
1062 4493 1112 4525 non
1121 4483 1136 4525 l'
1152 4485 1185 4527 ho
1199 4484 1299 4528 havuta
1317 4486 1389 4528 insin'
1399 4486 1501 4529 adesso.
1511 4485 1543 4528 M·
1557 4486 1595 4531 ha

355 4556 430 4599 detto
440 4556 542 4598 volerla
553 4554 704 4597 dimandare
716 4564 732 4597 a
744 4554 784 4596 ira
795 4551 912 4600 Mtchele,
924 4551 1081 4597 Comissarlo
1090 4554 1160 4598 della
1170 4554 1346 4609 iaquisitione5
1356 4562 1383 4599 et
1394 4554 1462 4599 lorse
1472 4567 1521 4600 con
1531 4569 1597 4611 ques

354 4632 398 4673 sta
409 4638 424 4671 o
436 4636 485 4670 con
495 4628 563 4670 altre
574 4626 655 4680 prime
666 4624 688 4669 si
702 4623 828 4668 mandera
838 4625 890 4666 alla
901 4622 932 4666 R.
943 4622 990 4678 V.„
1001 4624 1137 4679 Polancus,
1148 4637 1182 4669 ex
1191 4637 1267 4680 cona,
1276 4626 1349 4671 Patri
1359 4627 1450 4672 Pontio
1460 4627 1591 4682 Cogorda-

355 4709 398 4752 no,
411 4696 496 4753 olluji
508 4696 567 4743 1555.
