3717 5400
801 484 865 542 An.
888 485 959 544 1555
1440 485 1494 543 149

260 631 382 693 locum
395 630 561 694 idoneum
576 631 689 694 nostri
702 648 774 694 non
789 631 971 710 haberent,
994 648 1065 694 non
1087 631 1312 694 existimabat
1331 629 1369 693 P.
1391 630 1493 710 Igna·

263 722 334 800 tius
348 737 516 817 expedire
531 747 569 801 ut
584 736 697 802 bonus
712 738 840 819 aliquis
855 749 1066 817 praeceptor
1077 738 1287 815 mitteretur,
1301 746 1336 800 et
1348 738 1494 818 Episco-

260 861 329 924 pus
343 860 415 907 non
429 845 617 909 videbatur
632 845 676 909 de
690 845 821 908 scholis
835 845 1009 910 sollicitus
1023 862 1113 924 esse,
1130 845 1173 908 de
1188 845 1314 925 quibus
1329 845 1373 907 ab
1393 845 1493 907 initio

255 950 403 1014 dicebat
417 967 455 1014 se
470 969 597 1032 parum
611 969 787 1032 sperasse,
804 969 885 1016 cum
900 953 1090 1033 praecipue
1102 951 1201 1016 missi
1212 969 1283 1015 non
1296 952 1443 1014 luissent
1455 951 1492 1014 in

248 1058 363 1121 -initio
377 1071 628 1140 praeceptores
643 1059 729 1138 itali,
745 1060 855 1140 etqui
870 1069 1046 1137 auctores
1062 1067 1187 1139 gratos
1201 1060 1236 1121 in
1252 1058 1366 1136 Italia,
1388 1059 1491 1122 inter·

262 1175 489 1242 pretarentur
506 1164 527 1224 ¹.
541 1164 652 1229 Immo
668 1167 808 1230 dicebat
822 1183 861 1230 se
876 1167 912 1230 in
932 1167 1037 1230 domo
1058 1165 1283 1247 Episcopali,
1301 1165 1330 1228 si
1349 1165 1491 1228 scholae

261 1271 555 1352 relinquerentur,
582 1282 725 1336 nostros
749 1285 980 1354 excepturum
1006 1282 1043 1336 ut
1069 1272 1324 1354 praedicationi
1353 1281 1387 1336 et
1410 1289 1490 1336 con·

260 1377 473 1442 sessionibus
488 1389 522 1443 et
538 1379 616 1443 aliis
630 1380 772 1461 pietatis
787 1381 953 1462 operibus
967 1390 1151 1444 vacarent.
1168 1377 1237 1444 Sed
1248 1380 1334 1444 illud
1344 1378 1490 1461 perinde

257 1484 385 1548 fuisset
400 1495 505 1566 atque
522 1485 718 1567 Collegium
734 1487 940 1562 dissolvere;
958 1486 1052 1567 quod
1065 1496 1183 1550 tamen
1194 1487 1310 1567 potius
1321 1487 1358 1549 in
1370 1487 1489 1566 aliquo

261 1594 340 1654 loco
355 1593 500 1672 proprio
520 1593 766 1657 collocandum
785 1594 990 1673 videbatur,
1013 1595 1043 1656 si
1064 1594 1177 1657 nostri
1199 1593 1356 1656 Mutinae
1378 1592 1488 1656 futuri

252 1707 375 1762 erant.

319 1805 390 1870 424.
433 1804 557 1870 Nullus
582 1817 702 1871 tamen
730 1809 835 1886 serio,
866 1817 1007 1889 praeter
1037 1825 1145 1872 unum
1173 1807 1363 1871 Herculem
1393 1806 1490 1871 Puri·

260 1929 346 1975 num
360 1911 383 1991 ¹,
400 1914 468 1976 hoc
483 1915 667 1992 negotium
681 1916 752 1978 loci
766 1915 970 1979 inveniendi
986 1915 1212 1995 suscipiebat,
1228 1915 1335 1979 immo
1347 1932 1392 1977 ex
1403 1914 1489 1977 ami·

252 2020 311 2082 cis
326 2021 435 2099 aliqui
449 2021 649 2085 adversarii
664 2038 742 2084 esse
765 2023 865 2084 taciti
885 2022 1131 2100 credebantur,
1153 2022 1236 2101 quia
1255 2019 1437 2101 timebant,
1457 2019 1489 2084 si

261 2130 378 2190 locum
398 2129 582 2208 proprium
604 2128 718 2192 nostri
737 2129 919 2207 haberent,
942 2129 1036 2209 quod
1055 2129 1275 2209 spiritualem
1297 2145 1488 2192 conversa-

257 2251 338 2297 rum
362 2251 486 2298 curam
512 2235 669 2298 relicturi
695 2245 826 2314 essent,
854 2245 887 2298 et
915 2235 965 2298 ita
994 2236 1107 2299 nostri
1139 2235 1373 2316 cogebantur,
1404 2251 1485 2298 cum

252 2357 389 2420 magno
404 2341 640 2420 incommodo,
657 2343 693 2405 in
708 2341 935 2406 conductitiis
950 2342 1123 2421 domibuS,
1140 2352 1173 2405 et
1188 2343 1328 2424 quidem
1346 2343 1487 2422 saepius

248 2449 414 2526 mutatis,
431 2449 611 2527 habitare,
628 2458 662 2512 et
677 2450 805 2513 exiliis
820 2460 963 2513 centum
979 2450 1107 2528 aureis,
1120 2466 1208 2530 quos
1220 2449 1351 2530 partim
1363 2447 1486 2513 Cardi-

256 2555 351 2618 nalis
366 2555 548 2634 Moronus,
565 2556 694 2635 partim
708 2555 794 2620 Dux
815 2543 1014 2634 Ferrariae,
1038 2555 1187 2636 singulis
1202 2555 1304 2619 annis
1326 2555 1485 2635 Collegio

257 2663 349 2726 solvi
360 2661 542 2743 jubebant,
558 2680 643 2743 pars
659 2680 728 2727 non
754 2663 898 2727 minima
921 2664 956 2727 in
979 2662 1210 2727 conducenda
1232 2663 1337 2727 domo
1357 2679 1485 2745 expen-

252 2770 419 2834 debatur.
436 2770 481 2834 Et
495 2772 658 2850 quamvis
672 2770 711 2833 Ρ.
728 2771 887 2851 Ignatius
903 2772 1139 2835 admonuerat
1154 2779 1192 2834 ut
1206 2770 1348 2833 hortum
1363 2781 1424 2834 aut
1434 2771 1485 2834 vi·

247 2894 361 2940 neam
386 2875 537 2957 alicujus
558 2878 664 2941 amici
688 2875 832 2959 [habere
853 2875 1047 2959 curarent]‚
1070 2887 1108 2941 ut
1131 2895 1174 2940 eo
1197 2878 1428 2942 recreationis
1450 2888 1485 2941 et

252 2984 380 3047 salutis
394 2986 512 3063 gratia
528 2986 630 3063 irent,
647 3003 691 3048 ne
708 2985 753 3048 ad
768 2985 803 3048 id
818 2985 960 3065 quidem
976 2985 1209 3049 commoditas
1224 2984 1481 3048 inveniebatur.

251 3089 324 3154 Sed
339 3091 425 3154 nihil
440 3090 540 3171 pejus
555 3101 696 3156 nostros
711 3093 876 3171 habebat,
893 3109 1001 3173 quam
1019 3092 1115 3172 quod
1134 3090 1270 3155 fructus
1289 3092 1483 3172 spiritualis

253 3196 522 3277 impediebatur,
538 3199 622 3262 dum
637 3216 703 3262 ηερ
718 3197 862 3262 domum
875 3216 942 3262 nec
958 3199 1147 3262 ecclesiam
1169 3197 1214 3260 ad
1239 3210 1360 3262 nostra
1382 3200 1482 3262 mini-

252 3305 362 3368 steria
377 3306 579 3369 exercenda
595 3305 727 3369 habere
746 3316 921 3385 poterant,
947 3316 981 3369 et
1004 3304 1169 3386 quamvis
1191 3305 1381 3369 audiebant
1402 3323 1483 3370 con·

250 3410 426 3475 sessiones
440 3411 476 3475 in
491 3413 623 3476 sacello
642 3429 910 3490 conversarum,
928 3412 1037 3492 aliqui
1051 3412 1220 3493 egregiae
1239 3411 1368 3475 indolis
1389 3411 1482 3489 iuve-

249 3534 327 3595 nes,
344 3519 404 3599 qui
420 3519 552 3582 nostris
566 3517 823 3583 confitebantur
839 3530 873 3581 et
889 3536 1011 3581 eorum
1026 3517 1266 3582 familiaritem
1281 3517 1479 3599 cupiebant,

252 3641 323 3687 non
352 3626 502 3689 libenter
531 3627 577 3691 ad
604 3624 777 3706 eJ'usmodi
806 3628 923 3691 locum
953 3626 1143 3689 veniebant
1178 3636 1322 3707 propter
1352 3644 1481 3690 nomen

242 3730 367 3811 ipsum
383 3749 650 3811 conversarum,
667 3734 761 3813 quod
777 3751 843 3797 nec
857 3734 945 3813 ipsis
959 3751 1025 3796 uec
1040 3731 1247 3813 parentibus
1268 3750 1391 3795 eorum
1407 3735 1480 3814 pla-

244 3838 364 3901 cebat.

310 3944 380 4007 425.
425 3944 464 4009 1η
476 3942 644 4025 jubilae0,
661 3947 727 4010 sub
743 3947 881 4011 initium
896 3948 1057 4011 autumni
1071 3946 1229 4011 Mutinae
1241 3948 1478 4028 promulgato,

250 4067 403 4114 messem
417 4051 534 4115 adhuc
549 4054 784 4134 copiosiorem
798 4055 1016 4129 habueruut;
1041 4055 1104 4119 sed
1124 4071 1205 4118 cum
1226 4054 1354 4118 vicinis
1375 4054 1480 4117 morti

243 4157 369 4221 utilius
385 4160 528 4223 omnino
543 4162 708 4240 occupati
722 4161 883 4237 fuerunt3
902 4172 937 4224 et
957 4180 1038 4226 cum
1058 4160 1253 4241 cujusdam,
1277 4162 1337 4242 qui
1357 4161 1394 4225 in
1416 4162 1477 4225 ini·

244 4264 381 4328 micitia
394 4268 617 4346 versabatur,
631 4266 889 4331 consessionem
900 4286 991 4331 unus
1002 4277 1206 4331 nostrorum
1218 4268 1374 4333 audisset
1386 4278 1420 4332 et
1432 4270 1478 4332 ad

239 4373 569 4437 reconciliationem
594 4392 675 4437 cum
698 4375 841 4438 inimico
866 4374 1084 4453 adduxisset,
1108 4375 1216 4438 etsie
1239 4376 1392 4455 demum,
1420 4392 1478 4439 ac·

253 4548 297 4555 -...

283 4647 295 4681 ¹
322 4648 389 4694 Vide
398 4661 486 4703 supra.
496 4657 517 4694 t.
526 4661 564 4703 ru,
572 4662 631 4705 pag.
644 4650 689 4703 150,
700 4658 788 4694 annot.
800 4651 820 4695 l.

280 4721 296 4750 ¹
324 4722 390 4765 Vide
400 4734 488 4776 supra,
498 4730 517 4765 t.
528 4732 566 4777 tn,
576 4733 635 4776 pag.
645 4721 693 4772 206,
703 4731 727 4763 η.
736 4719 770 4764 88.
