3717 5400
367 441 425 501 330
830 441 958 502 Canon.
979 441 1056 502 Soc.
1078 445 1148 515 Jrs.

428 588 499 651 900.
544 587 744 669 Scripserat
768 588 852 652 Dux
874 589 1063 652 Ferrariae
1090 589 1110 667 ¹,
1134 600 1167 653 et
1187 590 1279 654 filius
1305 589 1381 670 ejus
1401 589 1599 669 Episcopus

368 695 608 759 Ferrariensis
623 701 644 773 ³,
662 697 697 758 in
713 696 1058 759 commendationem
1077 696 1276 775 Societati3‚
1299 697 1392 760 Duci
1412 696 1597 774 Guisiano,

364 819 501 882 genero
517 820 581 865 suo
597 801 619 878 ³,
637 815 670 865 et
696 804 844 882 Legato,
870 820 974 882 quem
999 804 1093 883 apud
1110 802 1244 882 Regem
1259 803 1601 866 Christianissimum

368 910 522 973 habebat
545 909 568 988 ⁴;
589 921 624 973 et
648 909 790 972 ultimas
815 910 957 991 quidem
980 909 1132 973 reddidit
1158 910 1196 973 P.
1224 910 1438 973 Paschasius
1460 909 1598 988 Legato

363 1016 503 1079 scilicet
518 1015 629 1078 Ducis
644 1015 844 1092 Ferrariae,
869 1015 927 1096 qui
953 1033 1056 1079 suam
1082 1034 1228 1097 operam
1254 1017 1440 1096 diligenter
1461 1016 1596 1093 obtulit,

367 1122 662 1203 quandocumque
678 1139 767 1202 opus
789 1134 893 1186 esset.
921 1122 991 1186 Sed
1017 1123 1109 1186 Duci
1124 1124 1257 1187 Guisae
1282 1142 1354 1187 non
1379 1123 1599 1187 existimavit

368 1247 452 1293 suas
472 1247 550 1292 esse
566 1229 776 1308 reddendaS,
800 1230 894 1310 quod
913 1230 950 1293 in
969 1231 1105 1293 bellicis
1119 1231 1225 1293 rebus
1237 1240 1330 1294 esset
1350 1241 1545 1309 occupatus
1567 1241 1602 1293 et

366 1337 458 1399 alias
473 1337 518 1399 ob
533 1354 672 1399 causas

427 1441 497 1506 901.
541 1442 690 1522 Signum
706 1454 824 1506 autem
839 1445 992 1519 videtur,
1010 1447 1103 1525 quod
1115 1446 1183 1508 sibi
1203 1446 1343 1508 timeret
1363 1444 1562 1524 Episcopus
1577 1440 1599 1519 ⁵,

363 1551 471 1630 quod,
489 1569 570 1614 cum
584 1551 696 1614 nostri
713 1562 900 1630 pergerent
915 1554 952 1615 in
967 1553 1041 1615 suis
1056 1552 1271 1629 ministeriis
1289 1569 1359 1614 non
1376 1552 1489 1613 solum
1506 1549 1601 1629 apud

364 1656 431 1721 San
457 1657 686 1736 Germanum,
711 1659 772 1720 sed
798 1659 835 1722 in
850 1659 1012 1722 domibus
1037 1660 1299 1738 aegrotantium
1324 1668 1359 1721 et
1385 1657 1600 1733 carceribus

366 1765 455 1829 nihil
480 1775 599 1827 tamen
624 1766 776 1845 amplius
801 1775 926 1828 contra
952 1784 1014 1829 eos
1036 1768 1224 1829 attentavit
1250 1783 1388 1843 eorum,
1421 1782 1513 1844 quae
1534 1781 1601 1827 suo

362 1873 482 1935 edicto
498 1873 734 1935 comminatus
749 1873 875 1951 fuerat3
898 1881 934 1936 et
954 1873 1143 1954 aliquando
1170 1875 1257 1936 satis
1281 1873 1457 1935 foecunda
1473 1871 1601 1935 messis

367 1979 629 2042 confessionum
641 1980 771 2042 nostris
783 1996 860 2041 sese
874 1978 1056 2058 offerebat,
1070 1990 1107 2043 ut
1119 1980 1164 2042 ad
1178 1982 1323 2042 multam
1338 1987 1600 2059 usquenoctem

366 2087 403 2149 in
418 2087 469 2148 eis
485 2085 670 2148 audiendis
685 2097 779 2148 esset
799 2086 1035 2165 vigilandum.

425 2191 496 2255 902.
541 2192 767 2272 Acceperunt
783 2203 817 2256 et
832 2193 945 2256 nostri
957 2193 1114 2272 diploma
1129 2193 1431 2272 indulgentiarum
1440 2191 1599 2271 J'ubilaei,

366 2301 480 2364 Roma
490 2299 600 2378 missi,
614 2316 694 2361 cum
708 2299 786 2362 aliis
797 2299 834 2362 P.
849 2299 980 2379 Ignatii
991 2300 1129 2377 litteris,
1144 2299 1270 2378 quibus
1278 2307 1464 2378 tantopere
1476 2298 1602 2360 laetati

362 2417 402 2470 et
416 2407 564 2468 animati
580 2416 671 2484 sunt,
690 2416 781 2468 utne
793 2415 944 2468 mortem
960 2405 1101 2486 quidem
1113 2404 1362 2484 detrectarent,
1378 2423 1444 2466 nec
1459 2403 1601 2483 quidvis

367 2513 478 2589 aliud,
497 2514 603 2575 immo
628 2521 661 2574 et
684 2512 893 2575 anhelarent
917 2513 961 2575 ad
984 2513 1096 2575 vitam
1114 2529 1180 2591 pro
1202 2511 1333 2574 Christi
1352 2529 1474 2574 amore
1494 2525 1601 2590 expo-

368 2618 539 2699 nendam,
557 2629 591 2681 et
607 2619 642 2681 in
658 2619 732 2680 suis
746 2619 872 2682 studiis
894 2619 1082 2697 diligenter
1101 2618 1296 2699 pergebant
1316 2627 1351 2680 et
1370 2633 1450 2680 cum
1470 2617 1598 2696 fructu;

366 2736 506 2790 tantum
522 2725 557 2795 id
574 2712 682 2805 aegre
697 2726 859 2789 serebant
874 2726 1045 2805 operarii,
1062 2725 1154 2804 quod
1170 2726 1301 2788 laboris
1316 2725 1466 2787 materia
1490 2722 1600 2786 conti·

367 2852 437 2895 nua
453 2850 518 2911 pro
534 2833 734 2895 animarum
749 2833 881 2895 auxilio
899 2850 971 2895 non
988 2831 1143 2895 daretur.

426 2938 496 3001 903.
542 2939 619 3001 Hoc
636 2948 805 3001 autumno
827 2938 1030 3001 Cardinalis
1050 2937 1292 3015 Lotharingus
1312 2936 1462 3000 Romam
1484 2936 1599 3016 profe-

365 3055 445 3109 ctus
462 3056 526 3123 est,
545 3046 589 3107 ad
607 3045 725 3125 aliqua
741 3046 884 3123 negotia
902 3061 983 3107 cum
998 3043 1143 3107 Summo
1159 3042 1329 3106 Pontifice
1345 3026 1455 3106 Paulo
1469 3043 1519 3106 IV
1531 3054 1586 3106 tra

366 3153 508 3231 ctanda,
526 3161 559 3214 et
576 3169 697 3213 secum
715 3151 860 3213 deduxit
875 3152 955 3214 illos
970 3160 1121 3231 quatuor
1137 3150 1319 3228 doctoreS,
1337 3150 1380 3212 de
1400 3151 1528 3230 quibus
1543 3167 1600 3212 su-

366 3261 485 3339 perius
501 3258 631 3321 mentio
647 3258 743 3321 facta
759 3268 812 3320 est
827 3256 851 3335 ⁶;
868 3267 902 3320 et
917 3258 1000 3337 quia
1016 3256 1054 3319 P.
1068 3256 1227 3335 ignatius
1243 3257 1449 3336 scripserat,
1464 3264 1598 3319 certan-

365 3366 451 3428 dum
467 3383 545 3428 esse
561 3382 642 3427 cum
658 3362 981 3426 contradictoribus
1003 3362 1217 3438 humilitate,
1235 3363 1406 3442 patientia
1426 3371 1460 3424 et
1476 3363 1597 3440 longa·

366 3473 544 3550 nimitate,
572 3479 610 3533 ut
630 3471 681 3532 sic
702 3470 890 3532 victoriam
909 3478 1148 3549 reportarent,
1176 3469 1405 3531 libentissime
1427 3470 1464 3531 id
1486 3469 1600 3531 nostri

367 3579 583 3659 parisienses
598 3594 636 3639 se
651 3576 811 3640 facturos
829 3576 977 3655 polliciti
996 3584 1093 3653 sunt;
1117 3584 1151 3636 et
1173 3583 1293 3638 tamen
1315 3576 1373 3638 illa
1396 3575 1598 3638 testimonia

367 3684 583 3764 Principum,
607 3683 867 3760 Praelatorum,
896 3693 978 3759 etc,
1006 3682 1131 3743 saltem
1158 3681 1338 3745 Cardinali
1363 3682 1598 3761 Lotharingio

366 3791 584 3855 ostendenda
600 3789 792 3852 censebant
810 3787 833 3849 ⁷.

407 4030 414 4060 ⁴
445 4028 570 4073 Hercules
581 4027 677 4071 d’Este.

405 4098 417 4128 ²
446 4100 570 4155 Aloyslus
581 4098 679 4142 d'Este.
691 4096 715 4139 V
718 4097 757 4139 lde
768 4107 855 4151 supra,
867 4103 885 4139 t.
897 4107 936 4150 ιιι,
947 4108 1010 4151 pag.
1024 4097 1073 4151 lta,
1082 4110 1107 4140 n.
1118 4096 1168 4139 289.

405 4169 416 4201 ³
443 4170 465 4213 F
466 4170 599 4213 ranciscus
609 4170 639 4211 de
651 4166 738 4220 Gutsc,
753 4168 795 4221 qui
810 4178 916 4210 uxorem
933 4167 1044 4211 duxerat
1061 4168 1164 4210 Annam
1180 4166 1279 4220 d'Este,
1296 4165 1416 4210 Herculis
1431 4166 1519 4213 filiurn.
1531 4167 1599 4213 Vide

364 4253 453 4296 supra,
464 4248 482 4285 t.
492 4252 528 4293 rv,
540 4252 599 4294 pag.
609 4239 643 4292 68,
655 4246 743 4282 annot.
753 4239 774 4280 3.

405 4314 417 4345 ⁴
444 4312 535 4355 luerat
546 4310 628 4363 Julius
639 4308 860 4353 Alva1·0tti.Vlde
872 4308 1003 4363 Ferraria,
1016 4310 1123 4353 Renata
1136 4309 1166 4352 dr*
1175 4309 1303 4360 Francia,
1314 4308 1454 4352 Duchessa
1464 4310 1495 4352 di
1503 4308 1603 4354 Ferra-

365 4395 407 4434 ra,
416 4392 435 4426 t.
447 4394 473 4437 11,
485 4394 546 4436 pag.
556 4381 604 4424 293.

405 4454 417 4484 ὅ
446 4452 610 4496 Purisiensis.

404 4522 417 4555 ὅ
444 4522 632 4577 Pag.11,n.12.

404 4594 415 4627 ¹¹
443 4595 538 4638 Acrius
549 4594 663 4636 nonnihil
678 4604 754 4647 quam
770 4592 886 4646 ignatius
901 4605 958 4637 cum
975 4593 1115 4639 societatis
1131 4594 1293 4639 adversariis
1308 4597 1436 4650 agendum
1453 4605 1598 4654 putaverat

364 4668 393 4713 P.
403 4666 491 4709 Broet.
503 4664 612 4708 Litteris
623 4664 690 4706 enlm
700 4664 713 4705 9
722 4664 735 4715 J
739 4664 789 4707 unii
801 4663 870 4707 datis
881 4671 907 4708 et
918 4676 998 4719 supra
1015 4666 1166 4709 memoratis
1181 4666 1246 4709 haee
1262 4667 1308 4711 ait:
1319 4667 1528 4723 “Bisognarebbe
1543 4671 1600 4724 (pa-
