3717 5400
795 503 860 560 ΑΝ.
888 491 957 560 1555
1436 478 1493 558 305

260 649 361 724 alias
377 659 469 728 quae
479 643 665 710 demonem
676 643 843 712 intubum
854 647 985 710 habere
998 648 1101 710 solita
1113 657 1201 726 erat,
1215 644 1363 711 consilio
1373 638 1489 728 'cujus-

261 755 344 818 dam
359 770 404 818 ex
426 749 557 820 nostris
574 749 650 831 u's‘a,
673 754 884 817 tentationes
903 754 939 816 in
963 765 1146 835 posterum
1168 753 1326 833 vincens
1353 754 1492 819 castam

262 865 374 926 vitam
388 860 497 943 agere
512 857 638 943 coepit.

321 969 392 1033 827.
435 967 475 1032 In
488 967 715 1033 monasteriis
730 969 837 1032 etiam
855 965 1059 1033 monialium
1074 969 1263 1049 aliquando
1285 967 1322 1031 P.
1341 967 1492 1032 Bernar-

262 1079 328 1140 dus
343 1077 634 1155 concionabatur,
651 1085 685 1138 et
700 1077 865 1157 quamvis
879 1069 1054 1157 principio
1069 1074 1174 1156 hujus
1194 1077 1279 1138 anni
1298 1092 1490 1156 conquere-

262 1195 360 1248 retur
373 1181 411 1246 P.
428 1182 631 1246 Bernartius
656 1181 906 1262 occupationes
922 1181 1108 1262 pauciores
1122 1199 1160 1245 se
1175 1192 1210 1244 et
1228 1183 1345 1245 socios
1360 1181 1493 1245 habere

262 1299 368 1370 quam
385 1291 500 1367 vellet,
518 1290 554 1352 in
569 1290 768 1353 animarum
793 1291 974 1367 auxilium,
1001 1289 1213 1370 simulatque
1231 1290 1267 1352 in
1287 1287 1492 1368 Quadrage·
1548 1284 1551 1288 ⁴

262 1399 352 1462 sima
366 1397 572 1460 concionari
588 1399 716 1477 coepit,
732 1407 806 1460 tam
820 1397 965 1460 uberem
980 1407 1105 1460 nactus
1121 1407 1174 1459 est
1188 1413 1351 1475 messem,
1371 1405 1410 1460 ut
1425 1414 1492 1459 nec

263 1506 349 1584 ipse,
365 1522 432 1568 nec
447 1505 546 1583 socii,
563 1505 644 1568 licet
662 1495 746 1567 boni
766 1513 801 1566 et
820 1504 1007 1583 diligentes
1030 1505 1194 1584 operarii,
1216 1519 1296 1566 eam
1314 1504 1490 1567 demetere

263 1621 418 1692 possent;
435 1622 469 1674 et
483 1611 625 1675 divinae
640 1612 884 1691 providentiae
900 1611 1071 1691 peculiari
1082 1611 1306 1674 tribuendum
1318 1619 1371 1673 est
1382 1609 1491 1690 quod,

266 1736 348 1782 cum
363 1719 554 1782 conciones
569 1717 872 1799 Quadragesimae
897 1735 1090 1798 aggressus
1114 1730 1207 1781 esset
1232 1716 1269 1780 P.
1290 1717 1494 1781 Beruardus

266 1843 346 1889 cum
372 1843 499 1907 parum
523 1821 625 1889 firma
650 1825 869 1901 valetudine,
897 1837 1016 1889 tamen
1044 1821 1133 1888 bene
1161 1842 1310 1905 corpore
1338 1824 1490 1887 habebat

264 1933 300 1996 in
315 1932 383 1996 fine
398 1932 702 2012 Quadragesimae
717 1949 827 2013 usque
844 1933 933 1996 adeo
950 1943 987 1995 ut
1007 1933 1161 2014 quinque
1182 1931 1368 1995 continuas
1384 1932 1494 1994 horas

265 2040 309 2103 de
323 2039 493 2103 Passione
507 2039 651 2102 Domini
667 2041 938 2119 praedicaverit,
956 2057 1036 2102 cum
1051 2057 1122 2102 non
1137 2040 1288 2119 amplius
1299 2053 1405 2120 quam
1420 2047 1495 2101 tres

265 2163 303 2210 se
318 2145 544 2226 praedicasse
570 2145 800 2210 existimaret.
827 2145 1017 2210 Referebat
1042 2157 1160 2209 autem
1185 2147 1280 2209 illius
1305 2145 1435 2225 templi,
1456 2143 1494 2207 in

265 2270 334 2332 quo
349 2253 638 2331 concionabatur,
656 2253 837 2317 Parochus
852 2254 958 2334 quod,
985 2271 1065 2316 cum
1082 2255 1179 2333 prius
1199 2253 1324 2316 solitus
1348 2259 1441 2315 esset
1457 2250 1494 2314 in

266 2357 441 2422 Pascbate
469 2358 672 2440 quingentis
704 2371 864 2422 sanctam
895 2361 1179 2423 communionem
1206 2359 1394 2440 praebere,
1424 2358 1495 2421 hoc

266 2483 360 2529 anno
375 2467 564 2544 nongentis
579 2483 658 2530 eam
674 2467 991 2530 communicaverit
1009 2467 1029 2526 ¹.

324 2571 395 2635 828.
438 2573 613 2651 Egressus
630 2585 747 2636 autem
759 2583 812 2636 est
826 2575 862 2636 in
878 2577 993 2637 locum
1008 2574 1197 2654 quemdam
1215 2576 1356 2636 nomine
1368 2573 1497 2636 Perve-

265 2688 341 2743 tum
355 2686 378 2755 ¹,
396 2681 454 2745 ubi
469 2681 655 2761 aliquoties
670 2700 763 2745 auno
780 2681 984 2761 praeterito,
1001 2680 1307 2761 Quadragesimae
1323 2691 1494 2762 tempore,

269 2788 501 2851 concionatus
517 2787 643 2866 fuerat,
660 2790 720 2852 ubi
735 2799 920 2870 tantopere
936 2800 1131 2870 occupatus
1147 2789 1211 2854 fuit
1230 2788 1253 2867 ³,
1271 2800 1307 2851 ut
1325 2789 1371 2852 ad
1387 2788 1497 2851 horas

269 2894 461 2958 canonicas
475 2895 643 2959 dicendas
659 2905 693 2958 et
706 2895 935 2960 refectionem
950 2897 1105 2977 aliquam
1126 2896 1335 2976 capiendam
1355 2910 1394 2957 se
1414 2911 1495 2958 cum

269 3000 443 3063 industria
465 3000 582 3082 aliqua
603 3002 811 3065 subtrahere
828 3003 988 3081 deberet,
1011 3012 1045 3065 et
1064 3003 1207 3067 tandem
1229 3020 1272 3066 ne
1292 3001 1497 3064 succumbe·

269 3115 323 3170 ret
337 3107 447 3186 oneri,
474 3108 676 3172 Turnacum
701 3108 824 3187 fugere
849 3110 1021 3187 debuerit,
1047 3110 1211 3189 quamvis
1232 3109 1375 3171 omnino
1394 3125 1497 3172 suam

269 3230 415 3294 operam
429 3232 508 3277 esse
523 3217 762 3279 necessariam
788 3216 834 3279 ibi
858 3216 1162 3295 animadverterit,
1190 3214 1303 3295 major
1328 3216 1421 3278 enim
1438 3215 1497 3277 ho·

268 3320 403 3384 minum
417 3338 502 3401 pars
523 3320 597 3401 jam
622 3322 693 3401 diu,
715 3334 775 3385 aut
800 3340 991 3403 nunquam,
1020 3322 1277 3386 confessionem
1303 3331 1341 3385 ut
1360 3331 1498 3401 oporte·

270 3428 332 3490 bat
347 3426 492 3490 iecerat.

329 3534 399 3597 829.
444 3534 574 3598 Missus
586 3547 639 3599 est
654 3546 772 3599 autem
788 3555 829 3599 eo
846 3536 883 3599 P.
900 3538 1078 3602 Antonius
1093 3538 1269 3615 Bucletas,
1287 3546 1325 3600 ut
1340 3553 1403 3598 eos
1418 3554 1499 3599 con-

270 3643 446 3705 solaretur
461 3652 494 3705 et
510 3642 751 3706 consessiones
766 3644 904 3707 audiret
920 3646 1164 3725 plurimorum,
1182 3644 1241 3724 qui
1252 3643 1363 3705 vitam
1378 3644 1414 3705 in
1428 3660 1498 3706 me·

270 3749 337 3810 lius
352 3756 488 3812 mutare
503 3759 713 3812 statuerant.
730 3749 846 3814 Rediit
859 3752 983 3815 eodem
999 3763 1033 3814 et
1045 3752 1082 3815 P.
1097 3750 1311 3829 Beruardus,
1324 3761 1361 3813 ut
1377 3767 1499 3813 eorum

271 3854 451 3919 devotioni
472 3872 514 3918 ac
529 3858 734 3920 necessitati
748 3859 963 3921 subveniret.
990 3860 1035 3922 Et
1050 3860 1116 3921 hoc
1143 3858 1372 3921 observatum
1396 3857 1500 3919 estin

272 3962 331 4025 illa
346 3960 549 4041 provincia,
571 3964 666 4043 quod
690 3963 831 4043 plurimi
856 3966 1139 4029 confessionibus
1161 3964 1386 4044 generalibus
1404 3964 1501 4026 vitae

270 4067 379 4132 totius
393 4068 610 4149 indigebant,
628 4088 698 4133 non
717 4080 755 4133 ut
775 4072 955 4136 devotioni
980 4072 1180 4150 satisfieret,
1208 4071 1269 4135 sed
1290 4083 1328 4133 ut
1347 4072 1499 4133 necessi·

267 4176 348 4265 'tati;
370 4175 472 4239 multi
486 4187 605 4240 autem
623 4178 753 4257 publici
768 4179 919 4243 adulteri
939 4190 973 4243 et
997 4180 1238 4243 concubinarii
1264 4189 1298 4242 et
1319 4180 1379 4241 alii
1394 4178 1502 4240 etiarn

315 4454 323 4485 Ι
353 4450 403 4495 “Le
414 4456 476 4496 cure
487 4454 518 4496 de
530 4456 554 4497 la
565 4454 715 4509 Madeleine,
726 4460 758 4500 od
768 4458 785 4501 il
794 4460 891 4513 precba
902 4459 925 4502 le
936 4463 1039 4502 carente
1051 4460 1081 4502 de
1094 4459 1154 4509 1555,
1165 4458 1205 4502 vit
1213 4470 1241 4501 se
1252 4459 1388 4502 doublerle
1396 4458 1502 4501 nombre

274 4522 305 4566 de
316 4534 380 4567 ceux
391 4524 433 4577 qui
444 4526 635 4581 accomplissait
646 4529 670 4570 le
685 4528 776 4571 devoir
791 4532 887 4583 pascal:
899 4531 929 4573 de
940 4528 981 4573 500
996 4531 1014 4573 il
1033 4532 1130 4574 s'eleva
1141 4534 1156 4573 a
1166 4529 1226 4583 900.„
1237 4530 1382 4583 Dramcu,
1397 4528 1434 4573 Le
1442 4535 1504 4584 pro·

274 4596 447 4639 testantlsme
457 4598 483 4639 et
493 4597 520 4639 la
531 4596 690 4652 Compagm'e
701 4600 734 4643 de
743 4600 825 4655 jesus
836 4604 851 4643 ct
867 4600 986 4645 Toumar·
995 4614 1030 4645 au
1042 4602 1067 4647 X
1073 4602 1126 4645 Vln
1138 4603 1227 4653 siecle,
1236 4613 1296 4656 pag.
1307 4601 1342 4652 00.

316 4666 327 4698 ¹
354 4666 498 4712 Peruoeta.
509 4668 575 4713 Vide
586 4680 674 4727 supra,
685 4679 703 4715 t.
714 4684 749 4726 tv,
760 4684 819 4727 pag,
830 4674 878 4723 286,
889 4683 968 4717 annot
979 4675 1001 4716 5.

317 4736 329 4768 ³
354 4738 587 4791 suerithabetMs.

434 4827 469 4885 'l'.
490 4848 519 4884 v.
1327 4854 1362 4892 20
