3717 5400
404 487 459 549 6¹26
860 487 987 548 cneori.
1009 486 1087 547 Soc.
1115 487 1178 560 ias.

462 633 552 698 1712.
591 635 640 698 Et
661 635 714 698 ita
738 633 1015 697 confirmabatur
1045 635 1231 709 sentent-ia,
1259 635 1366 714 quam
1392 636 1504 698 nostri
1525 639 1639 699 ‘terte

400 743 497 820 bant,
512 743 549 804 ih
561 747 607 805 'ea
623 738 801 805 maritima
817 742 968 821 regione
988 737 1162 804 Brasiliae
1179 741 1320 821 'sperati
1335 733 1413 804 bon
1420 741 1532 822 ”posse
1552 756 1630 806 ma·

400 855 510 928 gnum
532 849 780 913 'conversionis
804 847 969 923 irnctum,
1000 849 1067 910 nisi
1093 848 1194 927 'pritls
1216 845 1472 912 ‘edolnaientur
1498 859 1533 912 ct
1559 850 1640 913 sub*

400 953 538 1036 leg1bus
555 955 711 1036 justitiae
731 954 927 1019 communis
947 964 982 1018 et
1003 956 1069 1018 'sub
1084 954 1215 1018 Christi
1235 956 1371 1018 uexillo
1394 953 1515 1018 vivere
1531 953 1626 1021 corn-

400 1065 631 1144 peller'en'tur-;
652 1064 688 1126 hi
703 1063 802 1126 'enim
821 1063 1068 1126 catechumeni
1089 1070 1260 1141 magnam
1280 1063 1359 1126 liclei
1376 1065 1414 1126 ‘c't
1436 1059 1640 1143 probitatis.

400 1171 640 1250 cognitionem
655 1171 755 1233 initio
770 1170 957 1248 dederant-3
979 1169 1043 1231 sed
1057 1170 1133 1232 sive
1147 1185 1210 1249 spe
1228 1170 1408 1250 quaestus
1425 1172 1508 1234 sive
1522 1171 1624 1234 inani

399 1278 554 1359 quadam
579 1277 710 1356 gloria,
736 1277 978 1358 potiusquam
997 1275 1084 1340 ‘fidei
1107 1275 1249 1340 fervore
1268 1277 1520 1356 movmerltur,
1548 1277 1625 1342 sive

398 1385 494 1466 quod
505 1384 595 1448 fines
611 1384 749 1447 infirma
771 1387 865 1447 esset
880 1395 914 1446 et
928 1383 1150 1446 instabilitati
1170 1384 1335 1458 obnoxia,
1355 1382 1502 1448 suborta
1519 1387 1625 1449 'occa-

399 1492 495 1556 sione
513 1491 643 1572 aliqu'a,
661 1491 704 1553 ad
721 1491 893 1554 vomitum
902 1490 1158 1569 ‘gentilicorum
1173 1489 1305 1554 rit‘t'tum
1325 1489 1497 1554 redibant.
1511 1489 1559 1556 Et
1573 1491 1624 1555 ita

396 1599 510 1663 nostri
520 1589 752 1677 'coliigebana
769 1597 882 1660 denec
898 1597 1086 1660 tammulti
1100 1597 1265 1660 venirent
1286 1607 1324 1660 ut
1338 1598 1382 1660 ab
1401 1595 1624 1662 indis'ti'meri

396 1716 552 1786 possent,
580 1707 642 1768 vix
664 1705 770 1768 alium
795 1703 950 1767 iructum
974 1703 1125 1767 solidum
1151 1704 1287 1784 sperari
1314 1721 1419 1785 posse
1448 1703 1554 1785 quam
1577 1704 1621 1769 ut

390 1811 486 1876 filios
501 1831 546 1876 ex
561 1812 736 1892 aliquibus
745 1811 905 1891 ipsorum
917 1812 1087 1891 parvulos
1102 1811 1148 1874 ad
1164 1809 1296 1874 Christi
1307 1803 1412 1876 fldem
1426 1811 1634 1893 traherent,

397 1929 432 1984 et
446 1921 483 1983 in
498 1921 660 1983 doctrina
674 1935 718 1982 ac
734 1910 895 1981 'moribus
911 1917 1115 1981 christianis
1135 1917 1375 1998 instituerent;
1389 1919 1431 1982 ''et
1446 1905 1569 1983 a'tlhuc
1584 1921 1620 1984 in

392 2027 517 2090 multis
533 2033 656 2089 eorum
677 2015 870 2090 timendum
893 2027 1046 2102 eratne,
1069 2041 1150 2087 cum
1173 2023 1624 2104 adultiessent,'adinores

393 2141 567 2216 paternos
581 2133 850 2214 degenerarent.
872 2131 911 2194 ln
932 2130 1135 2193 nationibus
1154 2136 1273 2194 autem
1287 2131 1450 2196 indorum
1470 2131 1544 2212 jani
1559 2134 1622 2196 do-

393 2241 491 2305 mitis
505 2242 632 2304 uberes
647 2259 689 2304 ac
705 2251 822 2304 certos
844 2238 981 2301 fructus
1000 2254 1046 2301 ex
1066 2239 1200 2302 semine
1214 2237 1320 2302 ‘verbi
1339 2239 1405 2303 Dei
1427 2239 1622 2321 percipien-

394 2350 459 2413 dos
472 2349 682 2429 sperabant.

457 2456 542 2519 1713.
586 2453 624 2518 in
651 2454 780 2535 oppido
795 2453 854 2518 su
874 2453 1056 2517 Vincentii
1066 2448 1393 2532 praedicationibus
1402 2462 1443 2516 ¹et
1456 2455 1634 2518 exhorta·-

393 2563 549 2626 tionibus
569 2563 607 2625 P.
628 2561 867 2625 Emmanuelis
885 2561 929 2623 de
948 2558 1085 2638 Payva,
1104 2567 1140 2620 et
1158 2558 1358 2621 'ministerio
1377 2559 1483 2623 etiam
1503 2578 1624 2624 saera·

392 2668 501 2735 menti
517 2668 763 2751 poenitentiae,
777 2667 912 2731 tructus
925 2666 1051 2747 aliquis
1064 2663 1251 2746 perceptus
1265 2676 1342 2730 erat
1358 2676 1392 2729 et
1406 2666 1529 2731 indies
1544 2685 1631 2748 per·-

392 2778 599 2857 clpiebatur,
623 2778 659 2839 in
675 2776 836 2839 lusitanis
856 2774 1066 2853 praesertim
1087 2786 1129 2836 ac
1149 2772 1264 2836 servis
1279 2790 1411 2851 eorum,
1435 2775 1496 2855 qni
1517 2773 1622 2855 hujus

391 2884 606 2947 sacramenti
621 2892 773 2962 capaces
788 2891 909 2960 erant:
925 2894 1117 2959 omnesque
1127 2880 1343 2943 indoc'triua
1357 2882 1564 2959 christiana,
1582 2893 1617 2946 et

392 2990 581 3070 praecipue
597 2990 708 3070 pueri,
726 2988 993 3064 erudiebantur;
1018 2996 1052 3050 et
1073 2987 1284 3067 ubicumque
1300 2988 1412 3051 nostri
1427 2990 1617 3052 versaban-

390 3108 458 3176 tur,
476 3098 565 3160 haec
579 3096 767 3176 diligenter
782 3096 1024 3176 praestabant.

457 3203 544 3267 1714.
584 3204 731 3267 interim
750 3201 992 3279 Piratiningae
1008 3218 1118 3264 senex
1137 3202 1281 3282 quidam
1301 3200 1530 3279 lirasiliensis,
1543 3202 1634 3283 jam*

391 3306 617 3388 christianus,
645 3310 854 3375 concionem
873 3309 996 3372 habuit
1020 3309 1065 3372 ad
1091 3326 1187 3382 suos
1212 3308 1338 3389 quibus
1360 3304 1416 3372 sbi
1445 3309 1618 3389 praefecti

391 3419 526 3482 factum
553 3418 714 3497 graviter
738 3416 1029 3496 reprehendebat,
1059 3422 1263 3478 nostrorum
1291 3414 1402 3478 vitam
1431 3428 1619 3498 moresque

391 3520 605 3587 christianos
622 3539 837 3603 magnopere
852 3522 1038 3599 laudabat,
1056 3522 1232 3601 indosque
1250 3532 1289 3584 ut
1308 3523 1540 3603 sequerentur
1550 3524 1619 3587 ·do·

361 3632 541 3695 -ctrinam
555 3643 758 3693 nostrorum
773 3630 997 3704 hortabatur,
1017 3645 1084 3710 qua
1106 3627 1465 3708 concioneabso‘luta,
1481 3631 1634 3710 praedi·-

389 3746 447 3801 cta
464 3752 589 3800 socrus
604 3736 786 3816 praefecti,
814 3754 904 3817 quae
924 3735 1139 3815 baptismum
1151 3734 1226 3816 jam
1246 3735 1378 3799 dlttluln
1396 3748 1617 3817 susceperat,

388 3854 592 3907 nostrorum
609 3843 767 3923 partibus
782 3842 916 3922 favere,
935 3852 968 3905 et
984 3858 1087 3905 suum
1108 3858 1278 3920 generum
1298 3839 1482 3921 exagitare
1500 3850 1619 3924 repre·

388 3950 757 4029 hensionibuscoepit.
1123 3973 1137 4005 t

448 4056 536 4120 1715.
580 4056 658 4135 lpse
674 4062 940 4135 autem'contra,
955 4056 1112 4136 percitus
1124 4055 1244 4120 furore
1259 4055 1415 4136 quodam
1426 4055 1617 4136 diabolico,

385 4164 467 4229 fidei
483 4162 699 4226 christianae
713 4173 748 4226 et
763 4163 938 4241 baptismo
954 4166 1122 4243 suscepto
1139 4163 1374 4242 renunciavit,
1391 4165 1618 4228 moreschri-

388 4272 588 4341 stianorum
609 4269 844 4349 vituperando
859 4280 894 4332 et
913 4270 1100 4333 brasilicos
1115 4269 1305 4349 laudando,
1318 4271 1373 4334 *ad
1393 4287 1481 4352 quos
1500 4271 1618 4336 redire

386 4379 477 4443 velle
501 4377 644 4440 omnino
666 4376 864 4453 videbatur;
890 4386 923 4438 et
944 4375 1068 4439 relicto
1090 4379 1245 4451 nornine,
1266 4378 1361 4457 quod
1379 4378 1415 4440 in
1436 4378 1621 4458 Baptismo

388 4493 606 4563 susceperat,
624 4500 727 4546 suum
741 4484 947 4562 gentilicum
961 4482 1077 4546 denuo
1099 4486 1300 4564 resumpsit,
1325 4496 1360 4547 et
1382 4485 1428 4548 ad
1447 4485 1538 4548 belia
1559 4502 1634 4565 ge·-

386 4591 497 4657 renda
518 4600 552 4653 et
572 4591 692 4653 hostes
711 4583 983 4668 interficiendos,
1007 4599 1046 4653 ut
1066 4600 1171 4654 antea
1193 4590 1339 4670 solebat,
1362 4610 1400 4655 se
1421 4591 1620 4658 rediturum

384 4698 592 4773 affirmabat;
611 4714 632 4759 a
648 4714 716 4777 quo
732 4708 850 4761 tamen
867 4715 967 4777 uxor,
984 4715 1111 4761 socrus
1127 4708 1160 4762 et
1176 4698 1238 4761 lilii
1250 4698 1477 4763 vehementer
1489 4700 1631 4764 abhor··
