3717 5400
802 500 867 558 Aa.
893 499 964 560 1555
1448 495 1504 555 185

268 650 340 712 51111
351 647 422 712 1651
429 644 656 726 iucundoque
667 655 841 709 concentu
851 645 1126 724 respondebant3
1139 644 1376 725 postmodum,
1391 645 1499 724 aliqui

268 755 461 834 sigillatim,
487 763 591 833 prout
610 754 648 816 in
668 762 767 816 tanto
789 769 936 814 numero
956 751 1032 815 fieri
1051 761 1209 832 poterat,
1230 751 1499 830 interrogaban-

268 874 337 940 tur;
360 861 487 941 quibus
511 860 677 940 peractis,
704 860 892 922 lectionem
916 859 1099 938 magister,
1127 859 1251 921 ordine
1274 858 1367 921 illius
1393 858 1501 920 libelli

268 978 424 1046 servato,
447 969 686 1048 praelegebat.
712 965 827 1046 Quam
849 976 922 1028 tam
942 975 1074 1028 attente
1097 965 1264 1029 audiebat
1283 966 1498 1028 tumultuosa

268 1077 328 1138 illa
342 1086 377 1138 et
392 1078 550 1139 clamosa
565 1085 682 1152 116155,
702 1084 741 1137 111
760 1074 797 1136 15
810 1083 1062 1136 sexcentorum
1083 1072 1337 1152 discipulorum
1352 1089 1504 1135 numero

269 1186 332 1247 vix
351 1185 442 1246 ullus
464 1183 633 1262 strepitus
652 1181 847 1246 audiretur:
870 1181 1019 1244 aderant
1045 1181 1151 1257 enim,
1179 1193 1217 1242 ut
1235 1197 1297 1244 eos
1322 1180 1358 1243 in
1384 1178 1498 1242 officio

270 1291 504 1369 continerent,
522 1291 559 1352 in
573 1291 724 1369 singulis
740 1289 880 1368 templis
901 1289 1012 1369 aliqui
1033 1289 1254 1366 sacerdoteS,
1275 1297 1417 1368 praeter
1439 1305 1500 1350 no·

269 1408 379 1476 stros,
408 1399 468 1478 qui
493 1398 587 1477 apud
612 1415 742 1476 pueros
764 1406 1006 1460 correctorum
1032 1395 1146 1459 officio
1175 1395 1425 1474 fungebantur.
1452 1395 1502 1458 At

269 1506 368 1584 pueri
384 1515 456 1568 tam
471 1505 577 1568 hilari
590 1506 709 1567 animo
726 1504 926 1568 doctrinam
941 1505 1034 1566 hanc
1049 1504 1263 1566 imbibebant
1278 1512 1315 1565 ut
1335 1501 1504 1582 antiquas

270 1612 466 1675 cantilenas
481 1615 517 1674 in
532 1612 627 1691 piam
641 1612 734 1674 hanc
749 1611 939 1674 melodiam
954 1619 1218 1683 converterent;
1237 1627 1302 1672 566
1324 1609 1422 1672 aliud
1441 1609 1501 1671 diu

270 1728 448 1800 noctuque
463 1736 528 1800 per
542 1720 643 1782 vicos
658 1729 692 1780 et
707 1722 844 1797 plateas
859 1727 1002 1798 praeter
1021 1718 1086 1781 hos
1107 1735 1232 1780 sacros
1251 1718 1403 1796 hymnos
1424 1733 1502 1795 per-

271 1834 451 1889 sonarent.
469 1827 546 1906 Qua
569 1827 613 1889 de
628 1843 666 1889 re
685 1835 853 1905 parentes
872 1843 995 1888 eorum
1016 1841 1097 1888 cum
1120 1841 1258 1887 summa
1278 1824 1412 1886 laetitia
1433 1821 1502 1886 Dei

270 1934 526 2012 benignitatem
542 1951 767 2013 summopere
782 1933 988 1996 laudabant.

331 2041 402 2103 533.
446 2040 524 2103 Hoc
539 2050 655 2104 autem
671 2040 976 2104 informandorum
993 2057 1182 2119 puerorum
1203 2039 1357 2101 studium
1379 2053 1500 2116 coepe·

272 2158 329 2210 rat
340 2146 413 2227 jam
428 2149 463 2210 in
478 2147 690 2226 quibusdam
704 2147 846 2210 Siciliae
862 2147 1077 2223 civitatibus
1094 2147 1143 2208 ita
1159 2145 1328 2222 Pro-rege
1340 2161 1402 2224 per
1414 2144 1504 2206 litte·

272 2271 333 2316 ras
344 2254 499 2334 jubente,
517 2255 664 2327 institui,
680 2264 714 2316 et
729 2255 834 2316 latius
855 2255 891 2317 in
912 2255 1039 2317 diesin
1055 2254 1144 2316 alias
1165 2263 1271 2332 atque
1286 2252 1375 2314 alias
1396 2250 1505 2313 urbes

273 2362 533 2424 extendendum
552 2372 618 2423 est.

332 2467 403 2531 534.
447 2469 502 2531 Ex
516 2470 572 2530 his
586 2469 766 2546 1111115115,
784 2470 911 2549 quibus
933 2469 1165 2532 christianam
1185 2469 1383 2531 doctrinam
1403 2483 1504 2545 prae-

277 2577 418 2654 legendi
438 2594 523 2638 cura
544 2589 598 2638 est
617 2577 846 2654 demandata,
868 2587 1020 2656 quatuor
1040 2576 1273 2655 autquinque
1295 2575 1353 2654 pio
1376 2572 1504 2636 1116615

275 2684 454 2761 commoti,
472 2702 553 2747 cum
567 2684 892 2747 animadverterent
907 2684 942 2747 in
958 2683 1168 2765 quibusdam
1183 2683 1332 2764 publicis
1344 2681 1441 2747 urbis
1455 2683 1503 2745 lo·

275 2794 327 2855 cis
340 2793 521 2870 ingentem
536 2808 614 2853 esse
629 2792 810 2854 hominum
824 2809 1021 2866 numerum,
1043 2792 1113 2872 qui,
1130 2794 1208 2853 loco
1225 2792 1292 2853 cibi
1307 2790 1408 2853 verbi
1423 2788 1506 2867 Dei,

274 2899 365 2963 salsa
390 2898 644 2961 circulatorum
667 2899 902 2978 quorumdam
927 2899 1089 2961 doctrina
1115 2908 1149 2961 61
1172 2899 1352 2961 6110115115
1372 2897 1503 2959 imbue·

275 3006 415 3076 bantur,
431 3006 667 3083 impetrarunt
683 3023 704 3067 a
719 3004 756 3067 P.
779 3005 998 3069 Provinciali
1017 3016 1054 3069 ut
1076 3022 1138 3085 per
1159 3008 1277 3085 ipsum
1291 3006 1415 3068 liceret
1436 3004 1506 3067 illis

275 3114 312 3175 15
327 3114 415 3175 10615
430 3112 579 3174 verbum
593 3112 660 3174 Dei
677 3112 896 3191 praedicare.
921 3112 1074 3175 Obtenta
1096 3129 1183 3191 ergo
1205 3112 1384 3187 facultate,
1409 3111 1446 3173 in
1461 3112 1505 3173 ri·

274 3237 358 3299 pam
372 3220 482 3282 maris
497 3227 680 3294 venerunt,
697 3219 756 3297 qui
770 3220 869 3281 locus
884 3220 1077 3283 latissimus
1092 3231 1156 3297 651,
1173 3230 1207 3282 61
1223 3218 1272 3299 [15
1286 3216 1341 3299 60]
1358 3219 1508 3299 praesti·

275 3328 436 3405 giatores
449 3326 593 3406 quidam
608 3325 707 3388 165115
723 3327 846 3389 diebus
860 3327 896 3389 in
910 3327 1194 3407 frequentissima
1207 3327 1389 3390 hominum
1404 3326 1507 3389 turba

275 3450 392 3511 nugas
405 3450 489 3495 suas
503 3434 705 3509 venditare,
722 3434 888 3497 adhibitis
911 3435 1101 3497 verborum
1120 3434 1304 3497 lenociniis
1323 3450 1387 3513 pro
1409 3450 1508 3496 more

276 3559 353 3617 5110,
369 3541 571 3605 studebant.
587 3540 788 3621 Coeperunt
806 3559 892 3621 ergo
911 3543 1040 3620 nostri,
1062 3560 1140 3604 sese
1162 3562 1207 3605 ex
1227 3540 1380 3604 adverso
1400 3556 1506 3621 oppo-

277 3658 403 3711 nentes
426 3648 483 3710 his
505 3648 786 3725 circulatoribus
814 3649 858 3711 de
882 3650 988 3711 rebus
1014 3649 1059 3711 ad
1080 3650 1230 3711 salutem
1251 3648 1509 3728 pertinentibus

278 3756 464 3830 disserere;
481 3764 516 3817 et
530 3756 591 3832 ita,
607 3756 1174 3833 1551511115505115155516116115,
1192 3756 1427 3818 accurrebant
1448 3772 1507 3817 un·

281 3864 386 3943 dique
400 3862 562 3925 homines
577 3863 622 3924 ad
637 3873 780 3925 nostros
795 3864 1006 3937 audiendos;
1030 3881 1072 3926 ac
1092 3864 1206 3943 primo
1228 3863 1279 3926 rei
1298 3863 1508 3939 novitatem,

280 3970 503 4049 postmodum
529 3970 635 4031 ctiam
660 3986 762 4031 suam
782 3971 968 4032 stultitiam
987 3980 1022 4033 et
1042 3988 1199 4033 errorem
1224 3971 1444 4033 mirabantur
1466 3985 1508 4029 ac

279 4076 467 4153 deflebant,
482 4076 579 4155 quod
593 4077 751 4155 perditos
766 4077 844 4139 illos
856 4078 1018 4139 homines
1029 4090 1272 4158 sequerentur.
1289 4077 1377 4141 Cum
1390 4086 1509 4139 autem

280 4182 319 4245 P.
336 4182 572 4245 Provincialis
587 4182 654 4244 hoc
669 4181 829 4261 Pro-regi
845 4194 1039 4261 narrasset3
1058 4185 1222 4263 “utinam,
1239 4184 1351 4264 inquit
1365 4183 1434 4262 ille,
1450 4198 1508 4245 ve·

279 4291 344 4352 stri
358 4290 419 4352 isti
432 4291 561 4353 iratres
572 4298 708 4351 tantam
724 4290 768 4351 ab
784 4291 851 4353 hac
867 4292 952 4353 urbe
968 4302 1102 4370 pestem
1118 4292 1362 4371 depellerent,

340 4396 411 4459 535.
455 4396 574 4460 Nostri
590 4413 677 4474 ergo
693 4414 764 4458 non
781 4398 816 4458 vi
832 4410 893 4459 aut
907 4398 1105 4461 maledictis
1122 4401 1216 4476 111115,
1234 4400 1296 4462 5611
1311 4416 1436 4461 sanam
1451 4400 1510 4462 do-

281 4505 434 4567 ctrinam
449 4504 688 4583 praedicando
710 4505 746 4568 id
771 4516 955 4583 praestare
977 4506 1196 4586 nitebantur,
1214 4518 1247 4570 et
1266 4507 1343 4571 sine
1364 4509 1511 4569 vulnere

283 4610 394 4673 corda
409 4611 520 4673 verbo
535 4610 602 4673 Dei
618 4612 806 4675 salubriter
821 4615 985 4677 sauciare
1004 4616 1203 4678 studebant.
1225 4616 1319 4679 later
1342 4615 1431 4678 alias
1452 4631 1511 4677 aue

284 4728 356 4780 tem
371 4719 562 4781 conciones
576 4718 624 4780 ibi
639 4719 789 4796 habitas,
806 4738 887 4783 cum
902 4722 1045 4801 quidam
1061 4740 1106 4785 ex
1121 4725 1253 4785 nostris
1272 4724 1444 4787 acerrime
1460 4738 1515 4785 re·
