3717 5400
754 516 816 575 An.
837 516 906 575 1555
950 599 955 612 ι
1395 518 1450 577 547

279 658 367 723 1498.
412 658 511 724 Dixit
540 676 626 741 ergo
651 660 683 724 ei
712 660 749 724 P.
776 658 992 725 Franciscus
1017 662 1204 743 quaedam,
1231 680 1340 743 quae,
1367 680 1450 727 curn

216 784 305 831 sana
319 778 425 845 esset,
440 768 589 831 libenter
605 767 728 831 audire
748 768 791 831 de
812 769 879 849 piis
900 770 1007 832 rebus
1026 770 1132 833 solita
1152 779 1246 848 erat;
1269 768 1396 835 deinde
1417 772 1450 834 ui

216 874 432 955 persuadere
448 876 564 954 coepit
580 887 617 938 ut
636 893 674 939 se
693 878 841 940 multum
859 876 1013 940 Domino
1033 876 1297 940 commendaret
1313 887 1347 940 et
1369 894 1449 941 san·

218 991 276 1045 cta
300 992 526 1046 sacramenta
551 982 734 1047 Ecclesiae
760 994 906 1064 peteret,
933 993 968 1047 et
993 994 1032 1048 ut
1057 984 1123 1046 sibi
1148 985 1386 1048 committeret
1411 995 1450 1048 ut

217 1089 329 1169 ipsius
343 1090 486 1153 nornine
501 1088 670 1154 Sanctam
685 1090 808 1155 Fidem
823 1090 1045 1155 Catholicam
1057 1100 1324 1172 protestaretur,
1341 1093 1450 1173 quod·

218 1214 286 1277 que
304 1196 428 1261 vivere
449 1208 482 1259 et
505 1198 595 1261 mori
614 1199 755 1261 volebat
771 1198 808 1261 in
825 1214 883 1276 ea,
904 1198 1189 1279 quandoquidem
1209 1206 1353 1280 propter
1375 1199 1449 1261 vim

219 1304 333 1368 morbi
348 1304 426 1385 ipsa
441 1304 476 1367 id
490 1305 609 1369 facere
624 1324 694 1369 non
709 1316 861 1386 poterat.
878 1306 922 1369 Et
942 1323 1023 1369 cum
1038 1306 1174 1369 diceret
1195 1304 1332 1385 Regina
1355 1322 1394 1368 se
1415 1305 1452 1369 id

217 1411 268 1475 ita
283 1420 415 1492 petere,
432 1413 544 1477 voluit
559 1412 596 1475 P.
614 1412 829 1477 Franciscus
845 1413 890 1476 ad
907 1423 1045 1494 tempus
1061 1413 1204 1493 aliquod
1223 1414 1269 1477 ab
1291 1431 1334 1475 ca
1355 1430 1451 1476 rece·

218 1518 324 1597 dere,
354 1518 516 1600 eoquod
545 1520 650 1583 valde
679 1521 801 1583 morbo
830 1529 1035 1583 vexaretur.
1062 1519 1132 1585 Sed
1161 1520 1283 1584 statim
1310 1518 1451 1600 Regina

218 1624 334 1705 ipsum
350 1625 394 1688 ad
410 1644 448 1690 se
463 1627 587 1690 vocari
598 1626 702 1707 jussit
717 1638 756 1691 ut
770 1628 969 1708 symbolum
986 1628 1093 1709 (quod
1111 1627 1222 1691 Credo
1238 1630 1348 1707 vulgo
1366 1627 1450 1690 dici-

178 1754 182 1761 ·
218 1736 288 1809 tur)
318 1750 441 1797 coram
469 1750 508 1796 se
536 1734 680 1798 diceret.
711 1733 799 1799 Cum
830 1744 949 1798 autem
976 1733 1010 1796 P.
1037 1734 1254 1798 Franciscus
1279 1735 1451 1815 inciperet

219 1840 474 1921 Apostolorum
486 1843 697 1923 symbolum,
710 1844 890 1921 suggessit
904 1842 1043 1921 Regina
1055 1841 1230 1923 quaedam
1245 1842 1355 1906 verba
1371 1842 1452 1905 sim·

219 1948 291 2011 boli
306 1948 465 2027 Nicaeni,
482 1948 576 2029 quod
591 1949 627 2011 in
642 1948 801 2013 Ecclesia
814 1950 895 2012 cani
907 1950 1008 2027 solet,
1025 1960 1060 2011 et
1075 1950 1127 2012 ita
1142 1948 1228 2012 illud
1241 1949 1452 2029 pronuncia·

219 2055 283 2130 vit,
300 2072 381 2119 cum
395 2066 528 2119 attente
543 2054 681 2135 Regina
695 2057 812 2136 ipsum
833 2056 986 2134 audiret,
1004 2072 1096 2137 quae
1115 2055 1152 2119 in
1167 2054 1237 2119 line
1257 2056 1450 2136 respondit,

220 2161 336 2225 Amen
360 2160 380 2225 '.
401 2161 556 2242 injunxit
575 2163 699 2226 eadem
722 2162 756 2225 P.
779 2161 974 2226 Francisco
993 2180 1038 2225 ne
1064 2172 1222 2226 cessaret
1246 2163 1361 2243 ipsam
1381 2162 1452 2226 Do·

220 2268 316 2333 mino
332 2270 599 2348 commendare,
615 2287 706 2350 quae
725 2268 926 2349 huiusmodi
946 2270 1112 2349 precibus
1134 2269 1326 2350 indigebat.
1345 2267 1453 2333 Oscu-

219 2377 361 2460 labatur
385 2377 526 2440 interim
551 2377 676 2440 crebro
701 2376 893 2457 imaginem
914 2375 1086 2440 Crucifixi
1105 2385 1139 2440 et
1158 2376 1199 2439 Β.
1221 2376 1394 2456 Virginis,
1418 2388 1453 2439 et

221 2484 406 2547 admoveri
421 2484 487 2547 sibi
503 2484 548 2547 ad
562 2484 630 2547 hoc
645 2484 837 2563 imaginem
852 2484 979 2546 crebro
996 2484 1201 2563 postulabat
1215 2483 1238 2544 ².

285 2590 372 2655 1499.
416 2590 496 2654 Viri
518 2600 638 2654 autem
657 2598 694 2654 et
713 2589 901 2669 foeminae,
929 2591 988 2670 qui
1015 2593 1051 2653 in
1077 2589 1236 2671 Reginae
1256 2590 1453 2655 ministerio

221 2709 335 2776 erant,
353 2708 388 2761 et
402 2697 645 2778 intelligebant
660 2709 877 2779 quantopere
893 2699 953 2762 illa
967 2707 1114 2779 propter
1129 2696 1312 2779 antiquam
1334 2716 1452 2762 amen·

222 2807 307 2870 tiam
323 2807 515 2869 abhorrere
531 2805 576 2868 ab
590 2803 790 2885 hujusmodi
805 2806 910 2869 rebus
925 2805 1031 2869 solita
1050 2822 1159 2884 esset,
1177 2814 1276 2869 tanta
1291 2809 1453 2870 consola·

222 2915 319 2978 tione
333 2912 631 2994 perfundebantur
647 2913 715 2974 bac
731 2912 1015 2977 consideratione
1030 2913 1221 2976 observata
1241 2924 1275 2975 et
1291 2912 1353 2976 tali
1367 2921 1451 2975 tem·

223 3038 321 3102 pore,
339 3029 376 3083 ut
390 3019 527 3100 gratias
546 3018 685 3098 agendo
701 3018 855 3082 Domino
871 3019 998 3082 uberes
1017 3021 1199 3100 lacrymas
1217 3018 1451 3083 effunderent.

223 3127 314 3192 Nam
339 3126 526 3190 videbatur
551 3135 624 3189 tant
649 3141 737 3188 sano
763 3125 813 3188 uti
836 3123 969 3204 judicio
996 3123 1134 3204 Regina
1160 3135 1197 3188 ut
1222 3127 1253 3188 si
1272 3143 1454 3208 nunquam

224 3235 400 3298 amentiae
416 3233 539 3296 morbo
554 3233 762 3310 laborasset,
779 3249 890 3313 usque
909 3231 998 3296 adeo
1013 3243 1051 3296 ut
1067 3231 1104 3297 P.
1126 3231 1357 3312 Franciscus,
1379 3235 1451 3312 qui,

224 3359 304 3406 cum
329 3339 546 3405 Salmantica
573 3340 753 3414 transiret,
780 3341 979 3404 contulerat
1005 3358 1086 3403 cum
1113 3339 1328 3403 doctissimis
1352 3339 1452 3418 viriS,

223 3449 303 3514 Fre.
320 3447 509 3512 Dominico
523 3448 566 3511 de
582 3446 667 3511 Soto
683 3457 718 3510 et
736 3447 816 3510 Fre.
838 3446 944 3509 Petro
966 3447 1009 3510 de
1029 3445 1254 3528 Sotomajore
1273 3445 1300 3523 ³,
1322 3447 1453 3509 tbeolo·

223 3557 305 3638 glae
321 3555 593 3637 professoribus,
610 3571 695 3617 num
710 3563 934 3618 sacramenta
952 3553 1200 3617 Eucharistiae
1215 3562 1249 3618 et
1264 3553 1454 3616 Extremae

225 3662 413 3729 Unctionis
433 3660 591 3741 Reginae
611 3661 646 3724 in
667 3661 726 3744 illo
745 3671 841 3723 statu
861 3659 1116 3723 communicari
1137 3671 1298 3740 possent;
1319 3669 1355 3722 et
1374 3669 1455 3740 post

225 3771 372 3834 multam
387 3768 644 3832 discussionem
659 3767 922 3832 constituissent
937 3785 1009 3830 non
1022 3783 1101 3830 esse
1113 3764 1316 3846 huiusmodi
1330 3783 1454 3831 sacra-

226 3887 347 3942 menta
362 3877 394 3940 ei
409 3874 660 3953 ministranda,
681 3875 909 3938 nibilominus
928 3877 997 3938 bac
1015 3875 1211 3938 mutatione
1230 3884 1303 3937 tarn
1323 3874 1457 3954 insigni

225 3985 317 4063 visa,
335 3984 474 4047 curavit
489 3992 526 4046 ut
540 3981 701 4046 Marcltio
717 3979 853 4045 Deniae
867 3981 937 4060 (bic
956 3981 1050 4045 enim
1072 3979 1230 4060 Reginae
1249 3998 1372 4044 curam
1393 3982 1456 4044 ba-

225 4092 345 4171 bebat)
359 4089 616 4155 Salmanticam
628 4089 782 4152 mitteret
797 4099 850 4168 ut,
872 4099 968 4152 statu
987 4107 1106 4153 rerum
1127 4089 1175 4152 ad
1188 4086 1364 4168 Reginam
1378 4105 1456 4169 spe·

265 4403 276 4438 Ι
303 4402 387 4457 Hujus
396 4403 432 4447 ab
442 4403 625 4457 apostolorum
637 4401 758 4458 symbolo
768 4403 801 4444 ad
810 4399 951 4446 Nicaennrn
959 4401 1093 4450 transitus.
1104 4403 1138 4444 ab
1149 4402 1206 4456 lpse
1216 4401 1316 4456 Regina
1326 4402 1398 4449 iacti.
1407 4413 1457 4446 non

225 4473 333 4520 meninlt
344 4472 512 4525 Crauwnoos,
524 4473 538 4516 l
548 4484 579 4523 c..
590 4483 637 4515 nec
649 4471 796 4516 Ronarourz
807 4472 899 4516 Vitta.
909 4475 927 4516 l.
939 4485 970 4520 c..
981 4474 1054 4527 cnjus
1066 4480 1153 4516 tamen
1162 4473 1255 4517 borum
1264 4481 1404 4518 eventuum
1417 4473 1459 4518 de·

226 4545 336 4599 acrlptlo
345 4543 437 4588 mirum
448 4555 525 4599 quam
535 4551 628 4588 exacte
639 4545 778 4588 conveniat
788 4545 868 4588 etlam
877 4547 902 4588 ln
914 4547 991 4588 rebus
1001 4544 1112 4588 minimis
1120 4555 1177 4588 cnm
1186 4545 1292 4589 Polancl
1299 4547 1460 4590 narratione.

226 4617 344 4664 uenture
355 4623 441 4672 tamen
452 4615 605 4670 Oararrorrrr,
616 4615 687 4659 Hlst.
700 4616 756 4658 soc.
767 4615 834 4670 ses„
842 4617 886 4660 llb.
898 4629 942 4668 xv,
954 4629 978 4660 n.
989 4617 1025 4660 at.

269 4689 284 4722 ί
308 4687 354 4732 bis.
367 4689 444 4732 habet
453 4689 618 4744 postularet:
628 4688 672 4731 sed
683 4699 757 4731 error
768 4689 871 4731 ridetur
881 4688 1040 4733 manifestus.

271 4761 283 4795 ⁸
310 4758 378 4804 Vlde
389 4771 476 4815 rupta,
488 4765 506 4804 t.
519 4769 555 4814 tv,
565 4771 624 4814 pag.
634 4759 676 4803 379
684 4767 710 4803 et
720 4758 770 4814 380,
781 4771 806 4804 n.
815 4759 864 4804 816.
