3717 5400
800 482 865 539 An.
888 481 958 573 lhbb
1442 480 1496 539 433

260 630 408 693 domum
423 628 642 709 probationis
656 628 835 691 inventuri
851 636 964 690 crant.
980 626 1061 689 Fuit
1081 637 1198 690 autem
1217 637 1296 707 post
1312 642 1493 689 recessum

265 734 382 798 Patris
396 734 626 799 Bustamante
641 735 852 798 constitutus
867 732 1038 814 Superior
1053 733 1090 797 P.
1110 733 1317 798 Domenech
1333 740 1355 813 ¹,
1372 751 1494 814 quam·

264 844 321 905 vis
334 842 464 905 ibidem
478 842 547 905 hoc
561 860 655 905 anno
670 842 794 905 luisset
808 840 846 905 P.
863 841 1104 923 Hieronymus
1120 842 1163 905 de
1180 840 1335 905 Portillo.
1515 836 1517 841 ’

328 948 415 1013 1160.
458 950 589 1014 Schola
605 966 699 1013 anno
713 950 951 1029 praecedenti,
969 960 1158 1028 antequam
1173 949 1299 1012 domus
1315 949 1494 1029 probatio·

265 1058 322 1121 nis
335 1058 445 1135 fieret,
462 1066 539 1121 erat
554 1066 689 1138 aperta.
707 1054 777 1120 Sed
791 1058 897 1137 pauci
915 1057 1121 1121 scholastici
1133 1057 1168 1120 in
1180 1057 1239 1120 illo
1251 1058 1383 1135 exiguo
1398 1057 1496 1136 oppi-

263 1164 312 1229 do
336 1166 623 1237 inveniebantur;
652 1165 715 1228 vix
739 1165 1008 1245 quatuordecim
1034 1175 1095 1227 aut
1122 1164 1323 1245 quindecim
1347 1178 1496 1227 numero

261 1278 379 1336 erant.
394 1272 529 1336 Tamen
544 1272 605 1335 alii
619 1273 819 1352 complures
830 1272 941 1352 pueri,
954 1273 1057 1335 simul
1070 1288 1150 1335 cum
1165 1271 1231 1348 his,
1249 1272 1286 1335 in
1301 1271 1496 1334 christiana

265 1380 428 1443 doctrina
445 1380 729 1457 instituebantur,
746 1380 805 1460 qui
820 1380 924 1442 simul
944 1396 1025 1442 cum
1041 1379 1165 1459 puellis
1181 1379 1226 1442 ad
1248 1376 1396 1442 Sacrum
1412 1395 1495 1459 quo·

264 1488 351 1552 tidie
365 1488 595 1565 accedebaut;
608 1496 643 1549 et
654 1503 696 1549 eo
708 1487 882 1563 absoluto,
895 1486 1168 1549 instituebantur
1180 1486 1216 1548 in
1226 1484 1307 1549 fidei
1319 1486 1495 1549 rudimen·

264 1596 312 1659 tis
327 1612 408 1658 cum
422 1610 554 1673 magna
568 1604 756 1673 parentum
771 1594 1025 1657 consolatione.
1038 1592 1108 1657 Sed
1120 1602 1308 1673 postquam
1318 1593 1496 1673 probatio·

267 1703 324 1765 nis
338 1702 464 1765 domus
478 1701 526 1764 ibi
540 1710 665 1780 coepta
681 1708 746 1774 est,
762 1700 867 1763 lectio
882 1700 1136 1779 grammatices
1150 1700 1214 1763 fuit
1229 1700 1360 1763 omissa
1376 1708 1410 1762 et
1425 1709 1495 1763 stu·

265 1810 328 1872 dio
349 1807 631 1872 mortificationis
650 1807 764 1870 nostri
782 1808 876 1869 serio
895 1807 1085 1887 vacabant;
1106 1817 1140 1870 et
1162 1807 1255 1870 hanc
1274 1824 1353 1871 esse
1372 1822 1497 1871 veram

269 1915 530 1996 philosophiam
545 1925 579 1977 et
599 1915 825 1994 theologiam,
847 1914 984 1977 discere
1005 1915 1095 1977 mori
1109 1915 1176 1977 sibi
1192 1915 1278 1995 ipsis
1296 1926 1331 1978 et
1352 1916 1496 1995 mundo,

267 2038 305 2088 et
318 2024 386 2087 soli
396 2022 539 2087 Christo
551 2022 685 2099 vivere,
699 2021 961 2085 existimabant.
980 2020 1131 2101 Quidam
1144 2032 1220 2084 erat
1232 2022 1324 2085 inter
1336 2024 1425 2086 alios
1437 2042 1496 2087 no·

271 2132 395 2209 vitiuS,
412 2130 486 2211 qui,
505 2146 586 2193 cum
601 2129 645 2192 ad
665 2129 885 2209 probationis
900 2128 1042 2192 domum
1057 2130 1173 2207 venit,
1191 2129 1295 2192 valde
1315 2132 1360 2193 ad
1382 2130 1499 2195 studia

267 2254 469 2320 propensus
483 2247 561 2299 erat
576 2246 610 2299 et
624 2236 731 2299 tacite
745 2234 781 2299 id
796 2244 997 2313 curaverat,
1015 2243 1053 2298 ut
1069 2236 1113 2298 ad
1129 2237 1257 2313 studia,
1272 2234 1427 2317 quadam
1442 2252 1500 2301 oc·

270 2348 417 2409 casione
441 2354 611 2424 accepta,
638 2342 886 2406 remitteretur.
918 2341 988 2406 Sed
1016 2352 1205 2423 postquam
1234 2344 1438 2424 aliquandiu
1463 2346 1499 2408 in

268 2451 340 2517 *hac
355 2454 459 2517 domo
475 2452 550 2527 suit,
567 2450 660 2513 hunc
676 2450 822 2513 nimium
837 2449 1003 2512 affectum
1018 2448 1157 2529 abjecit,
1175 2460 1210 2513 et
1225 2453 1334 2515 multo
1350 2468 1500 2531 propen·

269 2562 343 2625 sior
356 2558 430 2641 jam
449 2566 527 2622 erat
544 2568 584 2621 ut
603 2557 638 2621 in
659 2556 796 2620 Indiam
814 2556 1023 2632 mitteretur,
1046 2566 1107 2620 aut
1131 2558 1270 2621 culinae
1295 2559 1501 2623 ministeriis

271 2676 442 2751 perpetuo
458 2666 693 2743 addiceretur,
710 2681 818 2746 quam
832 2674 871 2728 ut
886 2664 933 2728 ad
947 2666 1063 2728 studia
1079 2666 1326 2747 prosequenda
1348 2668 1500 2732 mittere-

268 2787 339 2841 tur.
352 2777 463 2840 lmmo
475 2791 582 2855 quam
592 2774 691 2853 prius
702 2773 912 2836 adhibuerat
924 2773 1145 2852 diligentiam
1159 2783 1198 2836 ut
1209 2776 1326 2838 studia
1340 2775 1409 2856 ipsi
1424 2778 1500 2841 red·

269 2886 458 2957 derantur,
485 2881 653 2945 adhibere
671 2881 787 2961 coepit
809 2889 847 2943 ut
870 2897 943 2943 non
968 2881 1013 2942 ad
1039 2897 1080 2942 ea
1101 2880 1217 2944 redire
1242 2891 1443 2962 cogeretur;
1467 2893 1501 2948 et

271 2993 376 3073 plane
390 2989 541 3053 docebat
556 2988 634 3069 ipsa
648 2987 867 3072 experientia
882 2986 1050 3068 expedire
1065 2987 1238 3067 imprimis
1253 2997 1292 3051 ut
1315 2991 1433 3066 studia
1446 2992 1500 3054 lit·

269 3109 431 3162 terarum
446 3095 491 3159 ad
506 3095 648 3176 aliquod
662 3105 801 3175 tempus
815 3097 919 3176 plane
934 3095 1227 3174 relinquerentur,
1244 3105 1279 3159 et
1295 3097 1330 3159 in
1346 3097 1502 3161 studium

271 3205 439 3269 vincendi
453 3204 608 3283 seipsum
623 3204 737 3265 solum
752 3202 1025 3265 incumberetur.

335 3313 424 3375 1161.
467 3311 577 3374 Multa
592 3310 663 3375 dici
676 3318 820 3389 possent
835 3312 924 3373 satis
939 3327 1022 3372 rara
1037 3311 1274 3392 simplicitatis
1289 3322 1323 3376 et
1338 3315 1501 3377 obedien·

270 3422 344 3485 tiae
365 3421 538 3499 exempla,
560 3436 606 3481 ex
629 3418 756 3498 quibus
780 3433 888 3480 unum
913 3425 1051 3480 tantum
1077 3420 1135 3481 vel
1160 3421 1310 3483 alterum
1335 3421 1500 3485 referam.

274 3527 389 3608 Prope
412 3526 555 3589 domum
581 3534 783 3589 nostrorum
807 3523 867 3586 via
887 3533 966 3586 erat
988 3525 1139 3604 publica,
1165 3526 1333 3606 adjacens
1355 3527 1500 3608 flumini,

275 3653 339 3716 per
354 3651 460 3716 quam
475 3650 600 3696 currus
615 3642 649 3694 et
664 3631 799 3710 pedites
814 3631 1005 3711 aliquando
1027 3649 1114 3710 prae
1134 3633 1196 3696 luti
1217 3635 1400 3699 altitudine
1420 3637 1501 3701 hae·

276 3744 412 3819 rebant,
430 3742 464 3804 in
480 3739 622 3803 flumine
638 3739 744 3801 etiam
760 3738 837 3817 ipso
852 3739 1043 3818 aliquando
1060 3737 1219 3818 jumenta
1239 3743 1304 3805 sub
1325 3761 1432 3807 onere
1448 3763 1503 3809 ca·

277 3851 418 3914 debant.
435 3847 522 3911 Cum
542 3862 629 3925 ergo
650 3845 825 3925 quaedam
844 3863 889 3908 ex
909 3845 979 3908 illis
998 3863 1043 3909 ex
1062 3847 1139 3927 ipso
1159 3847 1319 3928 Collegio
1337 3851 1503 3917 laborare

276 3957 460 4030 vidissent,
477 3961 709 4016 accurrerunt
723 3953 831 4032 aliqui
842 3971 887 4015 ex
901 3952 1057 4030 novitiis,
1074 3972 1119 4017 ex
1130 3955 1329 4019 obedientia
1345 3959 1454 4039 missi,
1468 3967 1503 4024 et

275 4072 315 4126 ut
330 4062 449 4126 vestiti
467 4070 581 4137 erant,
602 4060 748 4123 fluvium
769 4059 922 4138 ingressi
948 4069 1030 4123 sunt
1050 4077 1160 4142 usque
1181 4062 1227 4125 ad
1246 4079 1374 4143 genua,
1399 4075 1434 4130 et
1452 4065 1503 4148 ju·

274 4182 395 4233 menta
410 4170 468 4231 illa
485 4166 566 4230 inde
584 4167 688 4230 simul
706 4184 787 4230 curn
807 4166 885 4229 aliis
904 4167 1055 4230 educere
1075 4180 1254 4234 curarunt.
1277 4171 1366 4236 Cum
1387 4183 1505 4238 autem

276 4286 444 4356 ageretur
458 4293 504 4338 an
519 4273 666 4338 fundum
686 4274 834 4338 haberet
853 4274 1005 4338 solidum
1024 4275 1167 4354 fluvius,
1186 4294 1231 4340 an
1252 4295 1364 4342 coeno
1388 4283 1506 4362 opple·

277 4391 364 4460 tum,
380 4382 524 4463 quidam
538 4399 583 4445 ex
596 4381 751 4458 novitiis
769 4382 826 4444 cui
837 4382 889 4445 sic
901 4382 1099 4460 videbatur,
1114 4383 1202 4447 dixit
1214 4401 1364 4450 coenum
1376 4387 1425 4450 ibi
1436 4405 1507 4454 non

277 4509 368 4554 esse.
381 4489 518 4553 Etcum
533 4490 565 4552 ei
580 4488 710 4551 Rector
722 4487 804 4569 joco
819 4489 952 4553 diceret
967 4500 1004 4552 ut
1020 4491 1155 4554 videret
1172 4509 1216 4554 an
1232 4493 1281 4555 ita
1295 4511 1334 4557 se
1349 4495 1506 4577 haberet,

324 4733 333 4768 Ι
361 4733 391 4780 P.
401 4733 495 4780 Petrus
504 4735 661 4787 Domenech,
669 4734 824 4780 vallisoleto
833 4741 968 4780 evocatus.

391 4824 429 4884 T.
444 4843 472 4885 r.
