3717 5400
385 403 442 465 vot
846 361 976 463 ennon.
995 400 1074 463 Soc.
1092 400 1162 476 Jns.

387 561 441 615 tes
469 551 615 630 attinet,
646 567 734 631 quos
762 566 857 617 anno
884 517 1046 631 sequenti
1069 548 1148 613 Rex
1175 549 1417 630 Portugalliae
1444 549 1623 615 missurus

384 667 476 737 erat,
502 676 541 722 se
565 659 744 723 hominem
769 657 964 738 quemdam.
982 656 1201 737 designasse,
1229 658 1289 739 qui
1311 658 1457 723 eumad
1479 666 1622 738 portum

386 764 515 829 Mazua
539 766 796 845 pervenissent,
824 782 886 829 eos
910 764 1090 845 exciperet
1115 773 1150 829 et
1173 766 1211 829 10
1235 782 1385 845 regnum
1406 763 1620 845 Aethiopiae

385 872 596 950 adducerem
622 889 661 937 se
685 871 778 935 enim
797 874 888 937 velle
907 890 971 937 eos
989 872 1123 950 audire,
1146 881 1181 936 et
1200 882 1389 953 postquam
1408 889 1470 936 eos
1493 872 1530 937 in
1551 888 1619 937 suo

385 996 499 1060 regno
520 980 684 1058 haberet,
706 988 792 1043 tunc
810 979 854 1043 de
874 996 913 1043 se
935 979 1211 1045 deliberaturum
1231 980 1275 1045 de
1295 979 1494 1043 obedientia
1515 996 1617 1061 prae·

385 1085 516 1155 standa
531 1088 589 1150 vel
603 1103 676 1150 non
691 1086 909 1166 praestanda
922 1083 1085 1151 Pontifici
1098 1086 1270 1151 Romano.

392 1239 397 1247 -
449 1193 538 1258 1960.
580 1192 650 1257 Sed
676 1192 715 1257 P.
742 1192 940 1271 Gonzalus,
966 1194 1073 1258 rebus
1096 1193 1283 1274 diligenter
1308 1194 1525 1273 observatis,
1550 1194 1621 1258 sibi

384 1299 622 1383 persuadebat
635 1301 780 1365 omnino
793 1299 887 1381 quod
901 1301 943 1365 id
952 1318 1149 1381 numquam
1158 1301 1319 1367 tacturus
1332 1310 1438 1379 esset,
1454 1302 1548 1382 quod
1571 1302 1619 1368 ad

385 1408 625 1473 obedientiam
654 1408 829 1487 pertinet,
858 1408 930 1473 nisi
960 1408 1165 1475 Praefectus
1198 1408 1327 1489 0110015
1358 1408 1508 1473 militum
1536 1426 1619 1473 cum

385 1515 603 1595 mergentis
616 1522 680 1578 aut
691 1515 787 1579 mdle
803 1515 972 1579 militibus
985 1531 1028 1579 eo
1043 1532 1130 1579 cum.
1139 1514 1353 1581 Patriarcha
1364 1514 1573 1595 mitterem,
1587 1516 1620 1581 si

385 1623 483 1687 enim
495 1622 533 1686 id
546 1623 598 1686 ita
611 1621 724 1700 110000,
738 1622 967 1702 prophetiam
976 1638 1018 1685 se
1029 1622 1080 1687 iili
1094 1622 1226 1687 hahere
1239 1620 1350 1702 ajunt,
1363 1640 1454 1704 quae
1466 1622 1619 1687 affirmat

383 1731 516 1793 nultos
526 1728 725 1795 monachos
736 1729 936 1793 haereticos
950 1730 1152 1807 morituros
1170 1732 1332 1811 quodque
1346 1730 1425 1795 Rex
1438 1748 1521 1795 cum
1535 1730 1615 1795 lusi·

386 1837 481 1901 tanis
498 1836 671 1917 praelium
692 1836 925 1910 commiteret,
949 1837 986 1899 in
1010 1854 1079 1918 quo
1098 1846 1248 1901 mortem
1271 1838 1431 1901 obiturus
1450 1846 1553 1915 esset,
1580 1846 1616 1901 et

383 1940 461 2022 ejus
475 1944 554 2007 1000
567 1953 800 2024 regnaturum
815 1960 893 2006 esse
907 1944 1096 2024 quemdam
1111 1944 1187 2024 ejus
1198 1944 1355 2022 fratrem,
1372 1953 1407 2008 et
1422 1953 1503 2025 post
1517 1945 1617 2009 illum

384 2049 615 2131 Aethiopiam
641 2051 686 2114 ab
711 2050 770 2114 illo
794 2066 945 2130 peregre
971 2050 1182 2115 adveniente
1201 2052 1396 2132 regendam
1415 2068 1512 2131 esse,
1532 2049 1615 2116 Pro·

383 2174 509 2238 regem
524 2166 585 2221 aut
600 2157 885 2225 Gubernatorem
899 2157 1052 2238 aliquem
1068 2157 1291 2223 insinuando.

452 2264 541 2328 1961.
583 2263 763 2328 Sentiebat
777 2280 865 2343 ergo
880 2262 918 2327 P.
936 2263 1116 2329 Gonzalus
1129 2264 1264 2345 Regem
1284 2264 1497 2347 Aethiopiae
1516 2265 1615 2329 dissi-

384 2372 579 2435 mulatione
597 2373 666 2436 hac
687 2372 779 2434 velle
798 2389 844 2433 ne
867 2368 944 2449 ejus
969 2370 1125 2435 amicitia
1151 2389 1231 2435 cum
1254 2371 1352 2452 Rege
1376 2372 1615 2453 portugalliae

383 2478 659 2557 dissolveretur,
686 2479 717 2541 si
742 2478 835 2541 enim
859 2478 1004 2543 lusitani
1033 2480 1077 2543 ab
1109 2496 1151 2543 eo
1182 2489 1461 2559 removerentur,
1496 2489 1615 2543 actum

386 2604 465 2651 csse
495 2586 539 2651 de
564 2603 629 2649 suo
653 2602 766 2664 regno
791 2585 962 2665 putabat„
977 2594 1012 2649 et
1035 2586 1248 2651 necessitate
1276 2587 1352 2650 sola
1381 2603 1462 2651 eum
1486 2586 1616 2651 adduci

382 2712 491 2774 posse
505 2692 551 2757 ad
567 2692 803 2757 obedientiam
817 2692 1049 2774 praedictam.

396 2844 404 2852 -
449 2800 535 2864 1962.
580 2800 669 2864 Cum
694 2810 813 2865 autem
838 2799 915 2864 Rex
938 2801 1075 2864 videret
1099 2801 1337 2867 discedentem
1361 2801 1434 2880 jam
1458 2800 1497 2866 P.
1521 2801 1613 2866 Gon·

383 2907 520 2985 nalum,
540 2905 726 2972 Praefecto
746 2907 979 2972 lusitanorum
1001 2906 1096 2972 dedit
1118 2909 1241 2972 decem
1262 2909 1387 2972 uncias
1406 2909 1500 2987 auri,
1522 2927 1620 2992 quae.

385 3023 529 3083 centum
543 3031 671 3078 aureos
686 3013 882 3094 perficiunt,
899 3013 945 3080 ad
966 3033 1141 3095 expensas
1164 3016 1310 3091 itineris;
1332 3016 1394 3080 sed
1415 3017 1526 3081 noluit
1549 3033 1612 3081 eas

384 3119 423 3186 P.
440 3120 622 3188 Gouzalus
636 3122 833 3198 admittere,
849 3121 912 3184 sed
927 3122 972 3184 ab
988 3140 1030 3185 eo
1046 3121 1229 3186 Praefecto
1248 3124 1444 3204 postulavit
1458 3133 1496 3188 ut
1512 3123 1614 3188 daret

383 3237 458 3291 tres
471 3229 529 3291 vel
544 3237 695 3308 quatuor
710 3229 835 3292 uncias
849 3229 990 3294 cuidam
1005 3231 1153 3309 pauperi
1169 3229 1372 3310 conjugato,
1398 3231 1457 3311 qui
1479 3230 1516 3294 in
1537 3228 1614 3310 eJus

382 3335 554 3399 societate
579 3335 756 3413 veniebat,
784 3345 818 3398 et
842 3335 910 3398 hoc
936 3336 1077 3400 nomine
1103 3337 1368 3417 eleemosynae,
1395 3348 1430 3400 et
1458 3334 1614 3418 reliquas

384 3441 474 3522 Regi
488 3443 700 3519 restitueret,
717 3442 773 3506 cui
789 3443 907 3508 omnia
922 3441 1038 3505 felicia
1057 3445 1282 3523 precabatur,
1299 3444 1394 3523 quod
1410 3444 1463 3506 sui
1479 3461 1615 3508 memor

381 3548 521 3626 fnisset,
537 3549 600 3613 sed
614 3558 842 3630 prospectum
857 3549 924 3612 sibi
939 3548 1046 3612 luisse
1061 3549 1105 3614 de
1121 3550 1225 3613 rebus
1239 3551 1462 3614 necessariis

398 3701 405 3709 ·
446 3655 536 3720 1963.
579 3656 821 3720 Pervenerunt
835 3666 955 3720 autem
970 3657 1015 3722 ad
1035 3658 1149 3721 locum
1172 3657 1355 3738 quusdam
1377 3658 1531 3735 lusitani,
1551 3657 1610 3722 ubi

382 3763 494 3843 aliqui
508 3763 546 3826 P.
565 3751 764 3828 Gonzalum
779 3765 1016 3844 expectabant
1030 3775 1069 3828 ut
1083 3782 1205 3830 eorum
1220 3765 1461 3852 confessiones
1473 3765 1612 3828 audiret

380 3879 418 3933 et
439 3879 513 3936 tres
533 3887 663 3951 pueros
688 3871 894 3950 baptizaret.
923 3869 1088 3950 Oportuit
1113 3881 1232 3934 autem
1258 3881 1294 3935 ut
1319 3870 1449 3935 ibidem
1478 3859 1612 3951 aliquot

380 3976 459 4042 dies
473 3987 643 4056 maneret,
660 3995 743 4040 nam
758 3977 901 4040 lusitani
920 3994 966 4042 ex
986 3978 1138 4042 diversis
1156 3979 1245 4042 locis
1260 3977 1306 4042 ad
1325 3979 1510 4057 generales
1530 3995 1612 4042 con·

382 4082 556 4148 sessiones
585 4083 767 4148 faciendas
796 4083 1031 4148 confluebant.
1060 4085 1208 4149 Audivit
1240 4087 1346 4149 etiarn
1377 4085 1612 4166 quarumdam

380 4191 616 4256 foeminarum
644 4192 882 4256 abissinarum
912 4191 1169 4270 confessiones,
1204 4209 1294 4272 quae
1322 4191 1612 4273 protestabantur

379 4316 429 4362 ex
451 4299 557 4362 corde
577 4317 615 4362 se
635 4299 670 4362 10
691 4300 822 4363 001000
843 4299 1039 4362 catholicae
1061 4298 1160 4362 Fidei
1180 4308 1215 4362 et
1237 4299 1437 4363 obedientia
1459 4298 1611 4363 Romani

382 4405 561 4474 Pontificis
576 4407 699 4470 vivere
714 4425 758 4469 ac
772 4407 861 4470 mori
878 4407 985 4480 velle;
1001 4406 1099 4469 etita
1115 4405 1339 4471 matrimonio
1354 4405 1512 4486 legitimo
1529 4423 1611 4470 cum

380 4513 437 4577 his
452 4514 616 4576 lusitanis
630 4531 691 4577 eas
706 4513 898 4593 copulavit,
920 4529 1001 4576 cum
1022 4513 1149 4592 quibus
1168 4513 1204 4575 10
1225 4512 1460 4576 concubinatu
1480 4511 1538 4575 diu
1559 4513 1612 4575 vi·

379 4630 520 4684 xerant.
537 4621 616 4684 Una
633 4637 754 4683 earum
769 4619 942 4699 sanguine
958 4617 1048 4699 Regi
1063 4619 1166 4683 valde
1181 4621 1380 4701 propinqua
1393 4628 1480 4700 erat,
1496 4637 1541 4684 ex
1554 4617 1610 4684 his
