3717 5400
329 499 387 561 532
789 500 917 560 Cnaou.
939 499 1019 559 Soc.
1040 506 1110 571 Jns.

331 657 451 710 autem
473 646 759 709 observationem
781 645 856 709 sore
877 642 981 725 hujus
1002 644 1151 719 decreti,
1173 642 1257 708 dum
1278 661 1340 724 per
1359 644 1463 708 varia
1484 647 1565 709 loca

329 754 546 831 discurrunt,
563 770 629 815 nec
643 752 748 815 facile
763 751 808 815 ad
820 752 1017 832 Episcopos
1029 762 1089 815 aut
1101 768 1225 816 eorum
1237 750 1402 815 Vicarios
1414 761 1566 833 possunt

330 859 514 936 accedere,
532 857 629 922 Patri
644 858 782 937 ignatio
797 858 890 922 idem
905 858 1083 937 significat
1101 858 1121 921 ⁸.
1620 856 1624 861 ’

394 965 482 1029 1451.
526 965 766 1029 Constituerat
781 963 818 1028 P.
837 964 1017 1030 Gonzalez
1029 982 1110 1029 cum
1124 963 1168 1029 D.
1185 966 1323 1049 Joanne
1338 964 1381 1028 de
1395 963 1562 1030 Corduba

329 1072 603 1138 Sanctissimum
623 1070 892 1136 Sacramentum
913 1072 950 1135 in
970 1074 1114 1151 sace110,
1134 1072 1269 1153 quoad
1290 1082 1430 1153 tempus
1450 1074 1564 1137 nostri

332 1182 534 1259 utebantur,
551 1179 635 1244 dum
650 1180 801 1243 ecclesia
817 1178 1084 1259 aedificabatur,
1101 1196 1284 1260 reponere;
1301 1181 1420 1259 quain
1433 1197 1472 1244 re
1484 1179 1564 1261 Epi·

330 1305 461 1369 scopus
475 1287 666 1368 aliquando
682 1295 947 1367 repugnaverat
962 1286 1005 1349 D.
1022 1287 1168 1369 Joanni,
1184 1296 1376 1367 antequam
1394 1284 1564 1351 Societati

331 1395 553 1474 praedictum
575 1396 744 1458 sacellum
763 1392 931 1457 traderet.
957 1393 1103 1458 Censuit
1128 1406 1245 1457 autem
1269 1392 1307 1456 P.
1330 1393 1562 1458 Bustamante

328 1512 456 1567 contra
472 1502 640 1582 Episcopi
655 1503 876 1564 voluntatem
891 1499 927 1564 id
941 1500 1143 1564 laciendum
1159 1518 1232 1564 non
1251 1516 1341 1579 esse,
1359 1501 1442 1581 quia
1456 1501 1494 1565 in
1509 1501 1562 1566 lit·

330 1610 416 1673 teris
436 1608 655 1690 Apostolicis
676 1624 884 1671 concessum
906 1615 984 1670 erat
1004 1606 1175 1671 Societati
1190 1615 1228 1671 ut
1249 1608 1285 1671 in
1305 1608 1380 1670 suis
1401 1608 1562 1672 ecclesiis

328 1716 600 1781 Sanctissimum
611 1712 883 1781 Sacramentum
898 1714 1031 1777 habere
1044 1724 1202 1796 possent,
1217 1732 1291 1777 non
1303 1725 1422 1779 autem
1436 1715 1473 1779 in
1487 1715 1563 1780 suis

327 1824 507 1903 oratoriis,
524 1824 628 1903 quale
643 1823 710 1885 hoc
725 1832 814 1900 erat;
830 1823 997 1902 quamvis
1012 1821 1142 1902 alioqui
1155 1823 1244 1885 satis
1257 1822 1451 1886 convenire
1465 1823 1562 1887 arbi-

326 1930 503 2008 trabatur,
520 1946 602 1992 cum
616 1927 683 1991 hoc
698 1938 857 2007 tempore
872 1927 1020 2007 triginta
1035 1942 1081 1992 ex
1091 1928 1225 1992 nostris
1237 1928 1425 1993 Cordubae
1440 1946 1561 1993 versa·

327 2047 463 2117 rentur,
480 2048 513 2100 et
529 2036 611 2117 quia
627 2036 929 2100 consecrabantur
946 2037 1137 2116 aliquando
1148 2036 1322 2100 formulae
1334 2039 1370 2101 in
1381 2054 1484 2101 usum
1499 2038 1560 2101 ali·

325 2162 490 2227 quorum,
506 2144 566 2224 qui
582 2142 865 2206 communionem
880 2141 1047 2223 petebant
1061 2152 1097 2205 et
1116 2152 1240 2222 postea
1256 2144 1375 2224 aliqua
1390 2160 1560 2208 excausa

326 2244 398 2316 non
413 2250 733 2327 communicabant,
751 2259 788 2313 ut
804 2247 1075 2312 sanctissimum
1094 2247 1364 2313 Sacramentum
1380 2250 1505 2330 reponi
1525 2261 1560 2314 et

326 2360 498 2423 custodiri
514 2359 549 2421 in
565 2358 695 2421 sacello
710 2368 833 2420 nostro
847 2364 982 2436 posset.

390 2466 478 2529 1452.
523 2464 567 2527 D.
583 2464 738 2547 Joannes
754 2480 825 2525 non
841 2464 955 2527 solum
978 2465 1258 2527 consolationem
1278 2481 1447 2543 magnam
1467 2467 1563 2530 acci.

324 2576 444 2656 plebat
470 2574 552 2636 dum
574 2588 676 2635 suam
697 2572 781 2633 olim
802 2570 945 2633 domum
969 2570 1085 2633 servis
1099 2568 1167 2633 Dei
1181 2572 1322 2651 plenam
1342 2572 1497 2651 videbat,
1526 2584 1563 2637 et

326 2683 529 2763 frequentes
544 2679 648 2743 etiam
665 2678 845 2741 auditores
860 2677 983 2741 diebus
999 2677 1187 2742 dominicis
1203 2679 1247 2741 ad
1267 2679 1483 2745 christianae
1499 2681 1560 2745 do·

324 2791 462 2852 ctrinae
477 2803 660 2850 sermones
675 2785 858 2862 accedere;
876 2785 939 2848 sed
961 2793 995 2847 et
1017 2784 1092 2864 ipse
1114 2783 1151 2848 in
1170 2787 1297 2866 spiritu
1317 2805 1382 2850 suo
1401 2788 1559 2868 proficie-

323 2898 396 2973 bat,
413 2905 447 2958 et
463 2895 508 2958 ad
524 2894 558 2988 id
570 2909 788 2973 magnopere
804 2892 994 2970 orationeS,
1009 2908 1099 2972 quae
1111 2909 1175 2971 pro
1187 2892 1264 2972 ipso
1275 2893 1417 2974 fiebant,
1432 2894 1560 2975 Juvare

322 3004 578 3068 arbitrabatur.
1230 3019 1233 3026 ·

387 3109 474 3174 1453.
519 3108 692 3188 Cupiebat
707 3107 763 3169 ille
783 3106 1052 3168 universitatem
1074 3104 1150 3168 fieri
1173 3107 1378 3187 Cordubae,
1402 3119 1437 3171 et
1458 3109 1559 3172 brevi

323 3231 482 3298 tempore
497 3231 667 3294 magnum
683 3213 758 3292 ejus
779 3229 1008 3293 progressum
1031 3213 1210 3292 sperabat,
1228 3215 1258 3276 si
1273 3216 1472 3293 erigeretur
1493 3219 1559 3280 sub

323 3324 515 3388 Societatis
530 3321 739 3384 directione:
758 3319 888 3399 alioqui
904 3336 1040 3399 paucos
1063 3319 1139 3382 fore
1158 3320 1310 3400 dicebat,
1334 3321 1392 3401 qui
1406 3322 1559 3402 philoso-

322 3433 429 3513 phiae
444 3440 504 3494 aut
520 3429 720 3507 theologiae
737 3442 867 3488 vacare
887 3424 1075 3489 Cordubae
1098 3429 1244 3502 vellent,
1262 3429 1292 3491 si
1307 3444 1444 3507 cursuS,
1468 3445 1558 3510 qnos

323 3541 373 3603 ibi
388 3545 611 3618 peragerent,
629 3534 708 3597 aliis
723 3533 757 3595 in
774 3532 1066 3597 universitatibus
1088 3551 1160 3596 non
1175 3533 1411 3599 admitterent.
1436 3533 1506 3599 Sed
1528 3536 1558 3598 si

323 3645 540 3709 universitas
556 3643 673 3719 fieret,
690 3641 784 3704 haud
800 3641 903 3704 dubie
919 3621 1088 3703 Societati
1103 3652 1246 3704 nostrae
1261 3660 1392 3722 magna
1407 3646 1559 3707 necessi·

324 3767 380 3816 tas
396 3751 621 3816 incumbebat
636 3749 801 3828 egregios
823 3750 976 3811 lectores
999 3747 1188 3811 Cordubae
1209 3749 1456 3826 constituendi.
1474 3749 1556 3832 Spe·
1638 3744 1643 3751 ”

331 3861 433 3926 rabat
449 3870 568 3922 tamen
584 3856 620 3918 Ρ.
642 3855 872 3918 Bustamante
897 3872 959 3917 eos
980 3873 1051 3918 non
1074 3846 1273 3935 defuturos;
1294 3874 1383 3936 quos
1405 3859 1499 3922 enirn
1521 3859 1558 3922 in

326 3967 468 4047 graecis
483 3976 517 4028 et
532 3963 662 4038 latiniS,
680 3963 867 4025 rhetoricis
883 3971 917 4024 et
933 3963 1201 4025 humanioribus
1215 3964 1340 4027 litteris
1354 3973 1438 4028 tunc
1453 3965 1556 4029 habe·

325 4077 387 4138 bat
403 4073 573 4148 Societas,
592 4071 637 4134 ad
653 4071 803 4150 quodvis
819 4071 986 4148 generale
1002 4070 1155 4132 studium
1171 4070 1318 4134 idoneos
1332 4070 1425 4150 sore;
1445 4073 1482 4134 in
1502 4090 1558 4137 su·

326 4180 525 4260 perioribus
551 4188 668 4240 autem
694 4176 923 4240 facultatibus
952 4175 1092 4240 facilius
1121 4194 1227 4256 quam
1255 4178 1291 4240 in
1319 4178 1374 4241 his
1402 4180 1557 4243 inveniri

324 4305 441 4368 posse.

326 4447 539 4460 .-.....---

365 4530 373 4562 ¹
404 4528 539 4582 Quaesivit
551 4527 630 4570 etiarn
642 4525 812 4569 Bustamante
824 4535 839 4568 a
850 4524 878 4567 P.
888 4523 989 4577 ignatio
999 4525 1034 4567 “si
1046 4536 1077 4566 eu
1087 4536 1148 4568 caso
1159 4537 1207 4580 que
1216 4527 1255 4569 los
1266 4525 1375 4580 Oblspos
1385 4528 1501 4581 todavla,
1510 4539 1558 4572 con

323 4607 444 4658 pretextu
453 4600 493 4643 del
505 4599 619 4642 Concilio
630 4597 789 4650 Tridentlno,
801 4607 832 4639 no
842 4596 947 4650 dejasen
958 4597 1079 4648 predicar
1090 4599 1106 4639 a
1116 4598 1155 4641 los
1166 4597 1196 4640 de
1207 4599 1232 4640 la
1243 4596 1385 4652 Compahia
1396 4601 1559 4645 1111111ιί011-

321 4673 373 4724 cia,
383 4674 404 4716 sl
416 4684 443 4716 se
452 4671 593 4714 entendertl
605 4681 652 4723 que
664 4681 695 4711 en
707 4671 745 4712 las
755 4669 836 4711 calles
846 4681 863 4724 y
874 4669 965 4721 plazas
982 4669 1098 4722 publicas
1114 4670 1138 4711 lo
1150 4669 1247 4722 podrun
1262 4671 1342 4714 bucer
1356 4671 1395 4714 sin
1410 4673 1484 4727 ella..
1499 4671 1560 4717 Lit-

324 4749 400 4788 terae
411 4743 640 4796 ‚Quadrimesties
651 4749 668 4784 t.
679 4751 714 4792 ru,
726 4753 784 4794 pag.
794 4739 844 4782 7o0.
