3717 5400
364 470 420 529 tat
822 471 949 529 Cnaoa.
971 470 1049 530 Soc.
1069 469 1139 542 jas.

367 614 550 691 resideret,
573 624 608 678 et
632 614 810 678 interdum
834 616 943 678 etiam
968 614 1005 677 P.
1025 614 1055 678 F
1058 616 1240 679 ranciscus
1260 616 1404 695 Botgia,
1426 614 1597 679 Commis=

367 723 495 800 sarius,
511 741 553 786 eo
575 721 669 802 quod
683 723 853 803 Princeps
872 724 1024 805 Joanna,
1049 724 1164 803 Regni
1185 724 1444 799 Gubernatrix,
1465 722 1595 786 ibidem

368 829 555 893 residebat.
579 830 666 893 Erat
688 838 807 893 autem
828 847 871 893 ea
891 830 1157 909 poenitentium,
1181 832 1240 910 qui
1262 830 1308 893 ad
1330 843 1592 893 sacramentum

368 935 600 1000 confessionis
614 937 815 1011 veniebant,
838 936 1039 1015 multitudo,
1056 946 1093 1001 ut
1114 937 1268 1017 quinque
1283 938 1507 1015 sacerdotes,
1531 937 1592 1000 mi·

367 1043 514 1107 nisterio
535 1053 728 1120 vacantes,
751 1043 959 1107 satisfacere
983 1044 1019 1108 in
1044 1044 1162 1108 multis
1177 1062 1247 1107 non
1262 1055 1416 1125 possent.
1433 1044 1544 1107 Erant
1558 1056 1594 1106 ct

368 1150 477 1231 aliqui
492 1150 707 1229 scholastici,
725 1153 786 1231 qui
800 1151 1045 1232 philosophiae
1064 1154 1122 1215 vel
1142 1152 1341 1230 theologiae
1360 1151 1592 1245 dabantlope-

367 1276 466 1337 ram,
489 1259 654 1338 quamvis
674 1259 780 1338 pauci
801 1276 949 1322 numero
965 1262 1105 1336 essent,
1132 1260 1215 1339 quia
1237 1276 1358 1321 omnes
1372 1258 1488 1333 simul,
1501 1259 1593 1321 ultra

367 1364 536 1429 tredecim
556 1365 613 1427 vel
635 1365 906 1445 quatuordecim
925 1383 995 1428 non
1017 1374 1130 1428 erant.
1153 1364 1391 1445 Disputabant
1410 1364 1460 1427 illi
1474 1373 1592 1427 tamen

366 1473 473 1535 etiam
488 1472 678 1551 aliquando
693 1473 730 1535 in
744 1473 875 1535 scholis
889 1473 1049 1552 publicis,
1066 1489 1147 1535 cum
1163 1482 1372 1552 praeceptor
1387 1472 1423 1535 id
1438 1470 1594 1550 injunge-

367 1580 444 1656 bat,
461 1590 496 1642 et
517 1580 658 1659 quidem
674 1581 763 1643 satis
782 1581 875 1643 bono
892 1598 974 1643 cum
989 1596 1174 1659 successu,
1195 1598 1278 1643 nam
1294 1580 1360 1660 ipsi
1375 1579 1600 1659 professores

366 1687 433 1751 sibi
448 1687 670 1751 satisfactum
683 1704 762 1751 esse
773 1688 1033 1766 significabant.

431 1792 518 1856 1136.
562 1794 705 1873 Duplex
716 1792 907 1873 jubilaeum
922 1794 992 1856 hoc
1008 1812 1113 1873 anno,
1126 1795 1217 1858 sicut
1232 1794 1326 1871 alibi,
1340 1795 1376 1857 in
1387 1794 1453 1856 hoc
1466 1792 1595 1873 oppido

368 1901 595 1979 publicatum,
612 1902 760 1964 multum
775 1902 907 1965 nostris
921 1900 1079 1964 exhibuit
1094 1901 1242 1980 negotii,
1260 1912 1294 1963 et
1309 1901 1472 1981 quamvis
1488 1899 1595 1980 aliqui

367 2010 623 2071 obtrectatores
651 2009 886 2088 frequentiam
917 2019 1223 2073 sacramentorum
1250 2010 1498 2087 suggillarent,
1525 2022 1594 2069 non

366 2116 481 2178 solum
495 2132 574 2179 eam
588 2133 659 2179 non
675 2115 928 2195 impediebant,
951 2116 1035 2195 quin
1055 2117 1173 2197 potius
1194 2116 1349 2178 studium
1370 2132 1412 2178 ea
1435 2114 1594 2194 frequen-

368 2222 534 2299 tantium,
562 2222 871 2303 (quemadmodum
897 2224 986 2285 solet
1011 2240 1103 2303 aqua
1123 2222 1261 2285 modica
1284 2223 1403 2301 ignem
1429 2221 1599 2297 fornacis>

369 2329 487 2407 magis
513 2330 770 2406 accendebant,
798 2330 911 2392 etalii
937 2330 1025 2393 alios
1045 2330 1198 2393 invicem
1223 2330 1268 2392 ad
1293 2346 1433 2393 sacram
1454 2328 1596 2391 Domini

367 2454 528 2500 mensam
543 2437 753 2499 invitabant.
769 2437 813 2499 Et
825 2454 905 2500 cum
918 2436 1109 2517 aliquando
1121 2437 1374 2516 quiescendum
1389 2424 1597 2499 confessarii

368 2553 537 2625 putarent
552 2554 632 2624 post
647 2542 796 2623 alicujus
810 2543 891 2607 festi
906 2546 1179 2621 solemnitatem,
1196 2544 1424 2607 nihilominus
1444 2543 1601 2606 assiduis

369 2651 663 2732 occupationibus
679 2651 731 2715 sic
751 2652 1026 2728 distinebantur,
1047 2660 1085 2714 ut
1107 2651 1223 2715 denuo
1241 2650 1292 2722 ‚ad
1312 2650 1473 2730 vigiliam
1491 2649 1596 2712 festo-

368 2777 447 2823 rum
462 2757 662 2838 hujusmodi
678 2778 716 2822 se
731 2760 907 2838 redactos,
932 2761 1027 2840 quod
1046 2761 1090 2822 ad
1112 2760 1269 2822 laborem
1291 2757 1472 2822 assiduum
1493 2758 1600 2838 perti«

368 2875 439 2938 net,
457 2867 714 2930 existimarent.

433 2972 520 3036 1137.
564 2973 633 3037 Sed
648 2975 683 3036 in
698 2976 830 3054 palatio
845 2973 1020 3054 Principis
1036 2974 1179 3038 assidua
1199 2974 1305 3037 etiam
1328 2973 1537 3053 quibusdam
1552 2991 1596 3038 ex

371 3081 502 3144 nostris
517 3081 744 3145 confessariis
759 3091 837 3144 erat
852 3083 1050 3161 occupati03
1067 3098 1150 3144 nam
1165 3082 1241 3161 ipsa
1255 3081 1424 3161 Princeps
1436 3083 1601 3160 exemplo

370 3205 436 3251 suo
452 3190 604 3251 caeteris
618 3188 792 3268 praeibat,
808 3199 847 3251 ut
866 3189 1125 3268 quodammodo
1141 3190 1212 3252 alia
1227 3187 1270 3251 de
1291 3206 1330 3250 re
1346 3206 1417 3251 non
1432 3197 1599 3266 ageretur

369 3297 460 3360 inter
475 3296 611 3359 nobiles
626 3296 706 3358 illas
720 3296 894 3359 foeminas
913 3296 1078 3375 quamde
1098 3295 1379 3372 frequentatione
1398 3311 1598 3358 sacramen·
1675 3335 1676 3338 κ

369 3413 497 3481 torum,
511 3404 554 3466 de
565 3402 708 3466 virtutis
719 3403 890 3483 profectu,
900 3405 1008 3466 immo
1019 3412 1054 3464 et
1066 3402 1108 3465 de
1117 3403 1183 3481 his,
1197 3419 1287 3481 quae
1299 3402 1599 3481 adperfectiorem

369 3521 501 3574 statum
516 3512 703 3591 pertinent,
721 3511 765 3573 ad
787 3529 891 3590 quem
911 3513 1042 3572 multae
1061 3527 1107 3572 ex
1126 3511 1328 3589 praecipuis
1342 3519 1443 3572 erant
1465 3508 1601 3571 iniiam«

370 3627 499 3680 matae.
515 3616 589 3680 Nec
603 3618 792 3681 tacendum
808 3626 861 3679 est
876 3618 968 3696 quod
986 3617 1124 3696 aliquae
1139 3617 1297 3696 ipsarum
1313 3617 1403 3679 inter
1418 3633 1456 3678 se
1471 3633 1595 3678 convc-

369 3732 508 3799 nerant,
525 3733 562 3786 ut
576 3739 655 3790 sese
669 3724 705 3786 in
721 3725 929 3803 quibusdam
944 3734 1163 3800 exercerent,
1181 3741 1270 3804 quae
1285 3724 1320 3787 in
1336 3723 1512 3802 religiosis
1527 3740 1600 3785 moa

371 3830 536 3893 nasteriis
550 3830 624 3894 fieri
641 3832 767 3906 solent,
784 3840 821 3894 ut
834 3848 876 3893 ea
888 3831 1024 3893 ratione
1037 3849 1075 3893 se
1088 3829 1184 3910 ipsas
1195 3831 1385 3910 probarent
1398 3831 1493 3908 (nam
1505 3847 1599 3892 coms

371 3941 489 4017 plures
505 3938 550 4001 ad
565 3938 675 4000 vitam
691 3939 895 4017 religiosam
912 3955 1109 4017 propensae
1122 3936 1195 4016 jam
1210 3939 1323 4016 erant)
1346 3947 1380 4001 et
1400 3939 1541 4001 interim
1561 3939 1597 4000 in

372 4047 449 4124 ipso
465 4047 597 4126 palatio
609 4046 797 4124 religiosas
807 4047 1041 4109 imitarentur.
1056 4045 1177 4125 Itaque
1190 4047 1292 4108 statis
1307 4046 1517 4125 quibusdam
1529 4044 1601 4108 dic·-

372 4155 438 4215 bus
449 4163 483 4216 et
498 4153 606 4231 horis,
623 4171 662 4216 se
673 4153 777 4215 simul
789 4153 824 4215 in
836 4165 1012 4215 secretum
1025 4155 1141 4216 locum
1153 4153 1369 4231 recipiebant
1381 4162 1416 4214 et
1430 4168 1539 4214 unam
1553 4170 1598 4214 ex

371 4278 436 4323 suo
445 4278 592 4324 numero
604 4260 640 4321 in
651 4260 870 4339 superiorem
882 4259 1070 4338 eligebant,
1081 4259 1138 4321 cui
1150 4277 1212 4339 per
1225 4257 1599 4321 unamhebdomadam

371 4384 494 4430 omnes
509 4367 687 4430 humiliter
702 4366 896 4441 obedirent,
915 4377 949 4428 et
965 4365 1031 4445 ipsi
1047 4383 1131 4428 suas
1146 4367 1284 4445 culpas,
1302 4383 1392 4443 quae
1407 4366 1601 4429 cerneban-¹

371 4486 445 4553 tur,
467 4474 677 4551 faterentur,
699 4482 733 4536 et
753 4474 798 4536 ab
823 4490 865 4536 ea
890 4471 1084 4553 injunctam
1105 4473 1357 4552 poenitentiam
1387 4473 1599 4553 reciperent,

370 4599 480 4662 quant
491 4598 613 4644 coram
625 4581 704 4644 aliis
713 4581 945 4661 peragebant.
956 4581 1066 4646 Immo
1079 4582 1218 4661 aliquae
1230 4599 1275 4643 ex
1288 4581 1517 4645 nobilioribus
1529 4580 1595 4642 vir·

370 4689 526 4768 ginibus,
542 4687 687 4750 suismet
702 4689 934 4768 pedissequis
947 4707 1037 4768 quae
1053 4687 1207 4768 ejusdcm
1220 4697 1321 4752 erant
1337 4688 1520 4769 propositi,
1538 4686 1600 4748 alis
