3717 5400
368 469 421 529 194
496 499 500 508 ·
824 470 953 531 Cenon.
973 471 1050 529 Soc
1070 469 1141 542 Jus.

365 615 473 679 sociis
488 633 567 679 eum
582 615 785 698 reliquerat)
800 616 884 680 ituri
898 627 1012 695 erant,
1028 625 1063 679 et
1077 633 1120 679 eo
1134 633 1207 680 non
1216 616 1374 695 invent0‚
1388 618 1515 698 aliquis
1529 637 1608 700 per*

365 725 549 787 terrestria
563 723 691 788 itinera
705 725 879 788 montium
893 723 1091 799 Calabriae,
1120 723 1222 788 alius
1233 741 1297 805 per
1322 726 1499 790 maritima
1515 728 1606 793 loca

365 847 445 894 eum
460 840 536 895 erat
552 831 794 912 inquisiturus;
810 832 873 894 sed
888 848 960 894 una
974 850 1019 895 ex
1033 831 1089 894 his
1102 830 1246 912 scaphis
1261 832 1417 896 secundo
1438 832 1494 896 die
1514 851 1597 899 eum

365 936 500 1001 invenit
512 946 547 1001 et
561 954 642 1001 cum
656 937 780 1001 eodem
795 937 998 1002 Messanam
1016 938 1132 1001 rediit,
1330 937 1334 943 ’

422 1043 494 1108 560.
537 1044 793 1108 Testimonium
803 1043 938 1124 Regiae
949 1062 1101 1125 magnae
1116 1046 1245 1109 Curiae
1259 1047 1295 1109 iu
1309 1063 1422 1126 regno
1436 1045 1600 1127 Siciliae„

363 1160 399 1214 et
414 1167 574 1214 seorsum
588 1152 683 1215 aliud
696 1151 903 1235 Juratorum
918 1162 953 1214 et
966 1151 1103 1215 Vicarii
1117 1151 1389 1234 Archiepiscopi
1405 1152 1425 1233 ¹,
1438 1153 1476 1217 in
1489 1154 1590 1218 favo·

363 1274 439 1321 rem
450 1255 638 1322 Societatis
653 1258 689 1322 P.
708 1258 884 1322 Antonius
898 1257 1017 1323 Vinck
1025 1258 1175 1322 Romam
1186 1260 1293 1339 misit,
1305 1277 1389 1323 nam
1400 1261 1604 1324 occasione·

363 1364 497 1428 decreti
510 1363 732 1445 ParisiensiS,
749 1377 787 1429 ut
807 1366 901 1444 alibi,
925 1366 975 1428 ita
990 1365 1188 1443 Messanae,
1211 1366 1411 1446 hujusmodi
1433 1368 1601 1431 testimo·-

363 1471 462 1536 nium
474 1474 692 1552 postulatum
707 1482 760 1536 est
775 1475 797 1532 ¹.

423 1575 467 1641 Et
482 1577 571 1642 baec
587 1578 630 1641 de
646 1578 866 1642 Messanensi
880 1578 1049 1660 Collegio.

637 2005 702 2070 DE
723 2004 957 2070 COLLEGIO
980 2007 1322 2073 PANORMITANO

418 2329 488 2394 561.
532 2329 635 2392 Initio
651 2328 755 2409 hujus
777 2331 860 2392 unni
885 2329 1123 2409 quadraginta
1145 2328 1188 2392 de
1212 2328 1391 2392 Societate
1413 2339 1537 2392 nostra
1551 2331 1595 2393 in

359 2435 517 2516 Collegio
543 2435 794 2499 Panormitano
822 2436 1067 2508 versabantur;
1096 2437 1260 2516 quamvis
1275 2447 1397 2515 postea
1420 2436 1499 2500 aliis
1522 2437 1607 2499 alio·

345 2541 496 2619 -missis,
524 2542 629 2623 pauci
654 2546 745 2604 ultra
771 2542 918 2621 triginta
943 2540 1071 2604 ibidem
1095 2541 1320 2619 residebant,
1346 2542 1412 2604 sub
1439 2540 1590 2606 Rectore

357 2649 464 2714 Patre
480 2649 589 2714 Paulo
605 2649 649 2713 de
664 2649 813 2714 Achillis
832 2647 853 2709 ³.
875 2649 988 2713 Erant
1010 2658 1128 2713 autem
1143 2649 1235 2713 inter
1249 2649 1325 2728 boS,
1348 2651 1408 2730 qui
1423 2647 1603 2718 Valentia¹

358 2759 458 2823 missi
472 2758 613 2822 fuerant
627 2755 651 2835 ⁴,
665 2758 756 2820 inter
771 2774 859 2837 quos
879 2757 1005 2820 Petrus
1030 2756 1169 2834 Beiver,
1193 2756 1403 2820 Dominicus
1426 2757 1590 2821 Andalur

358 2876 393 2929 et
408 2865 469 2929 alii
484 2874 585 2928 erant
601 2863 624 2924 ⁸.

415 2972 486 3035 562.
531 2971 763 3035 Admiserunt
785 2979 903 3034 autem
922 2972 988 3034 sub
1012 2971 1096 3033 anni
1118 2971 1257 3034 initium
1278 2971 1446 3051 juvenem
1470 2988 1587 3051 quem-

359 3079 441 3144 dam
460 3079 610 3142 honesto
630 3080 709 3141 loco
735 3086 868 3156 natum,
895 3079 956 3158 qui
980 3095 1062 3140 cum
1082 3078 1223 3140 biennio
1237 3078 1378 3157 integro
1398 3080 1600 3158 pulsasset,

359 3204 425 3251 nec
440 3186 472 3250 ei
488 3187 618 3249 ostium
633 3196 796 3265 apertum
815 3185 951 3263 fuisset,
968 3184 1116 3248 venitin
1131 3184 1329 3263 Collegium
1350 3202 1431 3250 cum
1450 3183 1488 3249 P.
1505 3184 1588 3249 Pro-

402 3426 411 3459 ¹
440 3426 637 3481 Archieplscopi
651 3432 677 3470 et
692 3426 840 3470 cardinalis
855 3426 977 3469 vicarius
993 3433 1050 3469 erat
1066 3426 1173 3469 “Petrus
1189 3427 1372 3481 Ansalouus...,
1382 3426 1472 3471 Abbas
1485 3426 1591 3472 Manda-

360 3497 489 3549 ulclensls,
501 3498 646 3543 canonicus
657 3503 683 3541 et
694 3498 791 3541 Cantor
802 3496 926 3541 ecclesiae
938 3496 1257 3549 Messanensis.,Roccuus
1267 3498 1368 3547 Pranus,
1378 3497 1516 3543 Ecclesiae
1523 3498 1591 3543 Mes·
1601 3532 1605 3536 .

357 3572 485 3613 canensis
496 3572 591 3613 notitia
602 3569 640 3619 II,
651 3571 693 3613 lib.
704 3580 722 3622 t,
733 3571 782 3613 col.
792 3568 840 3621 ati,
852 3568 928 3611 e.-ls
938 3580 955 3612 a
964 3568 1032 3619 Julio
1042 3569 1087 3619 ΙΙΙ1
1100 3569 1195 3612 litteris
1205 3569 1229 3611 li
1240 3567 1297 3612 Kal.
1306 3568 1368 3611 Feb.
1378 3570 1455 3622 datis,
1466 3572 1582 3625 appella·

354 3651 398 3686 tur
407 3650 548 3696 perpetuus
559 3641 800 3685 commendatarius
810 3639 960 3683 lionasteril
969 3639 1082 3683 Sanctae
1091 3640 1189 3684 Mariae
1198 3641 1228 3683 de
1235 3640 1397 3685 Mandanlclo
1406 3641 1504 3686 ordinis
1509 3641 1535 3685 S.
1542 3641 1593 3687 Ba·

360 3712 419 3759 sllll.
430 3712 476 3763 Io..
488 3714 554 3757 ibid.

396 3784 408 3816 ἰ
436 3784 478 3827 “In
489 3786 606 3828 manibus
618 3790 757 3839 praeterea
773 3790 912 3826 versantur
925 3784 1078 3838 apographa
1088 3783 1224 3837 originalis
1237 3783 1404 3828 testimonii...
1418 3784 1539 3839 Protegis
1550 3784 1588 3828 Si·

358 3858 436 3901 ciliae
447 3856 554 3908 Joannis
563 3857 595 3898 de
606 3855 691 3908 Vega,
706 3866 757 3899 una
770 3866 828 3897 curn
839 3862 894 3897 toto
904 3854 970 3907 regii
982 3855 1152 3907 magistratus
1161 3855 1278 3907 consilio,
1287 3856 1329 3898 die
1339 3854 1364 3897 V
1372 3854 1491 3900 Octobris
1500 3857 1590 3902 eodem

356 3940 423 3973 anno
444 3928 502 3981 1555,
521 3927 668 3971 cardinalis
686 3926 884 3980 Archiepiscopl
901 3925 1087 3981 Messanensis,
1104 3926 1211 3978 Joaanis
1229 3927 1349 3971 Andreae
1365 3927 1500 3981 Mercurii,
1518 3928 1589 3974 tltull

358 4000 382 4045 S.
395 4000 500 4056 Cyriaci
511 4001 535 4043 in
546 3998 674 4048 Thermis.
685 3999 724 4041 die
736 3998 771 4041 xl
783 3998 911 4049 Octobris,
922 4008 989 4041 anno
1000 4009 1077 4051 saepe
1091 3999 1588 4054 dicto1555,legallzatloautemJurato·

356 4083 413 4115 rum
425 4072 545 4115 nobilium
558 4070 761 4113 Messanensium
771 4071 890 4123 signatur
901 4068 942 4111 die
953 4068 1123 4123 Xllejitsdem
1132 4070 1260 4113 meusiset
1271 4070 1434 4124 anni.„Prtts,
1446 4072 1512 4115 Acta
1522 4071 1587 4115 Sarr-

360 4147 472 4192 ciorum,
486 4154 571 4185 mense
583 4140 659 4194 Julio,
672 4148 691 4184 t.
703 4152 747 4191 vn,
760 4140 856 4185 comm.
867 4150 967 4195 praem,
978 4152 1002 4183 n.
1017 4141 1066 4183 502.

392 4212 404 4245 ⁸
431 4213 580 4266 Septembri
593 4224 678 4255 mense
691 4212 766 4266 hujus
777 4212 836 4255 anni
847 4213 980 4255 scribebat
991 4213 1107 4266 Angelus
1122 4210 1263 4254 Pulliclnus
1273 4209 1384 4265 Ignatio:
1396 4212 1459 4257 “Nel
1475 4213 1597 4268 collegio-

351 4286 503 4329 siamotutrl
513 4284 548 4335 3¹2,
560 4292 615 4327 otto
626 4284 714 4333 Padri,
725 4284 761 4337 gl’
772 4284 834 4327 altri
846 4282 926 4336 laici„
935 4281 1056 4325 Litterae
1065 4282 1294 4334 Quadrimeslrrs,
1306 4288 1324 4325 t.
1335 4292 1373 4337 ιιι,
1381 4294 1444 4338 pag.
1456 4285 1505 4329 ott.

393 4358 406 4391 Α
431 4356 600 4400 Duodecimn
611 4364 687 4399 crant
698 4356 741 4409 qui
752 4368 784 4399 ex
795 4356 922 4409 Hispania
934 4362 1070 4398 venerant.
1082 4354 1122 4397 De
1132 4354 1164 4397 lis
1178 4354 1244 4397 haec
1255 4353 1390 4397 Polancus:
1404 4355 1456 4398 “De
1470 4357 1510 4399 los
1519 4354 1582 4401 does

355 4428 480 4475 envlados
491 4429 521 4470 de
535 4426 636 4481 Espaila
648 4439 679 4470 no
689 4430 809 4471 subemos
820 4429 858 4469 las
870 4433 959 4480 partes
970 4427 1000 4469 de
1012 4428 1050 4468 los
1060 4437 1108 4480 que
1123 4426 1225 4479 quedau
1235 4427 1298 4475 alla.
1307 4426 1332 4468 ni
1341 4424 1373 4468 V.
1384 4425 1415 4469 R.
1422 4427 1449 4470 ui
1456 4428 1480 4470 el
1488 4426 1516 4471 Ρ.
1523 4426 1581 4471 Don

258 4538 260 4543 .
358 4501 438 4544 Pablo
448 4500 540 4543 avis-an
551 4500 641 4551 dellas,
653 4510 723 4551 creo,
734 4498 863 4541 temiendo
873 4509 922 4552 que
934 4510 967 4540 no
977 4508 1004 4541 se
1014 4499 1053 4541 les
1063 4496 1236 4552 pidaalguno.
1247 4496 1299 4539 Los
1309 4503 1422 4552 tresque
1437 4498 1489 4542 han
1500 4498 1591 4543 euria-

361 4576 400 4619 do.
410 4583 438 4614 es
449 4578 525 4624 gente
537 4571 567 4613 de
580 4572 661 4614 lustre
673 4579 767 4613 cuanto
778 4572 793 4612 a
805 4571 893 4619 tetras,
904 4580 952 4623 que
963 4580 995 4612 uo
1008 4569 1061 4624 hay
1071 4573 1144 4612 entre
1162 4570 1226 4611 ellos
1241 4569 1317 4621 quien
1330 4580 1394 4622 sepa
1408 4569 1498 4622 uada„
1511 4570 1596 4616 Patri

359 4642 517 4697 Hieronymo
529 4641 685 4692 Domeneclt,
698 4644 719 4685 ll
732 4640 850 4693 Junuarii
863 4640 922 4684 1555.

396 4714 408 4747 ⁸
438 4714 500 4756 Vide
513 4724 600 4767 supra,
613 4721 632 4757 t.
644 4724 680 4766 tv,
691 4724 752 4767 pag.
763 4712 811 4765 3³8,
824 4724 848 4755 n.
859 4712 909 4756 71⁶.
