3717 5400
476 1256 540 1323 DE
563 1254 865 1323 PROVINCIALI
889 1256 1259 1322 PORTUGALLIAE

618 1490 664 1537 ac
685 1490 732 1537 na
747 1490 857 1537 nasus
871 1489 1086 1535 aaruroema
1103 1472 1111 1503 ⁸

318 1820 406 1886 toto.
450 1821 665 1902 Praeterea,
687 1838 778 1903 quae
793 1820 837 1883 de
854 1818 892 1883 P.
911 1820 1059 1902 Mirone,
1084 1818 1312 1898 Provinciali,
1331 1819 1483 1885 dicenda

251 1940 501 2007 occurrerunt,
519 1946 598 1993 cum
614 1928 657 1994 de
671 1932 831 2013 collegiis
842 1932 916 2015 ejus
927 1930 1138 1997 Provinciae
1150 1945 1351 2011 ageremus,
1362 1928 1482 2009 aliqua

258 2038 366 2102 etlam
387 2036 537 2101 dicenda
562 2048 656 2118 sunt;
680 2056 723 2103 ac
747 2040 851 2105 simul
867 2038 911 2103 de
930 2039 1157 2103 missionibus
1177 2047 1279 2103 extra
1297 2036 1482 2116 Portugal-

250 2146 341 2209 liant
356 2144 471 2209 lactis.

320 2250 407 2315 1647.
450 2250 626 2315 Sacerdos
640 2251 795 2334 quidam,
811 2270 849 2319 se
869 2255 913 2319 de
932 2254 1110 2319 societate
1124 2264 1203 2317 esse
1216 2252 1398 2330 simulam,
1416 2252 1482 2313 ele·

168 2379 172 2387 ’
250 2371 449 2440 emusynas
462 2359 604 2439 petebat
618 2376 682 2440 pro
697 2360 857 2425 aedificio
871 2360 934 2427 gu
951 2360 1077 2440 Rocbi,
1104 2375 1196 2441 quae
1214 2368 1291 2423 erat
1311 2356 1457 2422 Patrum
1470 2355 1482 2388 ¹

256 2466 497 2547 professorum
521 2464 657 2546 domus,
684 2477 720 2531 et
743 2477 863 2531 tamen
887 2466 1035 2549 propte'r
1055 2468 1240 2549 penuriam
1260 2474 1295 2529 et
1320 2478 1483 2529 annonae

252 2574 445 2637 caritatem
463 2572 475 2605 ⁸
496 2574 609 2637 nostri
633 2574 857 2639 abstinebant
881 2576 925 2639 ab
951 2574 1152 2657 hujusmodi
1172 2572 1406 2654 eleemosynis
1422 2588 1484 2653 pu·

257 2680 348 2746 blice
362 2680 533 2764 petendis,
549 2682 713 2762 quamvis
732 2681 825 2765 mille
839 2682 914 2747 sere
929 2692 965 2748 et
978 2683 1128 2748 trecenti
1149 2682 1249 2746 aurei
1266 2680 1303 2745 in
1324 2678 1485 2745 aedilicio

259 2789 406 2870 expensi
425 2789 577 2868 fuerant,
597 2790 657 2870 qui
674 2807 797 2854 omnes
810 2807 857 2854 ex
877 2790 1126 2872 eleemosynis.
1141 2806 1231 2871 quas
1245 2787 1345 2853 multi
1359 2796 1486 2870 sponte

259 2895 463 2974 offerebant,
480 2895 591 2960 habiti
605 2897 755 2977 fuerant,
772 2915 839 2962 nec
857 2899 1015 2963 debitum
1029 2899 1137 2962 ullum
1151 2897 1315 2962 relictum
1333 2905 1398 2960 est.
1416 2893 1486 2959 Sed

260 3004 429 3068 clericum
444 3003 540 3068 illum
556 3019 637 3069 cum
651 3004 794 3068 obviam
812 3005 993 3069 habuisset
1007 3003 1113 3068 Pater
1128 3003 1255 3084 Micon,
1275 3001 1487 3084 capiendum

252 3111 410 3189 curavit,
424 3113 484 3192 qui
496 3111 531 3175 in
544 3129 688 3176 carcere
699 3111 913 3193 aliquamdiu
924 3122 1095 3191 retentus,
1107 3114 1212 3176 unius
1223 3111 1308 3174 anni
1322 3111 1429 3175 exilio
1441 3109 1487 3174 ab

259 3215 540 3300 Archiepiscopo
554 3216 567 3249 ⁴
581 3221 772 3284 mulctatus
787 3229 852 3284 est.

321 3325 409 3390 1648.
453 3325 508 3389 De
523 3325 560 3390 P.
574 3327 758 3392 Gonzalvo
770 3327 813 3391 de
824 3325 977 3391 Silveira
989 3325 1159 3391 mittendo
1170 3326 1207 3390 in
1217 3323 1353 3389 Indiam
1365 3339 1489 3388 omnes

253 3433 332 3498 ieie
347 3433 616 3513 conveniebant,
633 3451 713 3498 cum
728 3434 866 3498 duobus
881 3433 960 3498 aliis
974 3431 1265 3516 praeceptoribus
1283 3432 1487 3512 grammati·

252 3539 326 3620 -cls,
343 3550 382 3604 ut
397 3539 593 3620 Collegium
614 3540 754 3608 Goense
773 3541 915 3606 scholas
934 3538 1122 3605 Societatls
1141 3540 1303 3619 haberet,
1323 3538 1489 3620 quemad·
1509 3569 1517 3580 ·

260 3647 403 3711 modum
414 3645 579 3728 apudS.¹¹²
591 3646 788 3712 Antonium
802 3643 1039 3729 Ulyssiponae
1052 3645 1284 3725 habebantur,
1294 3656 1329 3710 et
1341 3656 1379 3710 ut
1389 3648 1491 3710 locus

255 3754 351 3817 alius
381 3753 481 3818 Goae
505 3755 695 3834 eligeretur
724 3754 770 3819 ad
794 3753 1037 3836 professorum
1062 3755 1206 3819 domum
1224 3754 1488 3833 instituendam,

255 3860 558 3940 quemadmodum
572 3861 809 3944 Ulysslponae
823 3861 958 3926 sactum
972 3871 1060 3926 erat.
1083 3861 1154 3925 Res
1173 3861 1305 3926 collata
1322 3861 1390 3926 fuit
1408 3877 1490 3924 cum

264 3966 361 4048 Rege
380 3985 423 4031 ac
449 3967 599 4049 Regina,
622 3979 657 4034 et
681 3970 768 4052 ipsis
794 3983 1013 4051 magnopere
1037 3969 1212 4051 placebat;
1238 3985 1319 4033 eum
1338 3967 1432 4032 enim
1447 3968 1491 4031 de

262 4085 376 4140 morte
387 4075 425 4139 P.
443 4073 627 4142 Francisci
642 4075 779 4142 Xavier
794 4094 836 4141 ac
850 4078 997 4142 Patrum
1010 4073 1195 4157 Gasparis,
1211 4075 1365 4140 Morales
1376 4085 1411 4138 et
1425 4075 1491 4140 Ur·

302 4315 311 4350 ¹
340 4315 388 4362 llic
399 4317 492 4362 tertius
502 4318 606 4372 qnidam
616 4317 720 4372 ignotus
730 4319 774 4362 sed
785 4326 857 4362 certo
872 4318 993 4373 antiquus
1004 4317 1113 4362 mscrnlt
1127 4315 1201 4360 beet:
1213 4317 1282 4360 Sunt
1295 4315 1339 4360 bic
1352 4314 1487 4370 quaedam

254 4389 297 4432 -nd
309 4389 480 4434 Prouinciam
491 4389 653 4434 Lusitaniae
662 4391 825 4444 spectantia.

301 4461 312 4494 ¹
339 4461 385 4505 lis.
400 4461 479 4505 babet
494 4461 536 4506 hle
550 4467 672 4516 prorum,
686 4463 753 4516 quod
768 4463 819 4516 legi
834 4469 921 4516 posset
934 4463 1058 4516 priunum
1073 4461 1116 4504 vel
1129 4461 1296 4516 primorum
1310 4461 1355 4504 sed
1370 4459 1491 4505 {ottenis

261 4532 380 4577 mendum
391 4539 430 4576 est
441 4537 466 4576 et
479 4533 640 4577 scribendum
651 4539 751 4588 prum..
761 4534 875 4588 quodem
887 4533 1069 4577 abbreviatum
1079 4535 1200 4586 patrum.

301 4603 314 4637 Ι
342 4603 396 4648 lloc
407 4611 455 4657 cet.
464 4611 570 4658 propter
580 4606 712 4658 penuriam
729 4613 754 4650 et
771 4615 887 4650 annonae
903 4604 1051 4655 caritatem,
1065 4612 1144 4658 quam
1158 4610 1240 4648 totum
1256 4603 1435 4659 Portunalllee
1449 4615 1493 4651 re·

255 4685 339 4730 gnum
351 4677 398 4720 boc
410 4687 476 4720 anno
486 4677 677 4730 experiebatur.
691 4677 755 4722 Vide
765 4687 853 4732 supra,
864 4687 924 4732 pag.
935 4677 985 4730 bii,
994 4687 1020 4720 n.
1032 4675 1091 4719 tota.

302 4748 313 4782 ⁴
341 4747 505 4792 Ferdlnnndo
516 4749 701 4796 Vasconcellos
711 4759 736 4794 et
747 4751 871 4796 Medeees.
