3717 5400
403 480 459 541 596
861 480 990 540 Curtott.
1010 477 1087 538 Soc.
1112 478 1183 552 Jss.

404 626 507 689 batur
522 624 598 689 fieri
613 642 729 705 posse,
751 642 831 689 curn
851 640 952 687 muro
973 624 1102 687 vallari
1121 624 1230 687 situm
1251 633 1443 705 oporteret,
1466 634 1501 688 et
1523 627 1636 689 eccle-

403 733 494 796 siam
519 732 712 811 aedificari,
736 732 902 813 quamvis
924 731 1065 795 interim
1087 732 1207 795 aulam
1227 732 1428 811 quamdam,
1452 748 1542 813 quae
1564 733 1634 796 duo

402 840 513 905 millia
528 839 710 903 hominum
728 840 903 920 capiebat,
920 838 959 901 P.
975 838 1050 902 Leo
1064 838 1073 871 ¹
1089 839 1319 919 praeparavit
1334 840 1372 903 in
1382 839 1504 903 sacelli
1515 856 1630 905 usum.

465 946 553 1009 1640.
597 946 697 1010 Dixit
723 956 842 1009 autem
863 944 953 1024 Regi
983 943 1217 1009 Provincialis
1237 947 1330 1010 velle
1351 955 1495 1010 nostros
1516 946 1633 1011 adhuc

401 1054 490 1119 duos
518 1071 632 1117 annos
652 1054 805 1117 retinere
827 1052 1095 1133 habitationem,
1122 1069 1229 1133 quam
1249 1061 1395 1117 eatenus
1419 1052 1630 1117 habuerant.

401 1158 597 1242 Respondit
612 1169 732 1224 tamen
747 1158 824 1223 Rex
839 1159 906 1222 sibi
921 1176 994 1221 non
1007 1157 1122 1221 videri
1136 1160 1390 1239 necessarium,
1411 1159 1495 1239 quia
1514 1176 1631 1241 spera·

400 1268 463 1331 bat
477 1266 637 1331 officinas
652 1276 687 1331 et
701 1266 837 1347 reliqua
854 1274 936 1329 ante
948 1274 1153 1329 nostrorum
1163 1267 1413 1345 migrationem
1422 1268 1631 1347 praeparari

401 1390 521 1455 posse,
538 1383 572 1437 et
587 1372 810 1453 praedictam
825 1372 1081 1437 habitationem
1097 1381 1301 1437 nostrorum
1317 1374 1354 1437 in
1368 1376 1476 1437 usum·
1490 1374 1631 1453 collegii

402 1480 639 1562 quorumdam
654 1480 903 1560 religiosorum
915 1489 1124 1543 convertere
1135 1480 1317 1559 cogitabat
1327 1478 1349 1543 ⁸.
1362 1480 1407 1543 Et
1419 1479 1469 1543 ita
1480 1479 1545 1543 Dr.
1558 1480 1630 1545 An·

402 1588 520 1651 tonius
541 1587 691 1651 Pinerus
711 1587 998 1667 interrogaverat
1018 1586 1056 1649 P.
1077 1585 1249 1651 Mironem
1271 1587 1354 1667 quid
1372 1596 1518 1650 acturus
1539 1598 1631 1651 esset

400 1695 446 1758 de
471 1694 655 1776 praedicta
679 1694 909 1757 habitatione.
936 1691 1142 1772 Respondit,
1168 1693 1338 1774 quidquid
1359 1692 1451 1773 Regi
1472 1695 1630 1773 placeret

401 1810 547 1865 nostros
562 1818 640 1865 esse
654 1800 825 1879 iactur0s3
841 1800 903 1863 sed
915 1817 1006 1880 quae
1017 1800 1089 1863 illic
1100 1800 1342 1881 expenderant
1353 1800 1467 1863 nostri
1478 1816 1630 1879 aequum

401 1908 469 1973 sibi
483 1908 597 1971 videri
612 1916 650 1970 ut
665 1904 834 1971 Societati
849 1905 1130 1970 refunderentur.
1688 1903 1691 1909 '

461 2014 550 2080 1641,
593 2013 672 2079 Non
687 2014 781 2077 enim
794 2024 944 2077 venerat
959 2013 996 2076 in
1011 2023 1166 2077 mentem
1179 2013 1312 2077 nostris
1326 2012 1421 2093 quod
1431 2016 1536 2079 simul
1547 2031 1629 2079 cum

397 2122 511 2203 Regio
527 2122 685 2202 Collegio
701 2137 804 2184 suum
818 2120 902 2201 illud
917 2130 1063 2200 possent
1077 2120 1241 2199 retinere,
1257 2119 1301 2183 de
1322 2138 1390 2200 quo
1408 2138 1471 2202 per
1491 2124 1629 2185 litteras

397 2247 445 2293 ex
458 2228 555 2293 Urbe
569 2228 697 2293 missas
712 2228 854 2291 suerunt
869 2226 1057 2305 admoniti;
1073 2227 1191 2306 immo,
1208 2226 1299 2290 inter
1313 2243 1352 2290 se
1367 2237 1526 2307 agentes,
1543 2226 1628 2307 judi·

399 2337 531 2400 cabant
545 2336 688 2399 minime
711 2334 903 2397 convenire
925 2334 1020 2396 utin
1040 2333 1177 2396 duobus
1197 2334 1284 2397 locis
1305 2331 1466 2398 Societas
1490 2334 1630 2399 Conim-

398 2444 519 2507 bricae
534 2442 717 2521 resideret,
734 2458 815 2505 cum
829 2441 1040 2521 praesertim
1061 2440 1130 2504 hoc
1150 2441 1243 2504 inter
1262 2450 1381 2505 cetera
1401 2440 1537 2522 Regem
1555 2460 1627 2506 mo·

395 2551 509 2614 visset
525 2549 570 2613 ad
585 2566 688 2612 suum
703 2548 892 2627 collegium
907 2548 1041 2611 nostris
1061 2548 1329 2627 assignandum,
1349 2556 1388 2610 ut
1406 2564 1472 2628 pro
1491 2550 1629 2613 duobus

398 2655 630 2720 aedificandis
644 2666 679 2720 et
700 2653 876 2734 dotandiS,
894 2654 1003 2718 unurh
1017 2662 1155 2718 tantum
1170 2653 1375 2718 aedificaret
1390 2672 1434 2719 ac
1449 2655 1589 2720 dotaret
1601 2654 1627 2736 ⁸3

395 2781 480 2826 nam
495 2780 577 2826 aere
592 2763 706 2826 alieno
723 2761 801 2826 Rex
815 2777 1033 2842 magnopere
1048 2770 1223 2840 gravatus
1237 2771 1326 2841 erat,
1341 2771 1378 2825 et
1392 2764 1503 2826 multa
1517 2781 1628 2844 opera

395 2879 589 2950 coeperant
603 2869 615 2900 ⁴
630 2886 721 2951 quae
736 2868 899 2932 absoluta
913 2885 986 2931 non
1001 2876 1119 2946 erant,
1135 2877 1171 2931 et
1186 2869 1256 2932 duo
1272 2868 1403 2949 alioqui
1417 2870 1569 2949 collegia
1589 2870 1625 2935 in

394 2978 541 3042 civitate
562 2994 634 3040 non
656 2993 788 3056 magna
808 2977 941 3039 habere
961 2975 1132 3038 timebant
1152 2993 1196 3039 ne
1217 2976 1379 3039 odiosum
1404 2985 1511 3055 esset,
1533 2986 1568 3040 et
1581 2995 1626 3040 ne

395 3084 473 3148 Rex
487 3092 629 3147 nostros
644 3083 848 3147 ambitionis
863 3090 1021 3160 notaret;
1038 3091 1073 3144 et
1093 3082 1142 3145 ita
1161 3081 1302 3162 Infanti,
1323 3099 1428 3162 quem
1449 3085 1627 3148 consuluit

391 3191 431 3255 P.
448 3191 574 3267 Miron,
592 3191 709 3254 visum
725 3201 790 3269 est,
808 3207 853 3252 ne
869 3190 1085 3252 mentionem
1101 3206 1144 3251 ea
1159 3189 1202 3252 de
1222 3205 1261 3252 re
1280 3189 1431 3269 iaceret;
1451 3191 1515 3254 vix
1531 3192 1626 3255 enim

392 3297 747 3377 alterumcollegium
763 3296 904 3359 absolvi
917 3311 1036 3376 posse,
1053 3305 1241 3374 utrumque
1252 3307 1371 3359 autern
1383 3296 1627 3362 difficillimum

391 3405 484 3484 iore;
500 3414 534 3468 et
548 3403 708 3484 Reginae
723 3403 945 3466 tantumdem
961 3403 1159 3465 videbatur.
1177 3401 1327 3466 Errasse
1342 3414 1521 3482 tamense
1539 3403 1625 3468 fate·

392 3514 497 3575 batur
512 3511 550 3576 Ρ.
568 3510 684 3574 Miron
699 3512 859 3574 scribens
879 3509 918 3572 Ρ.
941 3509 1091 3588 Ignatio,
1113 3511 1206 3589 quod
1225 3508 1301 3573 sine
1323 3510 1435 3590 ipsius
1455 3509 1626 3575 facultate

391 3620 547 3698 domum,
572 3636 679 3698 quam
702 3617 890 3697 habebant,
913 3617 1112 3697 relinquere
1128 3625 1163 3679 et
1179 3615 1330 3696 Regium
1351 3615 1547 3698 Collegium
1564 3619 1624 3682 ad·

391 3728 531 3792 mittere
546 3726 763 3789 decrevisset
779 3724 801 3783 ³.

455 3834 542 3898 1642.
587 3834 684 3896 Misit
700 3843 817 3896 autem
831 3831 982 3895 Romam
1003 3834 1203 3911 exemplum
1224 3840 1450 3910 statutorum,
1474 3849 1564 3913 quae
1585 3833 1623 3896 in

390 3925 503 4023 Regio
521 3939 680 4018 Collegio
695 3938 741 4002 ad
755 3939 823 4001 hoc
835 3955 947 4018 nsque
959 3947 1098 4019 tempus
1110 3937 1402 4014 observabantur,
1419 3949 1457 4001 ut
1472 3938 1507 4002 P.
1522 3939 1624 4018 Igna·

391 4050 463 4112 tius
480 4049 626 4126 videret,
644 4064 688 4109 an
705 4063 750 4109 ex
765 4045 816 4109 eis
832 4045 964 4127 aliquid
978 4047 1157 4125 probaret;
1174 4061 1257 4108 nam
1272 4043 1350 4108 Rex
1365 4045 1497 4126 omnia,
1514 4055 1552 4110 ut
1572 4046 1622 4110 di·

431 4362 438 4393 ¹
469 4361 496 4404 P.
513 4359 566 4402 Leo
580 4359 718 4413 Enriquez,
734 4357 777 4411 qui
793 4355 908 4409 Colleglo
925 4363 1014 4400 nostro
1029 4356 1231 4402 conimbricensl
1249 4360 1384 4411 praeerat,
1402 4355 1520 4412 collegio
1537 4356 1623 4411 Regio

389 4433 570 4491 praefuturus.

428 4505 440 4536 ¹
467 4503 533 4546 Vide
544 4511 631 4555 supra,
643 4511 701 4555 pag.
714 4499 762 4548 59t.
774 4511 798 4542 n.
811 4499 871 4542 1634.

423 4575 435 4607 ³
461 4573 528 4616 Vide
539 4584 626 4626 supra,
640 4584 699 4626 pag,
709 4571 758 4623 58⁸,
769 4582 794 4614 u.
806 4571 869 4613 1621.

429 4649 441 4680 ⁴
468 4645 518 4696 Sic,¹
530 4643 669 4698 coeperat?
778 4697 780 4700 Ι
938 4637 941 4640 ’

430 4719 442 4750 ¹
469 4717 536 4760 Vide
547 4727 635 4770 supra,
644 4727 705 4770 pag.
715 4715 764 4770 591,
775 4726 800 4758 n.
812 4715 875 4758 lost.
