3717 5400
375 469 429 529 246
831 471 960 532 Canon.
980 469 1058 530 Soc.
1079 477 1149 543 jas.

376 619 458 696 ptiS,
476 617 630 696 Pragam
645 617 941 699 proficisceretur,
957 629 995 682 ut
1010 635 1068 682 res
1082 619 1304 682 necessarias
1315 618 1433 681 futuro
1445 618 1610 698 Collegio

376 735 617 804 praepararet.

435 831 506 894 697.
552 833 650 915 Juvit
662 834 767 896 etiam
780 834 942 898 eumdem
954 833 1134 897 Canisium
1145 833 1182 896 in
1192 833 1408 897 catechismo
1423 833 1470 896 ad
1480 849 1601 896 secun·

377 939 460 1002 dam
476 939 666 1002 editionem
682 941 972 1020 recognoscendo
988 945 1010 1000 ¹.

438 1045 509 1109 698.
554 1045 609 1110 Ex
625 1047 693 1109 illis
708 1047 946 1126 quadraginta
962 1058 997 1110 et
1012 1060 1092 1111 octo
1104 1047 1294 1129 juvenibus
1304 1047 1453 1112 Romam
1463 1048 1600 1112 mitten·

377 1153 444 1231 dis,
461 1166 562 1216 erant
577 1153 763 1218 duodecim
777 1135 1036 1236 bohemiquos
1051 1156 1117 1220 hoc
1138 1173 1232 1218 anno
1247 1155 1397 1219 Romam
1412 1156 1552 1218 venisse
1565 1168 1601 1217 et

378 1261 415 1324 in
430 1258 645 1324 Societatem
661 1261 836 1324 admissos
851 1261 959 1325 luisse
974 1263 1129 1326 diximus
1143 1265 1164 1322 ².
1181 1263 1270 1328 Cum
1285 1274 1402 1326 autem
1414 1262 1611 1326 intellexis·

378 1375 432 1430 set
458 1365 535 1430 Rex
560 1366 807 1430 Ferdinandus
832 1386 902 1432 non
927 1385 1032 1449 posse
1057 1371 1136 1432 illos
1157 1368 1366 1448 inCollegio
1389 1368 1609 1432 Germanico

377 1477 587 1552 sustentari,
609 1475 677 1538 nisi
696 1475 739 1538 de
760 1476 865 1538 rebus
886 1478 1099 1540 necessariis
1119 1495 1165 1540 ex
1187 1477 1265 1556 ipsa
1289 1476 1470 1553 Bohemia,
1487 1477 1545 1538 vel
1558 1476 1611 1538 ab

379 1583 503 1646 eodem
530 1582 627 1662 Rege
645 1583 920 1662 prospiceretur,
944 1583 976 1646 in
999 1584 1168 1664 optimam
1188 1595 1325 1663 partem
1351 1583 1490 1663 accepit
1509 1583 1604 1662 quod

381 1689 417 1752 Ρ.
436 1688 595 1768 Ignatius
610 1707 671 1753 eos
687 1689 904 1769 admisisset;
922 1708 1003 1753 cum
1024 1690 1100 1753 sine
1120 1691 1302 1769 dignitatis
1320 1701 1355 1753 et
1376 1689 1604 1752 existimatio·

380 1797 435 1859 nis
452 1797 571 1875 regiae
587 1798 705 1876 aliqua
721 1796 981 1859 obtrectatione
995 1798 1126 1860 remitti
1144 1815 1215 1859 non
1229 1797 1386 1876 potuisse
1400 1816 1421 1860 a
1436 1796 1482 1860 D.
1497 1796 1604 1859 Dida·

380 1922 422 1966 co
437 1903 566 1981 Lasso,
585 1921 648 1966 suo
663 1904 699 1967 in
715 1903 875 1967 Romana
892 1904 991 1966 curia
1007 1915 1148 1967 oratore
1163 1902 1186 1984 ³,
1203 1904 1443 1967 intellexisset.
1459 1903 1503 1965 Et
1519 1913 1604 1966 tunc

379 2010 559 2074 constituit
573 2023 609 2073 ut
622 2009 873 2090 quadringenti,
887 2012 986 2072 aurei
1000 2010 1159 2090 Collegio
1173 2020 1296 2073 nostro
1310 2009 1470 2074 Romano
1487 2009 1604 2088 singu-

380 2120 424 2180 lis
440 2118 542 2182 annis
558 2120 860 2197 persolverentur;
882 2127 928 2195 et,
950 2118 1118 2198 quamdiu
1136 2119 1212 2197 ipse
1233 2118 1333 2196 vixit,
1354 2133 1492 2196 semper
1514 2116 1607 2178 bona

379 2225 448 2288 fide
464 2225 569 2287 soluti
585 2233 666 2286 sunt
681 2222 704 2287 ⁴.

442 2333 512 2396 699.
557 2332 629 2396 Alii
654 2333 841 2398 duodecim
866 2351 910 2396 ex
936 2333 1120 2412 provincia
1143 2332 1255 2396 Slesia
1280 2333 1518 2411 mittebantur,
1544 2331 1611 2395 sed

380 2458 462 2504 cum
477 2458 547 2503 non
564 2449 682 2504 essent
697 2458 738 2503 eo
753 2441 872 2503 animo
887 2452 924 2503 ut
944 2442 1075 2503 vellent
1094 2440 1356 2503 ecclesiasticos
1375 2439 1516 2502 ordines
1535 2454 1611 2501 sus·

382 2549 513 2628 cipere,
536 2547 750 2626 significavit
776 2549 827 2610 eis
853 2545 890 2610 P.
912 2546 1089 2622 CanisiuS,
1110 2548 1171 2628 qui
1193 2548 1332 2610 vicinus
1350 2547 1438 2624 ipsis
1456 2555 1543 2625 erat,
1565 2562 1614 2607 ne

383 2656 531 2719 ulterius
546 2653 696 2721 Romam
711 2671 836 2719 versus
851 2656 1161 2736 progrederentur.

443 2761 513 2826 700.
557 2762 629 2827 Alii
654 2763 838 2826 duodecim
858 2764 996 2827 moravi
1020 2763 1208 2840 Viennam,
1239 2773 1277 2825 ut
1305 2761 1469 2841 superius
1495 2759 1609 2840 tetigi-

383 2887 461 2933 mus
474 2868 503 2949 ⁵,
518 2871 617 2933 missi
628 2880 725 2948 sunt;
740 2870 819 2933 aliis
831 2881 949 2933 autem
961 2879 1150 2948 antequam
1165 2888 1210 2932 ex
1221 2871 1295 2932 suis
1305 2867 1503 2948 provinciis
1514 2884 1617 2930 rece*

385 2977 520 3053 derent,
538 2994 582 3039 ne
602 2976 753 3039 Romam
773 2978 937 3040 venirent
955 2978 1020 3039 fuit
1039 2976 1296 3057 significatum;
1325 2993 1382 3038 res
1407 2974 1501 3038 enim
1523 2974 1612 3036 bene

384 3083 563 3145 intellecta
579 3100 650 3146 non
665 3083 792 3162 suerat,
809 3100 874 3146 nec
894 3101 959 3163 per
979 3084 1211 3163 apostolicum
1230 3082 1406 3145 Nuncium
1426 3080 1439 3113 ⁸
1456 3081 1613 3161 explica-

385 3200 438 3265 ta;
457 3201 491 3252 et
506 3188 747 3253 Romanorum
762 3189 840 3253 Rex
855 3190 1093 3265 existimabat,
1110 3208 1155 3253 ex
1169 3189 1343 3269 praedicti
1354 3187 1480 3251 Nuncii
1492 3187 1614 3263 dictis,

387 3296 482 3376 quod
497 3312 676 3376 expensae
692 3314 713 3359 a
732 3295 822 3359 Sede
844 3295 1051 3376 Apostolica
1071 3299 1128 3359 vel
1146 3294 1393 3360 cardinalibus
1415 3293 1617 3368 faciendae,

384 3421 456 3467 non
471 3422 516 3467 ex
532 3404 600 3467 illis
614 3403 811 3483 provinciis
826 3403 1029 3478 mittendae,
1047 3402 1173 3467 forent.
1241 3487 1244 3493 Ι

897 3652 1108 3659 -ᾑ--ῃ-

426 3862 435 3893 t
466 3860 530 3904 Vide
542 3872 629 3915 supra,
640 3871 698 3915 pag.
710 3860 758 3913 att,
770 3860 852 3905 n.⁶92.

426 3934 437 3964 ¹
465 3932 558 3987 Supra.
570 3943 629 3987 pag.
640 3932 675 3981 25.
686 3943 707 3975 n.
718 3934 753 3985 tl,
764 3938 790 3975 et
801 3943 860 3985 pag.
871 3930 905 3982 ³6,
916 3943 941 3974 n.
950 3932 985 3973 65.

426 4006 438 4041 ὅ
466 4003 533 4048 Vide
543 4015 630 4059 supra,
641 4015 701 4058 pag.
712 4003 747 4057 23,
758 4010 845 4047 annot.
857 4003 877 4054 2,
888 4004 940 4055 ubi,
950 4014 997 4057 per
1006 4013 1131 4049 errorem.
1140 4002 1216 4055 huuc,
1228 4003 1271 4055 qul
1282 4001 1364 4045 Lasso
1373 4002 1405 4045 de
1421 4001 1531 4045 Castiltu
1548 3999 1621 4045 dice-

388 4078 474 4123 batur.
486 4076 568 4119 Lasso
579 4076 610 4119 de
620 4076 647 4119 la
658 4075 734 4129 Vega
745 4076 943 4129 appellavimus.

427 4150 439 4182 Α
467 4148 610 4199 “Quantum
625 4158 688 4189 vero
697 4148 729 4189 ad
740 4147 954 4191 scholasticorum
965 4146 1145 4198 Bohemorum,
1156 4158 1219 4200 quos
1228 4146 1372 4200 praeterito
1385 4156 1452 4190 anno
1462 4144 1618 4194 Romamut

389 4221 437 4263 sub
448 4228 492 4263 tua
503 4220 640 4271 disciplina
651 4219 784 4272 degerent,
796 4218 992 4271 transmisimus,
1002 4219 1212 4262 intertentlouem
1222 4218 1324 4264 attinet:
1337 4217 1488 4270 jamdudum
1495 4216 1621 4271 iussimus

389 4291 510 4344 pecunias
521 4289 695 4335 acon-illatio
713 4298 737 4331 et
753 4290 857 4343 Agente
872 4296 969 4341 nostro,
980 4288 1124 4333 reverendo
1134 4300 1166 4332 uc
1181 4289 1268 4341 nobiti,
1283 4287 1442 4339 fidell,nobis
1457 4288 1551 4330 dilecto
1561 4284 1623 4328 Dora

389 4362 488 4405 Dldaco
502 4361 592 4411 Lasso.
609 4362 634 4404 in
650 4368 866 4405 sustentationem
882 4372 970 4404 eorum
980 4368 1068 4403 mutuo
1077 4367 1201 4415 acceptas
1210 4360 1332 4413 persolvi.
1342 4370 1449 4413 quorum
1465 4358 1624 4405 infuturum

389 4444 488 4487 quoque
500 4432 639 4485 benignam
649 4444 739 4475 curam
750 4441 776 4476 et
792 4432 920 4475 rationem
932 4444 980 4475 non
995 4432 1155 4485 negligemus
1166 4463 1178 4484 „
1190 4430 1369 4475 Ferdinundus
1382 4430 1495 4485 Ignatio,
1509 4429 1559 4473 29.ι
1571 4428 1622 4473 Νο-

390 4504 504 4547 vembrls
521 4504 579 4547 1535.
597 4504 662 4547 Acta
678 4502 848 4554 Sanctorum,
862 4505 879 4547 l.
890 4515 921 4553 c..
932 4515 957 4547 u.
967 4504 1015 4556 tea,
1026 4511 1052 4546 et
1070 4503 1165 4547 Canas
1178 4504 1211 4545 de
1228 4502 1284 4545 San
1300 4502 1420 4555 Ignacio,
1431 4510 1449 4544 t.
1459 4512 1494 4550 vr,
1508 4512 1568 4555 pag.
1579 4500 1628 4543 δ’ὁ

390 4576 474 4621 er639.

431 4646 443 4679 ³
472 4647 534 4701 Peg.
545 4648 612 4690 ¹29.n.
623 4648 660 4689 51.

433 4718 445 4750 ὓ
475 4720 645 4764 Zacchariam
659 4718 793 4763 Delsmum.
807 4718 868 4763 l'ide
880 4731 965 4774 supra,
975 4729 991 4764 t.
1003 4731 1038 4772 tv,
1050 4732 1109 4775 pag.
1121 4722 1153 4773 16,
1164 4728 1251 4764 annot.
1261 4720 1282 4762 2.
