3717 5400
582 1152 646 1234 DE
673 1151 921 1237 PROVINCIA
947 1150 1308 1237 PORTUGALLIAE

862 1410 908 1457 AC
928 1410 1035 1459 caluo

458 1608 523 1673 DE
543 1606 776 1675 COLLEGIO
798 1604 871 1673 S.TI
898 1606 1092 1673 ANTONII
1113 1604 1435 1673 ULYSSIPONAE

393 1930 481 1997 1529.
525 1929 562 1994 Ρ.
581 1929 740 2009 ignatius
764 1928 809 1995 de
822 1928 992 1993 Azevedo
1007 1925 1111 2006 hujus
1130 1926 1280 2006 Collegii
1298 1926 1429 1991 Rector
1447 1927 1556 1991 etiam

333 2038 400 2101 hoc
416 2054 510 2101 anno
526 2036 603 2116 fuit,
619 2048 654 2101 et
670 2036 783 2103 nostri
796 2052 920 2103 omues
933 2035 1008 2099 fere
1030 2034 1160 2114 viginti
1179 2045 1253 2097 tres
1273 2034 1404 2099 ibidem
1425 2033 1558 2100 babita-

332 2154 431 2222 runt,
454 2153 596 2225 praeter
615 2144 789 2225 hospites,
810 2144 871 2224 qui
890 2161 937 2209 ex
956 2142 1036 2207 aliis
1054 2140 1246 2205 Societatis
1266 2142 1356 2205 locis
1375 2141 1560 2206 venientes

332 2250 462 2315 ibidem
478 2250 668 2333 aliquando
684 2251 895 2329 manebant,
913 2259 948 2313 et
962 2250 1049 2313 satis
1065 2265 1189 2313 omnes
1208 2250 1245 2312 in
1260 2249 1333 2312 suis
1352 2246 1561 2312 ministeriis

332 2366 434 2421 erant
449 2359 626 2439 occupati.

394 2464 483 2527 1530.
526 2462 655 2528 Tribus
680 2464 859 2527 mensibus
884 2463 988 2544 hujus
1013 2464 1152 2544 hyemis
1177 2464 1369 2544 praeterito
1395 2478 1489 2527 anno
1509 2462 1559 2525 in·

331 2570 481 2634 choatae
495 2580 595 2635 tanta
610 2571 676 2634 fuit
690 2571 746 2635 vis
760 2571 962 2653 pluviarum
977 2572 1013 2634 in
1028 2570 1248 2651 Portugaliia
1264 2570 1440 2650 (quamvis
1451 2569 1559 2632 etiam

330 2678 410 2742 aliis
424 2678 461 2743 in
474 2678 562 2744 locis
579 2694 709 2759 magna
724 2676 841 2754 fuerit)
856 2686 896 2742 ut
910 2678 1006 2742 vitae
1024 2695 1110 2742 suae
1132 2678 1293 2741 homines
1308 2677 1501 2756 timuerint,
1524 2686 1561 2740 et

330 2787 380 2848 ita
395 2785 658 2849 confessionum
674 2786 800 2850 messis
813 2785 882 2849 hac
901 2784 1092 2849 occasione
1110 2803 1182 2848 non
1196 2801 1324 2865 parum
1342 2785 1468 2847 crevit.
1491 2783 1560 2847 Ac·

330 2891 503 2958 cedebant
528 2893 634 2960 etiam
658 2891 917 2976 frequentiores
937 2891 985 2956 ad
1003 2891 1255 2957 consessiones.
1278 2891 1390 2954 Auxit
1405 2890 1562 2956 studium

331 2997 533 3063 devotionis
557 2999 593 3062 in
618 3001 751 3080 populo
773 2998 994 3080 indulgentia
1024 3017 1045 3061 a
1074 2997 1255 3063 cardinali
1282 2997 1522 3077 Portugalliae
1550 2997 1561 3032 ⁸

330 3123 501 3172 concessa
512 3107 580 3186 his,
593 3107 653 3190 qui
665 3124 727 3190 pro
743 3105 934 3172 serenitate
949 3115 983 3168 et
998 3105 1168 3186 temporis
1179 3105 1430 3169 commoditate
1445 3103 1561 3169 Deum

329 3224 410 3294 post
425 3214 685 3278 confessionem
700 3221 734 3276 et
749 3211 1031 3276 communionem
1047 3221 1228 3291 rogarent,
1245 3210 1421 3292 quaedam
1432 3211 1560 3274 altaria

329 3321 530 3399 visitand0;
560 3319 623 3384 sed
651 3320 752 3384 multi
780 3330 905 3399 sponte
931 3337 996 3382 sua
1018 3317 1190 3399 jejunium
1220 3317 1408 3381 addebant.
1436 3318 1561 3399 Itaque

330 3427 536 3492 scholastici
561 3445 683 3490 omnes
708 3435 742 3490 et
769 3425 867 3490 multi
892 3426 1000 3490 etiam
1025 3425 1165 3489 externi
1189 3426 1281 3489 hanc
1303 3425 1561 3505 indulgentiam

330 3535 488 3602 obtinere
517 3544 697 3599 curarunt.
729 3532 799 3598 Sed
827 3534 911 3615 quia
940 3533 1145 3597 sacerdotes
1177 3531 1281 3612 hujus
1314 3532 1465 3614 Collegii
1493 3551 1560 3597 nec

330 3642 431 3707 multi
452 3651 564 3718 erant,
581 3651 750 3705 ettamen
767 3642 871 3706 valde
887 3640 1165 3721 occupabantur,
1182 3649 1217 3703 et
1232 3640 1281 3703 ita
1299 3650 1460 3703 nontam
1474 3643 1560 3704 mul·

329 3753 375 3814 tis
389 3749 546 3814 externis
560 3749 768 3812 satisfacere
782 3757 963 3829 poterant,
979 3764 1087 3827 quam
1101 3746 1168 3827 ipsi
1188 3755 1381 3827 optassent.
1402 3746 1471 3827 Qui
1492 3765 1559 3810 au-

330 3867 401 3921 tem
417 3856 463 3920 ad
477 3855 760 3920 communionem
775 3853 1004 3933 accedebant,
1026 3869 1108 3917 cum
1128 3853 1247 3917 multis
1266 3855 1436 3934 lacrymis
1450 3864 1485 3918 et
1502 3857 1560 3918 de·

330 3965 474 4028 votione
500 3980 631 4042 magna
657 3963 692 4026 id
717 3962 964 4043 praestabant,
990 3962 1051 4025 alii
1079 3971 1208 4024 octavo
1233 3978 1374 4042 quoque
1398 3961 1472 4042 die,
1499 3963 1560 4026 alii

331 4072 438 4135 etiam
452 4069 684 4151 frequentius;
701 4079 735 4134 et
749 4069 832 4150 quia
848 4068 975 4131 horum
991 4078 1068 4130 erat
1084 4068 1120 4130 in
1142 4066 1265 4132 diebus
1287 4068 1387 4133 iestis
1408 4085 1561 4149 magnus

333 4195 542 4257 concursus,
559 4177 726 4258 profestis
740 4177 862 4240 diebus
876 4176 979 4239 multi
992 4176 1172 4250 redibant,
1189 4184 1227 4238 ut
1249 4194 1269 4238 a
1291 4177 1425 4240 nostris
1446 4178 1563 4241 audiri

331 4293 487 4366 possent,
501 4303 566 4348 nec
579 4284 706 4348 minori
719 4301 798 4346 cum
811 4281 940 4346 affectu
951 4281 997 4346 ad
1008 4281 1279 4346 sanctissimum
1291 4282 1562 4347 Sacramentum

331 4390 559 4456 accedebant.

371 4597 379 4629 ¹
411 4596 546 4646 Henricue,
557 4595 704 4640 Cardinulis
713 4595 922 4648 taranaJoannls
934 4595 977 4650 ill,
988 4595 1141 4640 Lusitaniae
1152 4595 1231 4649 Regis
1241 4596 1331 4648 irater,
1343 4595 1561 4652 archiepiscopus

330 4669 480 4724 Eborensls,
493 4669 523 4711 de
539 4679 589 4723 quo
604 4679 682 4722 saepe
697 4669 794 4712 dictum
808 4675 848 4712 est
862 4679 950 4722 supra,
960 4668 1054 4722 quique
1071 4665 1164 4709 Nuncii
1180 4667 1323 4722 Apostolici
1338 4668 1497 4713 auctoritate
1511 4668 1561 4713 boc

330 4749 446 4796 ternpore
457 4741 483 4785 ln
493 4739 630 4784 Lusitania
640 4739 785 4783 fruebatur.
