3717 5400
802 488 867 560 nn.
889 488 961 560 1555
1022 522 1025 529 -
1442 486 1499 565 729

263 631 405 713 quidem
420 633 508 697 satis
522 634 559 697 in
581 633 650 697 fide
671 644 895 715 constantes3
915 643 950 698 et
973 633 1010 697 in
1030 633 1157 714 quovis
1180 632 1259 695 loco
1282 632 1498 697 constitutus

263 747 342 820 erat
363 741 490 822 aliquis
509 759 555 805 ex
576 743 795 821 christianis,
816 758 921 822 quem
943 740 1003 804 alii
1024 749 1170 820 propter
1192 739 1360 802 virtutem
1382 740 1498 820 magis

263 856 524 921 revererentur.
540 850 600 930 qui
615 868 696 914 cum
710 850 873 929 Bungum
888 847 1031 928 saepius
1045 847 1091 910 ad
1110 855 1252 909 nostros
1272 846 1431 930 veniret,
1447 846 1496 923 in2

265 956 435 1019 structior
454 956 501 1019 ad
516 956 604 1020 alios
618 958 797 1021 docendos
811 956 961 1021 redibat.
1491 1000 1497 1013 .

324 1059 414 1125 2054.
459 1061 667 1129 Contulerat
677 1082 717 1129 se
731 1063 769 1127 P.
786 1064 974 1129 Balthasar
993 1062 1117 1143 Gagus
1138 1061 1203 1125 sub
1223 1062 1371 1123 aestatis
1391 1058 1497 1125 finem

264 1168 478 1249 Firandum‚
505 1180 542 1235 ut
567 1173 817 1252 lusitanorum,
845 1172 905 1252 qui
928 1190 971 1235 eo
996 1171 1223 1251 appulerant,
1254 1166 1497 1231 consessiones

266 1276 414 1355 audiret,
432 1287 466 1339 et
481 1294 602 1341 secum
617 1278 762 1355 deduxit
779 1279 953 1362 Joannem
967 1276 1173 1341 Fernandez
1190 1286 1224 1339 et
1246 1283 1320 1337 tres
1338 1275 1395 1336 vel
1411 1290 1497 1354 qua·

266 1392 346 1446 tuor
370 1384 470 1447 alios.
497 1381 567 1447 Sed
592 1394 783 1466 antequam
808 1386 1001 1463 recederet,
1022 1382 1138 1461 Bungi
1158 1381 1245 1459 Rex,
1272 1382 1415 1445 domum
1434 1396 1497 1442 no·

266 1472 379 1553 stram
395 1491 554 1565 veniens,
568 1490 672 1571 jussit
686 1490 726 1554 P.
742 1492 989 1556 Balthasarem
1010 1490 1053 1554 de
1068 1490 1193 1553 itinere
1215 1488 1405 1551 sollicitum
1426 1504 1499 1551 non

266 1613 362 1660 esse:
386 1597 576 1660 missurum
595 1616 633 1662 se
654 1599 842 1680 quemdam
864 1618 908 1663 ex
929 1599 1022 1677 suis,
1043 1598 1104 1679 qui
1125 1606 1265 1660 euntem
1291 1608 1325 1659 et
1350 1595 1496 1658 redeun-

266 1716 338 1767 tem
353 1703 544 1767 deduceret
558 1714 593 1769 et
616 1704 704 1769 nihil
722 1706 755 1770 ei
774 1706 897 1770 deesse
918 1705 1147 1787 permitteret.
1169 1704 1213 1767 Et
1230 1701 1388 1782 jumenta
1408 1702 1498 1782 ipse-

267 1819 339 1874 met
353 1810 399 1873 ad
418 1810 484 1874 iter
505 1810 611 1891 dedit,
634 1820 668 1875 et
687 1830 832 1878 suorum
852 1814 1011 1877 locorum
1030 1810 1326 1892 gubernatoribus
1346 1806 1497 1888 injunxit

266 1926 305 1981 ut
321 1917 365 1981 de
379 1919 486 1981 rebus
501 1919 665 1994 omnibus
679 1921 889 2000 opportunis
902 1920 936 1985 ei
949 1920 1207 2001 prospicerent.
1223 1918 1267 1981 Et
1281 1935 1351 1981 non
1371 1932 1497 1997 parum

267 2024 445 2087 commodi
458 2026 547 2089 haec
561 2024 672 2105 Regis
686 2043 773 2091 cura
788 2027 825 2091 in
838 2028 964 2093 itinere
980 2027 1106 2105 attulit,
1123 2043 1204 2090 cum
1223 2026 1283 2087 via
1301 2023 1499 2087 latronibus

268 2130 373 2211 plena
387 2142 492 2195 esset.

329 2236 421 2301 2055.
464 2238 586 2320 Aliqui
600 2248 718 2303 autem
732 2258 778 2305 ex
792 2241 998 2304 christianis
1018 2227 1159 2303 domum
1179 2248 1351 2315 nostram,
1372 2238 1498 2317 inqua

269 2345 457 2409 Eduardus
472 2346 516 2409 de
530 2345 628 2409 Silva
642 2360 833 2426 manserat,
850 2358 959 2412 noctu
970 2346 1225 2425 custodiebant,
1238 2345 1273 2407 in
1286 2344 1409 2407 eadem
1421 2361 1497 2425 per·

268 2462 466 2527 noctantes;
483 2464 519 2515 et
534 2453 612 2517 aliis
630 2453 901 2518 advenientibus
920 2454 964 2517 de
983 2454 1114 2518 divinis
1133 2453 1238 2517 rebus
1251 2451 1497 2531 loquebantur,

267 2567 302 2622 et
317 2560 457 2640 librum,
474 2577 597 2623 eorum
612 2560 734 2640 lingua
748 2562 932 2642 scriptum,
949 2561 992 2625 de
1008 2579 1076 2642 quo
1092 2561 1255 2639 superius
1267 2558 1404 2638 egimus
1417 2556 1439 2635 ’,
1451 2558 1498 2619 le-

267 2666 411 2746 gebant.

327 2773 419 2838 2056.
462 2773 548 2839 Post
572 2777 712 2856 pulsum
740 2786 858 2840 autem
887 2776 933 2839 ad
960 2777 1208 2841 salutationem
1237 2773 1436 2854 angelicam
1460 2773 1498 2856 iu

269 2884 477 2962 crepusculo
505 2883 708 2962 vespertino
736 2885 886 2947 orabant
914 2885 1019 2948 simul
1047 2901 1128 2947 cum
1161 2891 1283 2944 nostro
1317 2879 1500 2957 Eduardo,

269 2990 472 3068 complures
488 2989 668 3054 orationes
682 2991 885 3072 recitanteS,
907 3009 950 3055 ac
972 2990 1180 3054 nominatim
1201 3005 1266 3070 pro
1284 2987 1417 3070 nostris
1438 3003 1497 3049 na·

269 3095 476 3176 vigantibus
491 3095 527 3158 in
540 3095 715 3178 Japonem
729 3098 891 3177 orabant,
908 3106 943 3162 et
958 3107 1083 3160 contra
1104 3095 1266 3160 inimicos
1288 3093 1442 3157 visibiles
1464 3101 1498 3154 et

269 3201 467 3267 invisibiles
480 3203 623 3266 litanias
637 3203 813 3267 dicebant.

329 3308 420 3372 2057.
464 3309 574 3373 Venit
587 3309 655 3372 hoc
671 3320 829 3390 tempore
845 3311 972 3374 mulier
991 3310 1165 3393 quaedam
1185 3325 1265 3372 cum
1286 3325 1350 3371 suo
1370 3307 1499 3370 marito

271 3434 317 3479 ex
331 3418 410 3479 loco
424 3418 578 3496 quodam
592 3417 727 3494 vicino,
743 3418 885 3482 nomine
899 3417 973 3498 Ida,
991 3419 1050 3482 ubi
1068 3417 1177 3498 aliqui
1198 3414 1382 3494 christiani
1401 3414 1498 3477 habi·

276 3523 411 3601 tabant,
428 3534 463 3586 et
473 3523 647 3603 baptizari
657 3541 679 3586 a
690 3523 728 3587 P.
743 3523 953 3588 Baltbasare
964 3524 1163 3605 cupiebant,
1177 3540 1246 3602 quo
1257 3513 1329 3584 nori
1341 3521 1499 3602 invento,

271 3628 422 3693 reditum
444 3629 635 3710 parabant;
656 3629 719 3694 sed
739 3631 881 3711 quidam
901 3649 946 3694 ex
965 3631 1070 3694 novis
1088 3629 1302 3702 christianis
1325 3627 1384 3709 qui
1403 3626 1500 3698 domi

270 3745 414 3799 nostrae
428 3735 676 3814 versabantur,
692 3737 855 3802 hortatus
869 3746 922 3802 est
938 3738 1028 3801 alios
1043 3737 1090 3801 ad
1100 3736 1272 3799 orandum
1285 3750 1349 3813 pro
1361 3734 1500 3798 duobus

269 3841 339 3905 illis
352 3840 379 3904 ἐ
396 3842 501 3905 simul
515 3842 728 3906 dominicam
745 3844 943 3908 orationem
957 3845 1029 3908 alta
1049 3861 1138 3906 voce
1158 3840 1334 3904 dixerunt.
1355 3839 1501 3920 Interim

269 3950 396 4013 mulier
410 3949 471 4012 illa
487 3959 639 4012 tremere
654 3950 705 4013 sic
722 3951 849 4031 coepit,
866 3961 904 4014 ut
924 3960 997 4014 tres
1017 3951 1180 4014 homines
1199 3949 1261 4012 vix
1280 3965 1358 4012 eam
1378 3956 1500 4022 tenere

270 4067 433 4138 possent,
456 4066 492 4120 et
511 4055 635 4120 dentes
655 4074 741 4137 prae
764 4057 917 4122 stridore
936 4057 1098 4137 abrumpi
1117 4056 1339 4134 videbantur;
1360 4053 1423 4140 sed
1442 4055 1500 4118 de·-

268 4180 365 4226 mum
387 4163 612 4228 obdormivit.
632 4164 693 4228 Ille
714 4175 844 4242 autem,
865 4167 926 4247 qui
948 4165 994 4229 ad
1012 4163 1186 4248 orandum
1203 4180 1266 4244 pro
1282 4180 1324 4226 ea
1339 4171 1500 4226 caeteros

269 4280 444 4348 moverat,
461 4287 554 4350 aqua
569 4271 755 4336 benedicta
774 4288 837 4336 eos
856 4273 1020 4352 aspersit,
1041 4271 1187 4351 reliquis
1205 4270 1347 4334 interim
1369 4268 1501 4340 oranti·¹

268 4376 346 4441 bus.
364 4377 454 4441 Cum
468 4378 647 4458 vigilavit,
664 4378 754 4444 dixit
768 4361 807 4441 s'e
823 4379 916 4442 nolle
931 4379 1013 4442 inde
1027 4377 1206 4456 recedere;
1222 4387 1257 4440 et
1272 4393 1352 4440 cum
1367 4375 1399 4438 ei
1410 4375 1499 4438 dice·

268 4493 367 4549 retur
381 4495 420 4548 ut
435 4485 635 4549 nominaret
649 4484 774 4582 Jesum
793 4494 829 4549 et
847 4483 1011 4564 Mariam,
1032 4483 1284 4566 pronunciavit
1298 4483 1439 4564 quidem
1457 4498 1500 4569 ea

311 4651 321 4685 θ
350 4651 415 4707 Pag.
424 4653 472 4705 725,
480 4664 505 4697 n.
515 4653 579 4708 tuas,
589 4658 614 4698 et
625 4663 683 4708 pag.
693 4652 743 4707 mo,
752 4665 777 4698 n.
786 4651 851 4698 2038.

247 4727 259 4752 ⁰
308 4722 477 4769 'limatus
1406 4781 1409 4790 Ι
1453 4753 1460 4782 ,
