3717 5400
363 441 418 502 102
820 443 946 503 Cnaon.
969 442 1046 502 Soc.
1067 443 1136 515 jes.

360 589 598 668 collegialium
613 598 648 662 et
670 589 821 652 aliorum
843 587 1126 652 aedificationem
1146 589 1268 650 clausa
1289 596 1353 650 est.
1377 587 1597 667 suggestum

359 694 468 758 etiam
482 704 517 758 et
531 695 602 758 alia
617 696 793 775 quaedam
808 695 960 759 confecit
974 695 1139 775 expensis
1155 694 1198 757 D.
1215 691 1348 756 Prioris
1367 696 1386 756 ¹.
1403 693 1475 757 Sub
1486 694 1597 762 finem

359 811 479 864 autem
494 801 670 881 Octobris,
687 802 783 882 quod
802 802 977 882 inprimis
992 801 1237 880 conveniebat,
1253 809 1420 864 externus
1435 801 1594 882 quidam,

359 909 415 972 cui
430 908 555 972 hortus
566 909 715 988 Collegii
729 911 868 972 locatus
882 917 971 982 erat,
988 909 1082 971 bona
1094 925 1175 970 curn
1190 907 1295 972 venia
1310 907 1468 987 ejusdcm
1482 911 1590 976 domi·

358 1015 394 1078 ni
408 1015 543 1079 Prioris
561 1017 727 1080 dimissus
746 1026 811 1093 est,
834 1026 869 1079 et
887 1015 980 1078 horti
998 1024 1114 1095 porta,
1133 1031 1224 1094 quae
1240 1015 1286 1078 ad
1300 1014 1397 1077 viam
1411 1015 1594 1094 publicam

310 1112 313 1122 '
357 1121 505 1202 ferebat,
521 1123 586 1187 fuit
602 1124 758 1200 occlusa;
777 1134 811 1185 et
834 1123 883 1186 ita
901 1123 939 1184 in
953 1121 1105 1184 sormam
1128 1121 1254 1184 domus
1275 1121 1464 1200 religiosae
1479 1121 1588 1188 Colle-

357 1229 456 1308 gium
471 1230 555 1293 illud
570 1230 686 1309 magis
701 1230 885 1292 redactum
900 1237 964 1291 est.

416 1335 487 1398 466.
531 1337 612 1416 Ipso
629 1336 685 1400 die
701 1336 842 1399 veneris
861 1335 987 1412 sancti,
1009 1344 1137 1398 ventus
1156 1334 1283 1416 ingens
1303 1351 1470 1414 magnam
1484 1338 1594 1402 lanae

355 1443 604 1524 quantitatem,
621 1461 712 1523 quae
728 1443 764 1505 in
779 1443 873 1505 edito
888 1440 1042 1522 quodam
1057 1442 1135 1504 loco
1156 1441 1272 1521 posita
1287 1450 1364 1504 erat
1378 1453 1416 1505 ut
1434 1444 1589 1508 assicca-

355 1559 464 1628 retur,
481 1559 515 1613 et
530 1567 667 1630 pannos
681 1550 788 1613 etiam
804 1549 927 1628 procul
943 1550 1036 1610 ultra
1051 1547 1144 1609 mille
1160 1563 1289 1626 passus
1304 1548 1438 1627 detulit,
1456 1559 1490 1613 et
1505 1550 1591 1618 lana

354 1657 433 1737 ipsa
448 1656 484 1719 in
501 1658 642 1720 modum
654 1657 796 1735 pluviae
811 1657 847 1717 in
863 1655 1119 1718 minutissimas
1135 1662 1256 1733 partes
1270 1653 1383 1716 incisa
1398 1655 1592 1722 descende=

354 1763 426 1842 bat;
444 1774 538 1826 tecta
553 1764 661 1826 etiam
677 1764 860 1825 domorum
876 1761 1004 1824 evertit
1019 1765 1031 1797 ⁸
1049 1771 1084 1822 et
1099 1761 1245 1822 arbores
1260 1776 1281 1820 a
1303 1759 1481 1825 radicibus
1501 1781 1586 1827 con-

353 1871 473 1934 vulsit.

413 1976 484 2039 467.
527 1978 619 2060 Julio
636 1995 755 2040 mense
767 1976 805 2041 P.
822 1977 959 2041 Natalis
971 1977 1158 2040 Patavium
1175 1978 1282 2057 venit,
1303 1988 1338 2041 et
1354 1977 1483 2041 ibidem
1500 1988 1584 2042 octo

351 2086 408 2148 vel
436 2085 559 2148 decem
586 2084 662 2148 dies
687 2093 740 2147 est
764 2095 1015 2162 commoratuS,
1042 2094 1076 2147 et
1102 2102 1177 2162 suo,
1205 2084 1412 2148 Visitatoris
1434 2086 1586 2164 scilicet,

351 2193 409 2254 vel
425 2191 666 2254 Commissarii
681 2191 795 2254 officio
807 2190 817 2220 ³
829 2190 982 2268 functuS,
993 2191 1122 2254 multas
1133 2191 1400 2254 exhortationes
1415 2191 1483 2255 hoc
1497 2203 1592 2256 tem-·

351 2315 438 2377 pore
460 2298 555 2378 apud
577 2298 674 2378 ipsos
695 2299 830 2374 habuit;
853 2308 888 2360 ct
909 2315 963 2376 ea,
988 2315 1080 2378 quae
1102 2298 1148 2360 ad
1170 2298 1370 2361 institutum
1396 2297 1592 2362 Societatis.

351 2403 538 2483 pertinent,
555 2405 763 2468 declaravit.
780 2405 854 2468 Nec
869 2406 964 2468 enirn
983 2404 1112 2468 adhoc
1128 2421 1239 2485 usque
1262 2414 1401 2485 tempus
1416 2406 1583 2470 constitu·

352 2511 466 2573 tiones
482 2522 706 2592 acceperant.
724 2512 865 2575 Etcum
881 2513 952 2574 alia
966 2512 1077 2574 multa
1092 2512 1225 2574 utiliter
1239 2511 1491 2590 constituisset,
1515 2513 1591 2575 alio.

351 2619 539 2681 concessit.

410 2725 480 2789 468.
524 2726 614 2789 Tam
626 2725 778 2805 Patavii,
791 2726 1068 2807 quamVenetiis
1080 2726 1586 2806 declarabateapotissimum,

351 2848 441 2913 quae
466 2833 502 2895 in
521 2834 685 2896 examine
706 2843 740 2896 et
760 2834 1072 2896 constitutionibus
1093 2833 1138 2896 ad
1162 2834 1300 2912 praxim
1328 2833 1513 2912 pertinent,
1538 2852 1581 2896 ac

349 2940 557 3003 nominatim
579 2958 670 3019 quae
690 2940 736 3002 ad
755 2940 991 3003 obedientiam
1012 2950 1046 3002 et
1070 2941 1266 3003 orationem
1289 2949 1461 3020 spectant.
1482 2940 1583 3003 Tem«

348 3055 541 3127 pusautem
549 3048 720 3109 orationis
729 3048 780 3109 sic
789 3047 834 3110 ad
843 3064 949 3109 unam
958 3047 1086 3109 horam
1097 3047 1248 3123 reduxit,
1264 3056 1301 3109 ut
1312 3064 1416 3109 mane
1428 3047 1581 3111 mediam

348 3154 485 3234 boram;
500 3164 582 3218 ante
593 3154 781 3233 prandium
794 3163 958 3234 quartam
972 3155 1083 3216 borae
1097 3161 1252 3234 partem;
1270 3162 1304 3216 et
1319 3163 1509 3233 antequam
1523 3172 1579 3217 cu-

349 3261 460 3324 bitum
478 3262 582 3341 irent,
604 3263 710 3324 aliam
730 3272 895 3342 quartam
913 3271 1052 3341 partem
1071 3271 1150 3341 post
1170 3278 1320 3324 examen
1346 3262 1497 3325 orationi
1519 3263 1580 3325 tri·

347 3368 505 3431 buerent.
521 3368 621 3431 Haec
637 3370 731 3430 enim
745 3379 822 3430 erat
836 3367 952 3431 Patris
971 3366 1100 3447 ignatii
1121 3385 1221 3430 mens
1240 3378 1277 3429 ut
1299 3386 1320 3429 a
1342 3369 1583 3446 scholasticis

346 3485 490 3555 praeter
504 3475 670 3538 examina
685 3475 767 3551 du0,
785 3485 922 3537 tantum
938 3474 1053 3538 media
1075 3476 1164 3537 hora
1184 3491 1288 3537 mane
1308 3475 1461 3537 orationi
1479 3475 1576 3538 dare

345 3592 414 3662 tur,
431 3592 574 3663 praeter
585 3582 620 3644 id
634 3591 784 3661 tempus,
801 3581 895 3661 quod
907 3582 1104 3644 audiendae
1116 3581 1245 3644 missae
1261 3581 1491 3644 tribuebatur.
1508 3581 1579 3644 Do-

345 3692 449 3755 cebat
463 3691 570 3753 etiam
586 3707 691 3769 quem
703 3689 857 3752 fructum
868 3707 913 3752 ex
924 3688 1123 3768 frequentia
1138 3697 1444 3752 sacramentorum
1456 3706 1577 3769 repor-

344 3808 421 3861 tare
437 3796 615 3860 deberent.
632 3797 676 3859 Et
695 3805 884 3876 postquam
904 3797 1064 3875 singulos
1083 3806 1178 3859 esset
1199 3811 1359 3858 seorsum
1375 3797 1579 3876 alloquutus

344 3914 378 3968 et
397 3904 628 3967 intellexisset
649 3919 893 3982 quaecumque
911 3902 980 3981 ipsi
1006 3901 1167 3965 conferre
1193 3919 1273 3965 cum
1298 3901 1376 3982 ipso
1398 3902 1578 3981 volebant,

342 4014 401 4074 vel
425 4030 444 4073 e
466 4011 648 4074 contrario
670 4027 760 4089 quae
780 4009 855 4089 ipse
875 4009 920 4071 ab
943 4010 994 4071 eis
1014 4010 1218 4089 percontari
1242 4018 1431 4089 statuerat,
1458 4009 1574 4074 studia

342 4118 542 4195 ordinabat;
559 4116 827 4179 renovationem
843 4125 1008 4178 votorum
1023 4124 1057 4178 et
1072 4116 1277 4179 eorumdem
1292 4116 1525 4195 emissionem,
1542 4116 1574 4181 si

342 4225 422 4305 quis
438 4225 536 4304 prius
552 4232 685 4286 statuto
701 4233 861 4303 tempore
876 4242 896 4284 a
913 4222 1221 4285 constitutionibus
1237 4240 1308 4285 non
1322 4223 1508 4299 emisisset,
1522 4239 1578 4286 se-

343 4331 497 4393 cundum
513 4330 593 4393 illas
614 4330 890 4409 praescribebat.

385 4534 393 4566 ¹
423 4533 545 4576 andurae
556 4532 700 4586 Lipomanl,
711 4533 808 4576 Prioris
820 4532 1004 4577 Sanctissimae
1015 4532 1160 4577 Trinitatis.

385 4609 396 4637 ἓ
425 4605 528 4647 ventus

382 4680 393 4706 ⁷·
421 4676 488 4718 Vide
500 4686 587 4729 supra,
601 4686 660 4729 pag.
671 4676 706 4725 o'il,
718 4687 741 4717 n.
752 4676 779 4717 5}
