3717 5400
370 445 424 506 178
825 448 952 506 Canos.
974 447 1051 506 Soc.
1071 449 1142 518 jas.

368 595 453 663 licto
464 593 567 658 fratri
577 593 744 670 castello,
756 593 926 658 Societati
938 611 977 656 se
986 593 1126 658 dedere.
1139 593 1311 674 Quamvis
1323 604 1441 659 autem
1450 595 1493 659 de
1505 595 1606 660 bono

367 701 478 781 Regis
493 702 612 766 animo
627 711 819 779 constaret,
841 701 901 782 qui
924 701 1055 764 bonam
1073 717 1173 781 spem
1187 701 1321 765 fecerat
1342 700 1447 781 hujus
1462 705 1604 782 negotii

368 809 470 872 brevi
484 827 527 873 ac
541 809 631 872 bene
650 808 871 888 expediendi,
887 819 1008 872 tamen
1027 808 1094 872 hoc
1114 825 1207 872 anno
1228 825 1299 872 non
1319 811 1434 890 potuit
1448 811 1493 872 ab
1514 828 1600 874 arce

369 934 434 980 sua
446 917 627 980 recedere.

427 1023 500 1086 511.
543 1022 717 1087 Dominus
741 1035 860 1087 autem
882 1023 1099 1088 Franciscus
1123 1025 1167 1087 de
1188 1025 1396 1104 villanova,
1419 1026 1479 1106 qui
1504 1043 1594 1089 unus

369 1142 447 1194 erat
461 1150 506 1194 ex
518 1131 956 1211 praecipuisConsiliariis,
970 1148 1061 1210 quos
1073 1131 1251 1210 Regentes
1263 1141 1395 1196 vocant
1408 1131 1429 1211 ¹,
1445 1131 1483 1195 P.
1493 1133 1598 1212 Igna·
1641 1139 1647 1148 “

371 1239 420 1301 tio
436 1239 579 1318 scripsit
592 1239 725 1302 similes
737 1239 874 1318 aliquos
886 1238 986 1301 Patri
999 1237 1198 1302 Salmeroni
1208 1256 1251 1301 ac
1262 1237 1359 1302 Patri
1369 1239 1536 1304 Andreae
1550 1240 1604 1304 de-

369 1345 507 1410 Oviedo
520 1346 743 1408 necessarios
757 1362 835 1408 esse
849 1344 1010 1424 Neapoli,
1027 1355 1101 1408 tum
1118 1356 1156 1408 ut
1171 1347 1305 1410 fructus
1320 1364 1366 1410 ex
1380 1363 1502 1410 eorum
1515 1348 1592 1410 vita

366 1463 402 1516 et
416 1451 578 1516 doctrina
592 1452 808 1532 proveniens
828 1463 1032 1530 augeretur,
1054 1465 1129 1516 turn
1148 1454 1272 1526 etiam,
1296 1463 1334 1515 ut
1349 1453 1410 1533 qui
1425 1451 1499 1533 jam
1515 1471 1603 1533 pro·-

367 1570 516 1623 venerat
529 1569 815 1638 conservaretur,
831 1569 867 1621 et
880 1576 954 1638 eos,
970 1560 1032 1639 qui
1046 1558 1081 1622 id
1100 1561 1270 1640 temporis
1284 1561 1487 1624 residebant
1501 1559 1600 1625 Nea*

367 1667 450 1747 poli,
465 1666 664 1730 absentium
678 1667 794 1730 locum
808 1683 880 1729 non
894 1667 1060 1746 supplere
1071 1675 1193 1746 aperte
1204 1667 1340 1731 monuit
1354 1666 1377 1730 ¹¹.
1394 1666 1523 1732 Missus
1537 1678 1591 1732 est

367 1782 486 1838 autem
500 1791 522 1835 a
536 1771 642 1837 Patre
655 1773 794 1853 Ignatio
807 1772 844 1836 P.
858 1772 1051 1838 Soldevilla
1063 1771 1084 1853 ⁸,
1102 1774 1162 1854 qui
1175 1783 1364 1855 utcumque
1375 1776 1411 1838 in
1422 1775 1488 1854 his,
1501 1793 1592 1856 quae

365 1883 413 1947 ad
437 1883 676 1947 conscientiae
700 1897 805 1943 casus
822 1881 1011 1960 pertinent,
1034 1880 1152 1945 Patris
1175 1881 1343 1946 Andreae
1363 1879 1375 1912 ⁴
1395 1884 1512 1945 locum
1530 1883 1592 1946 im·

365 1991 462 2070 plere
475 1989 620 2066 studuit,
636 2007 702 2051 nec
716 1988 878 2066 ingratus
893 1987 958 2050 suit
973 1987 1226 2068 Neapolitanis.

423 2095 496 2160 512.
539 2095 629 2160 Cum
643 2104 761 2159 antem
775 2104 893 2158 esseut
907 2096 1021 2157 nostri
1038 2111 1187 2159 numero
1202 2096 1365 2160 undecim
1381 2093 1403 2175 ⁵,
1420 2105 1455 2160 et
1474 2097 1591 2161 admo·

366 2213 465 2267 neret
485 2220 602 2266 novus
625 2185 771 2281 Rector,
792 2202 888 2281 quod
907 2202 968 2264 alii
988 2213 1123 2280 septem
1143 2214 1282 2282 praeter
1302 2203 1368 2266 hos
1387 2203 1478 2266 mitti
1496 2215 1594 2284 pote-

366 2320 458 2389 rant,
474 2309 558 2374 lecit
573 2308 659 2374 illud
672 2308 712 2371 Ρ.
726 2308 895 2388 ignatius,
912 2308 1005 2388 quod
1020 2309 1065 2372 ad
1080 2327 1264 2373 numerum
1280 2312 1420 2388 attinet,
1442 2310 1525 2390 quia
1540 2319 1592 2373 ta·

366 2435 447 2481 men
466 2434 511 2479 ex
532 2417 642 2480 variis
661 2427 764 2479 erant
784 2415 998 2494 nationibus
1019 2424 1053 2478 et
1072 2417 1108 2480 in
1128 2417 1254 2480 litteris
1271 2435 1398 2496 parum
1417 2418 1594 2497 provecti,

364 2525 482 2604 potius
496 2525 727 2586 sublevarunt
741 2521 940 2586 Romanam
955 2523 1098 2586 domum
1117 2541 1223 2602 quam
1241 2523 1436 2602 Collegium
1456 2523 1592 2604 Neapo-

364 2632 511 2694 litanum
529 2631 709 2712 juverunt;
735 2647 816 2693 cum
836 2631 1046 2710 praesertim
1065 2631 1100 2692 iu
1120 2631 1378 2710 aegritudinem
1400 2642 1472 2694 tarn
1491 2633 1592 2694 multi

364 2738 552 2807 inciderint
561 2757 603 2802 eo
613 2739 648 2801 in
660 2738 829 2818 Collegi0,
842 2749 879 2801 ut
891 2739 954 2801 vix
965 2738 1109 2801 scholae
1118 2750 1262 2817 apertae
1275 2740 1387 2802 teneri
1398 2740 1598 2819 potuerint„

362 2858 397 2912 et
411 2848 509 2909 velut
529 2846 703 2927 hospitale
718 2845 895 2926 quoddam
912 2845 1108 2930 Collegium
1124 2846 1209 2909 illud
1223 2846 1386 2909 effectum
1400 2856 1464 2909 est.
1487 2848 1531 2911 Et
1552 2856 1590 2911 ut

362 2953 476 3033 maior
490 2964 585 3016 esset
604 2954 745 3016 occasio
764 2952 845 3016 fidei
866 2972 909 3015 ac
931 2954 1007 3031 spei
1022 2954 1058 3015 in
1079 2952 1231 3015 Domino
1252 2953 1487 3029 exercendae,
1508 2970 1588 3033 pre·

361 3061 522 3125 mebatur
536 3076 668 3138 magna
683 3061 831 3139 penuria
846 3077 964 3122 rerum
987 3059 1269 3123 necessariarum
1291 3068 1325 3121 et
1347 3076 1508 3122 annonae
1533 3076 1590 3123 ca·

360 3169 466 3235 ritate
493 3168 602 3230 nimia
630 3178 665 3229 et
697 3165 901 3229 difficultate
933 3169 1177 3246 eleemosynas
1205 3166 1371 3246 exigendi
1404 3168 1510 3230 etiam
1543 3166 1592 3231 ad

363 3278 509 3349 victum,
525 3275 656 3338 nedum
676 3274 722 3337 ad
742 3274 952 3337 solutionem
972 3274 1076 3336 trium
1097 3272 1243 3337 millium
1264 3286 1298 3336 et
1317 3273 1590 3353 quadringento-

364 3400 441 3445 rum
467 3382 689 3457 ducatorum,
719 3397 809 3459 quae
834 3382 902 3443 hoc
929 3398 1022 3443 anno
1047 3397 1167 3443 mense
1192 3380 1355 3459 Augusto
1378 3381 1470 3444 solvi
1491 3397 1590 3460 opor·

363 3486 472 3552 tebat.

372 3642 376 3659 .
421 3594 492 3659 513.
535 3594 705 3675 Migravit
719 3605 856 3673 autem,
874 3613 919 3658 ex
934 3596 1212 3673 aegrotantibus
1229 3614 1273 3658 ex
1289 3595 1357 3658 hac
1371 3595 1447 3657 vita
1467 3612 1597 3659 mense-

362 3701 549 3765 Decembri
562 3702 712 3777 Michael
724 3702 861 3781 Vignes
872 3701 884 3730 ‘⁵
895 3718 1025 3781 magna
1038 3719 1118 3764 cum
1131 3701 1374 3765 aedificatione
1386 3702 1596 3779 astantium,

362 3786 526 3888 quamvis
539 3827 611 3871 non
625 3810 702 3872 sine
716 3810 820 3887 gravi
835 3809 968 3872 doloris
982 3826 1090 3873 sensu
1109 3809 1145 3873 in
1161 3810 1234 3872 suis
1251 3809 1467 3889 parentibus.

421 3917 492 3979 514.
537 3914 709 3995 Quamvis
725 3924 843 3978 autem
862 3924 1065 3979 nostrorum
1084 3915 1292 3996 patientiam
1312 3916 1501 3979 exercebat
1518 3914 1596 3978 Do·-

362 4005 479 4090 minus
493 4024 605 4087 variis
620 4022 745 4100 modiS,
762 4022 862 4086 multi
876 4031 996 4085 tamen
1011 4022 1056 4084 ad
1069 4034 1294 4086 sacramenta
1310 4022 1541 4087 confessionis
1556 4030 1590 4086 et

370 4216 566 4226 ι--ι-ηα--κ

402 4334 420 4378 ¹.
440 4333 506 4377 Vide
518 4345 605 4387 supra.
615 4340 634 4377 t.
645 4345 680 4387 tv,
693 4346 753 4388 pap.
766 4334 812 4389 179,
822 4346 847 4378 n.
857 4335 907 4379 377.

402 4405 413 4438 Ι
440 4405 536 4459 Ignatii
547 4416 699 4457 responsum
710 4407 791 4449 habea
800 4406 827 4449 ln
838 4405 934 4450 Carras
943 4408 976 4450 de
988 4408 1043 4450 San
1052 4406 1171 4460 Ignacio,
1181 4415 1199 4451 t.
1211 4420 1236 4462 v,
1246 4418 1304 4461 pag.
1315 4407 1366 4452 309.

303 4508 306 4515 .
403 4476 415 4509 ⁸
444 4476 510 4519 Vide
521 4486 609 4525 supra.
620 4488 680 4531 pag.
691 4476 725 4530 50,
737 4488 761 4519 n.
773 4478 915 4531 100,annot.
929 4480 949 4521 l.

304 4566 307 4580 ·
404 4550 416 4581 ⁴
444 4547 706 4591 PatrisAndreaede
723 4547 830 4593 Oviedo.

305 4610 310 4625 ¹
403 4620 415 4651 ὃ
442 4618 648 4663 1111111111111111.

305 4684 309 4755 ff
401 4690 413 4723 ⁰
441 4690 507 4733 Vide
518 4702 605 4745 supra,
617 4700 635 4737 1.
646 4702 684 4749 rv,
695 4704 755 4751 pap.
765 4694 799 4747 55,
811 4702 898 4744 annot.
909 4695 929 4749 2,
942 4702 966 4739 et
977 4670 1036 4749 pap.
1048 4696 1093 4747 181,
1105 4702 1192 4739 annot.
1207 4694 1228 4737 l.
