3717 5400
822 482 886 540 An.
913 482 984 540 lma
1464 486 1520 548 3oe

288 625 446 706 J'usmodi
470 625 669 689 confirmati
687 625 841 690 luerunt.
864 627 985 706 Aliqui
1006 639 1124 692 autem
1144 629 1352 694 haeresibus
1373 633 1518 697 omnino

287 732 436 810 addicti,
464 733 515 795 sic
541 733 772 796 concionibus
792 733 936 798 suerunt
957 735 1138 812 concussi,
1161 746 1199 798 ut
1222 753 1294 799 non
1319 750 1517 819 cessarent,

287 841 451 904 absoluta
476 840 660 917 concione,
687 839 800 904 donec
826 842 933 905 alicui
958 851 1162 906 nostrorum
1186 843 1438 908 confiterentur
1467 857 1516 925 et,

291 947 431 1012 haeresi
446 945 620 1028 abjurata,
638 947 674 1010 in
689 957 836 1010 sanctae
851 948 977 1012 matris
991 948 1174 1013 Ecclesiae
1187 951 1364 1029 gremium
1383 953 1516 1033 recipe·

288 1063 421 1118 rentur.

343 1160 415 1226 822.
458 1160 540 1225 Fuit
555 1161 645 1225 inter
662 1179 735 1237 eoa,
751 1163 811 1242 qui
827 1170 920 1225 totos
934 1161 1135 1242 quindecim
1150 1180 1264 1228 annos
1283 1168 1516 1245 pertinaciter

284 1268 418 1334 SS.¹¹¹=¹¹¹²
436 1269 568 1335 Christi
583 1269 720 1350 Corpus
735 1272 771 1332 in
786 1270 1013 1334 Eucharistia
1028 1287 1107 1334 esse
1125 1282 1341 1351 negaverat,
1358 1273 1417 1353 qui
1434 1283 1516 1354 post

285 1377 544 1458 abjtirationem
559 1387 594 1439 et
613 1377 830 1440 intellectum
852 1393 956 1440 suum
978 1376 1014 1440 in
1037 1375 1118 1440 fidei
1138 1377 1345 1458 obsequium
1364 1376 1514 1444 firmiter

285 1483 493 1565 subjectum,
516 1501 595 1547 cum
622 1484 691 1546 hac
715 1482 783 1546 fide
806 1492 840 1546 et
855 1484 1111 1564 protestatione
1135 1495 1341 1548 reverenter
1363 1486 1514 1550 infesto

286 1592 447 1656 Paschae
462 1589 733 1655 Sanctissimum
748 1588 1021 1654 Sacramentum
1034 1591 1183 1671 accepit.
1200 1591 1302 1656 Alius
1320 1593 1428 1656 etiam
1447 1594 1513 1658 vix

284 1698 445 1777 obtinuit,
463 1699 622 1761 absoluta
643 1698 797 1778 quadam
817 1698 990 1762 concione
1012 1697 1094 1778 (qua
1116 1708 1150 1761 et
1172 1698 1251 1762 aliis
1269 1700 1512 1779 praecedenti·

283 1807 348 1869 bus
363 1815 481 1869 motus
494 1804 633 1884 suerat),
657 1814 696 1868 ut
718 1806 785 1869 sibi
806 1806 931 1869 liceret
952 1804 1066 1869 eidem
1087 1804 1185 1869 Patri
1205 1806 1388 1870 Bernardo
1409 1824 1511 1872 suam

281 1913 537 1976 conscientiam
551 1912 747 1991 declarare,
760 1911 821 1992 qui
832 1930 903 1976 non
914 1914 1028 1977 solum
1039 1912 1152 1977 variis
1163 1914 1371 1978 haeresibus
1381 1914 1510 1979 adhae-

283 2029 391 2099 serat,
408 2020 470 2083 sed
486 2021 575 2082 alios
590 2035 728 2100 quoque
744 2020 779 2082 in
794 2019 962 2083 haereses
972 2019 1172 2098 induxerat,
1185 2031 1219 2084 et
1229 2035 1362 2100 magna
1373 2039 1419 2085 ex
1431 2040 1511 2103 par-

282 2137 317 2190 te
331 2135 458 2190 auctor
473 2126 589 2190 fuerat
603 2143 668 2189 sua
683 2127 932 2190 exhortatione
946 2127 1115 2191 horrendi
1129 2127 1223 2190 illius
1233 2127 1403 2191 facinoris
1413 2129 1506 2209 quod

281 2234 435 2298 Tornaci
449 2234 484 2296 in
499 2233 590 2297 sesto
605 2231 812 2297 Nativitatis
827 2232 971 2296 Domini
984 2233 1146 2313 proxime
1157 2234 1278 2313 elapso
1293 2234 1508 2316 contigerat,

281 2341 458 2418 videlieet,
474 2340 570 2421 quod
583 2339 852 2404 Sanctissimum
868 2338 1150 2419 Sacramentum,
1167 2341 1203 2403 in
1223 2358 1362 2405 summa
1382 2339 1506 2421 Missa,

280 2459 355 2512 toto
370 2447 500 2528 populo
516 2455 715 2528 praesente,
732 2464 752 2510 e
767 2447 930 2509 manibus
948 2447 1157 2526 sacerdotis,
1181 2458 1428 2512 consecratam
1446 2449 1507 2513 ho·

279 2556 387 2620 stiam
403 2557 534 2637 populo
555 2552 774 2618 adorandam
797 2555 982 2632 elevantis,
1006 2554 1042 2617 vi
1062 2554 1240 2633 eripuerat
1260 2565 1294 2618 et
1314 2556 1350 2618 in
1371 2565 1505 2619 terram

279 2662 489 2743 projecerat,
507 2679 549 2726 ac
565 2661 713 2743 pedibus
727 2663 1003 2726 conculcaverat
1015 2663 1035 2723 ¹.
1049 2661 1256 2742 Hicautem,
1271 2663 1330 2744 qui
1342 2664 1412 2727 tale
1424 2681 1508 2728 con·

277 2771 396 2834 silium
411 2770 568 2846 dederat,
585 2770 732 2833 seriose
753 2769 799 2833 ad
820 2779 974 2833 mentem
993 2786 1119 2833 sanam
1139 2770 1286 2834 rediisse
1305 2772 1506 2835 testabatur

276 2894 409 2957 magna
423 2894 489 2941 sua
503 2877 786 2957 compunctione,
803 2876 892 2941 adeo
907 2886 946 2940 ut
970 2877 1077 2940 etiam
1097 2877 1336 2941 confessarius
1359 2879 1436 2942 sine
1455 2880 1506 2943 la·

278 2985 415 3065 crymis
429 2983 584 3047 laetitiae
599 3000 680 3047 eum
694 2984 870 3047 dimittere
885 3000 957 3047 non
972 2984 1144 3063 potuerit3
1160 2985 1381 3048 testabantur
1396 2995 1431 3050 et
1443 2987 1503 3050 alii

274 3091 458 3171 haeretici,
475 3107 564 3172 quos
579 3091 636 3153 ille
652 3091 745 3154 idem
761 3091 806 3154 ad
821 3089 925 3155 fidem
941 3091 1153 3155 catholicam
1172 3091 1343 3155 reducere
1356 3092 1505 3174 diligen·

273 3211 329 3263 ter
344 3198 489 3263 studuit.
505 3198 586 3262 Fuit
600 3207 635 3261 et
649 3198 775 3261 mulier
790 3199 976 3278 quaedam,
994 3216 1085 3280 quae
1100 3200 1231 3262 multos
1244 3200 1446 3279 seduxerat,
1468 3212 1504 3264 et

273 3309 327 3371 sic
341 3306 500 3387 resipuit,
516 3316 555 3369 ut
569 3306 741 3386 plurimos
760 3306 849 3369 alios
864 3323 985 3369 secum
1005 3306 1213 3386 resipiscere
1235 3316 1389 3386 curaret,
1410 3324 1501 3389 quae

271 3414 446 3478 concione
461 3412 612 3493 quadam
630 3413 680 3475 sic
696 3421 873 3475 commota
889 3411 966 3488 suit,
983 3425 1020 3475 ut
1040 3430 1083 3475 ea
1104 3413 1279 3491 absoluta,
1299 3431 1370 3475 non
1390 3414 1501 3477 desie-

270 3522 319 3585 rit
334 3522 514 3601 lacrymas
528 3518 753 3601 profundere,
771 3521 883 3584 donec
899 3520 1157 3583 absolutionem
1167 3528 1395 3600 peccatorum
1406 3531 1501 3585 esset

270 3638 502 3709 consequuta.

331 3734 403 3799 823.
447 3734 600 3813 Quidam
615 3734 721 3797 etiam
742 3734 887 3814 capitali
908 3734 989 3797 odio
1009 3751 1047 3797 se
1068 3734 1222 3799 invicem
1243 3745 1500 3815 prosequentes

266 3839 343 3922 iam
368 3842 516 3922 pridem,
543 3842 595 3905 sic
622 3843 790 3904 commoti
814 3840 968 3916 fuerunt,
989 3852 1027 3905 ut
1049 3851 1239 3921 antequam
1259 3842 1341 3906 inde
1355 3842 1497 3906 recede-

268 3959 361 4028 rent,
378 3948 438 4029 qui
452 3948 642 4011 offendisse
658 3948 846 4011 videbatur
864 3948 999 4011 miserit
1015 3948 1061 4012 ad
1076 3948 1246 4013 offensum
1257 3950 1422 4030 aliquem,
1434 3947 1495 4029 qui

269 4072 334 4120 suo
359 4055 498 4119 nomine
516 4064 651 4135 peteret
671 4054 841 4118 offensam
864 4055 932 4118 sibi
954 4055 1166 4135 condonari,
1186 4060 1246 4136 qui
1266 4066 1384 4119 autem
1409 4054 1497 4135 inju-

266 4162 358 4227 riam
380 4173 581 4242 acceperat‚
602 4172 747 4242 peraeta
768 4162 991 4225 confessione
1013 4162 1107 4243 apud
1128 4161 1166 4225 P.
1187 4162 1420 4242 Bernardum,
1443 4163 1494 4226 sic

265 4286 345 4333 eam
364 4268 593 4347 condonavit,
609 4277 647 4330 ut
668 4269 765 4347 prior
780 4252 829 4331 ¹ab
852 4266 1051 4331 offendente
1072 4269 1214 4332 veniam
1235 4280 1356 4349 petere
1376 4270 1495 4332 decer·

263 4382 375 4440 neret.

322 4482 396 4545 824.
442 4481 720 4546 Praemonuerat
734 4483 846 4546 obiter
863 4483 897 4546 in
913 4484 1086 4547 concione
1099 4484 1265 4565 quadam,
1279 4485 1378 4548 brevi
1394 4484 1495 4547 adsu-

265 4626 467 4641 b———un

304 4722 313 4755 ¹
343 4722 409 4767 Vide
421 4735 507 4779 snpra,
520 4730 537 4767 t.
548 4736 582 4776 tv,
594 4736 653 4779 pag.
665 4726 713 4771 aul.
726 4732 811 4769 annot.
825 4726 843 4767 1.
