3717 5400
340 483 402 556 332
804 493 932 554 Canos.
952 492 1031 553 Soc.
1052 494 1121 568 Jes.

348 657 426 706 rum
440 653 610 718 generum
626 641 727 703 varia
743 640 981 702 emolumenta
995 638 1195 718 spiritualia
1208 657 1253 702 ex
1267 641 1337 703 hoc
1356 653 1591 706 sacramento*

342 743 620 828 {provenientia}
636 747 763 811 referri
773 756 928 828 possent.

408 852 479 916 976.
523 853 718 918 Constabat
732 857 840 919 etiam
855 858 948 937 quod
962 857 1063 920 multi
1078 856 1283 920 scholastici
1302 857 1425 920 varias
1440 857 1581 935 religio·

340 975 411 1022 nes
425 960 709 1041 ingrederentur,
727 972 761 1025 et
775 963 956 1027 serebatur
974 973 1049 1026 tam
1067 965 1196 1026 multos
1218 981 1297 1028 esse
1316 980 1397 1042 eoS,
1414 963 1476 1043 qui
1494 965 1587 1028 talia·

343 1066 575 1146 perfectionis
590 1069 736 1132 consilia
757 1071 1004 1149 sectabantur,
1028 1081 1066 1133 ut
1087 1072 1303 1134 monasteria
1325 1071 1429 1150 regni
1449 1068 1581 1134 Valen-

342 1174 420 1237 tiae
435 1175 498 1237 vix
511 1183 584 1237 tam
599 1177 729 1238 multos
748 1177 852 1240 simul
871 1176 1059 1242 admittere
1079 1188 1235 1258 possent,
1251 1187 1287 1240 et
1301 1178 1338 1252 ii,
1357 1178 1418 1258 qui
1433 1176 1581 1240 admissi

350 1283 440 1344 inter
461 1281 549 1344 alios
569 1293 701 1361 essent,
725 1291 797 1346 tam
816 1301 966 1347 suavem
989 1283 1246 1347 aedificationis
1268 1285 1415 1347 odorem
1437 1284 1581 1363 praebe·

354 1389 449 1467 bant,
466 1399 505 1452 ut
519 1396 554 1451 et
569 1389 839 1468 aliis-religiosis
854 1391 1009 1470 antiquis
1027 1407 1198 1470 magnum
1220 1400 1339 1454 essent
1359 1391 1523 1454 solatium
1537 1407 1582 1452 ac

343 1497 454 1560 simul
469 1496 514 1559 ad
528 1495 781 1576 perfectionem
797 1499 1076 1562 consecrandam
1089 1499 1264 1562 stimulus.

409 1603 479 1666 977.
524 1602 749 1668 Christianae
764 1602 947 1668 doctrinae
958 1605 1282 1683 institutio,eodem
1293 1604 1399 1668 modo
1411 1622 1481 1686 quo
1492 1605 1582 1668 alias

343 1709 483 1773 dictum
498 1720 551 1774 est
568 1709 793 1786 ¹,Valentiae
808 1727 829 1771 a
844 1711 980 1774 nostris
993 1720 1047 1775 est
1059 1713 1262 1790 observata,
1275 1721 1311 1775 et
1323 1729 1395 1775 non
1406 1712 1523 1791 pauci,
1537 1711 1580 1774 de
1672 1707 1678 1715 '

343 1817 457 1880 rebus
472 1817 611 1880 animae
627 1835 713 1881 suae
732 1833 858 1898 parum
881 1817 1034 1895 solliciti,
1050 1817 1154 1897 hujus
1173 1820 1357 1882 doctrinae
1379 1819 1580 1898 cognitione

343 1923 530 1987 cautiores
544 1923 659 1987 effecti
674 1933 768 2003 sunt,
784 1924 867 1988 dum
888 1924 1176 1988 animadvertunt
1198 1927 1294 1989 vitae
1315 1941 1402 1989 suae
1422 1925 1580 1989 rationes

347 2031 540 2110 plurimum
555 2048 576 2092 a
591 2032 714 2111 regula
730 2031 1194 2096 divinorummandatorum
1211 2032 1408 2096 dissonare.

410 2137 481 2202 978.
525 2137 676 2218 Quidam
692 2147 809 2202 autem
821 2157 866 2200 ex
876 2139 1010 2202 nostris
1021 2139 1057 2202 in
1070 2137 1353 2218 Quadragesima
1363 2138 1467 2219 hujus
1483 2139 1578 2216 anni,

342 2243 395 2306 -ad
411 2244 693 2308 concionandum
707 2245 744 2307 in
759 2246 889 2325 oppido
904 2245 1059 2326 quodam
1079 2245 1246 2309 Conchae
1264 2247 1383 2309 vicino
1404 2247 1427 2325 ¹,
1450 2247 1581 2309 missus

343 2360 423 2432 *est;
440 2368 521 2415 cum
536 2367 605 2433 quo
621 2351 740 2415 socius
755 2351 884 2415 missus
899 2361 953 2416 est
968 2352 1113 2434 quidam
1132 2371 1178 2416 ex
1197 2353 1378 2430 fratribus
1402 2353 1472 2433 qui,
1497 2353 1580 2416 dum

347 2461 583 2522 concionator
604 2458 714 2522 verbo
734 2457 802 2522 Dei
822 2459 1053 2540 proponendo
1076 2460 1137 2523 dat
1160 2476 1322 2540 operam,
1349 2459 1581 2523 christianam

351 2568 428 2646 ipse
443 2565 640 2629 doctrinam
656 2583 727 2628 non
747 2566 796 2628 illi
810 2575 949 2629 tantum
962 2567 1104 2647 populo,
1127 2567 1190 2629 sed
1212 2575 1246 2628 et
1268 2566 1357 2644 aliiS,
1381 2567 1441 2646 qui
1460 2565 1581 2628 vicina

345 2673 481 2753 oppida
496 2672 715 2753 habitabant,
733 2673 944 2754 explicabat.

411 2780 480 2845 979.
524 2780 602 2861 Ipse
617 2790 736 2844 autem
750 2780 882 2844 Rector
895 2780 1043 2862 Collegii
1058 2780 1081 2858 ³,
1103 2799 1184 2845 cum
1203 2798 1335 2861 magno
1350 2781 1523 2861 applausu
1545 2789 1581 2844 et

346 2888 551 2950 animarum
566 2887 737 2967 profectu,
757 2889 824 2951 hoc
839 2889 965 2951 eodem
983 2904 1129 2951 munere
1143 2887 1332 2952 Valentiae
1347 2888 1382 2951 in
1397 2888 1481 2951 anni
1499 2904 1580 2967 pro-

344 3010 477 3071 gressu
493 2994 717 3073 fungebatur.

410 3099 481 3165 980.
525 3100 677 3180 Quidam
693 3103 799 3165 etiam
814 3120 860 3165 ex
873 3102 1045 3166 fratribus
1059 3103 1095 3166 in
1109 3106 1241 3184 templo
1252 3114 1375 3167 nostro
1391 3104 1581 3167 conciones
1626 3135 1628 3138 ·

349 3219 587 3290 prosequutus
613 3218 676 3288 est,
700 3210 839 3273 namin
860 3210 928 3271 alio
951 3210 1052 3290 pueri
1071 3212 1108 3273 in
1128 3212 1323 3275 christiana
1346 3210 1508 3275 doctrina
1530 3211 1581 3273 in·

345 3316 600 3380 stituebantur.
617 3316 740 3397 Populi
755 3326 873 3379 autem
889 3333 977 3396 erga
990 3327 1133 3381 nostros
1155 3336 1254 3382 amor
1275 3318 1391 3397 magis
1411 3316 1583 3381 accende·

353 3424 468 3501 batur,
485 3432 519 3486 et
534 3423 748 3486 existimatio
763 3424 866 3503 bona,
883 3440 991 3504 quam
1006 3424 1049 3487 de
1064 3422 1242 3488 Societate
1257 3434 1507 3503 conceperant,
1521 3441 1580 3486 au-

351 3530 522 3610 gebatur,
558 3541 592 3593 et
620 3548 664 3593 ex
691 3529 893 3607 laboribuS,
929 3531 965 3593 in
994 3530 1121 3611 quibus
1149 3549 1381 3611 perseverare
1411 3530 1581 3593 videbant

350 3646 493 3701 nostros
509 3637 554 3699 ad
568 3638 813 3717 proximorum
837 3637 1019 3715 auxilium,
1035 3639 1131 3700 nullo
1153 3638 1223 3700 alio
1238 3639 1373 3718 premio
1392 3644 1580 3717 expectato

347 3746 474 3823 abeis,
492 3744 702 3808 charitatem
718 3742 983 3823 conjectabant;
1001 3754 1035 3808 et
1050 3746 1142 3807 sicut
1161 3745 1252 3807 filios
1273 3762 1357 3808 suos
1377 3744 1581 3825 gaudebant

356 3853 392 3916 in
408 3853 602 3916 christiana
617 3852 780 3915 doctrina
795 3852 942 3929 institui,
960 3852 1009 3915 ita
1024 3862 1058 3915 et
1078 3852 1144 3932 ipsi
1158 3852 1335 3915 interdum
1350 3854 1418 3915 hac
1433 3853 1581 3915 honesta

346 3959 607 4022 exercitatione
626 3958 903 4037 occupabantur,
920 3958 1129 4039 quibusdam
1150 3976 1195 4021 ex
1216 3976 1285 4021 una
1307 3969 1408 4038 parte
1426 3959 1580 4021 canenti-

350 4066 434 4136 bus,
459 4084 549 4147 quae
571 4065 802 4129 christianam
826 4065 1024 4127 doctrinam
1047 4065 1273 4144 spectabant,
1295 4067 1373 4128 aliis
1394 4065 1582 4129 autem-vi·

347 4175 473 4237 cissim
488 4173 792 4253 respondentibus.
810 4170 854 4233 Et
873 4189 953 4235 cum
968 4174 1080 4252 pueri,
1098 4174 1194 4252 ipsos
1205 4171 1378 4252 jurantes,
1399 4172 1501 4236 flexis
1519 4189 1578 4253 ge·

355 4280 459 4343 nibus
484 4290 518 4343 et
539 4289 743 4342 reverenter
768 4278 1007 4342 admonebant
1028 4290 1062 4343 et
1083 4279 1318 4343 obsecrabant
1338 4297 1384 4341 ne
1406 4278 1581 4358 jurarent,

351 4474 566 4484 ——m

393 4594 402 4624 ¹
431 4591 497 4635 Vide
507 4601 594 4645 supra,
606 4596 624 4633 t.
634 4600 669 4640 tv,
680 4601 738 4643 pag.
747 4588 795 4643 att,
808 4601 832 4633 n.
841 4589 889 4643 731,
899 4592 925 4631 et
935 4589 1057 4633 Litterae
1067 4590 1295 4642 Quadrtmestres.
1304 4597 1324 4635 t.
1334 4601 1371 4637 ru.
1381 4602 1441 4645 pag.
1448 4590 1489 4635 219
1497 4596 1525 4634 et
1532 4590 1584 4637 tae.

390 4664 402 4695 ¹
428 4662 495 4707 Vide
506 4663 628 4706 Litterae
637 4662 867 4715 Quadrimestres,
876 4668 894 4706 t.
906 4672 944 4714 ιιι,
954 4674 1014 4716 pag.
1025 4662 1073 4715 tat,
1085 4669 1172 4706 annot.
1184 4662 1206 4705 2.

386 4736 401 4769 ⁸
429 4735 458 4779 P.
469 4734 580 4787 Joannes
591 4734 709 4789 Baptista
720 4734 751 4776 de
762 4732 841 4777 Barm
