3717 5400
402 474 459 538 678
862 477 991 538 ennon.
1011 477 1087 538 Soc.
1106 478 1177 551 Jes.

405 619 479 702 sed,
495 638 576 685 cum
596 622 639 685 de
656 620 723 685 Dei
742 622 1019 701 proprietatibus
1038 621 1355 703 interrogarentur,
1376 621 1479 686 varia
1498 629 1534 684 et
1548 619 1630 683 ridi·

405 730 485 792 cula
500 729 674 793 dicebant.
690 728 763 794 Alii
777 728 919 810 quidem
934 746 1065 811 aquam
1079 747 1168 807 esse,
1192 741 1227 793 et
1246 730 1402 795 omnium
1423 728 1628 792 animalium

404 837 542 901 animas
557 843 662 917 atque
677 836 836 917 ipsorum
854 835 1035 901 hominum
1049 838 1217 917 aequales
1230 853 1320 917 esse,
1341 848 1376 902 et
1395 837 1493 901 velut
1507 845 1629 916 guttas

404 959 530 1026 aquae,
547 960 638 1024 quae
654 942 780 1006 deinde
795 944 974 1025 inaquam
991 954 1109 1008 essent
1123 945 1303 1008 rediturae
1315 953 1352 1008 et
1362 945 1398 1008 in
1408 959 1539 1022 corpus
1549 941 1628 1020 Dei,

404 1049 504 1130 cujus
519 1059 638 1130 partes
653 1060 766 1130 erant,
786 1050 1072 1130 reintegrandae.

466 1156 554 1222 1873.
597 1156 652 1222 De
674 1163 757 1222 aere
783 1157 891 1240 aliqui
916 1159 1036 1222 omnia
1061 1158 1236 1239 dicebant,
1258 1176 1349 1239 quae
1368 1159 1412 1222 de
1430 1175 1524 1238 aqua
1543 1155 1630 1220 dixi·

403 1281 492 1330 mus
509 1264 582 1329 Alii
601 1265 717 1330 Deum
738 1265 895 1330 omnium
914 1274 1113 1329 creatorem
1128 1263 1297 1343 fatentur,
1317 1266 1379 1345 qui
1392 1265 1497 1329 bonis
1517 1265 1606 1328 bene
1622 1265 1631 1298 ¹

402 1371 522 1450 saciat,
541 1373 653 1436 malos
668 1372 803 1453 puniat.
819 1371 888 1436 Sed
904 1373 1043 1436 animas
1056 1374 1187 1436 multas
1203 1371 1237 1436 in
1253 1381 1390 1454 septem
1403 1370 1554 1436 mundos
1568 1369 1631 1435 mi·

402 1479 491 1542 sisse
512 1495 554 1542 ea
575 1481 666 1559 lege,
688 1489 727 1542 ut
747 1478 878 1560 septies
897 1489 1131 1543 nascerentur
1151 1490 1185 1543 et
1204 1490 1438 1559 morerentur,
1461 1487 1496 1542 et
1513 1479 1575 1560 qui
1594 1479 1632 1542 in

398 1585 524 1651 ultima
539 1587 613 1650 vita
629 1586 710 1651 boni
725 1595 856 1666 essent,
873 1602 937 1649 eos
952 1603 1033 1650 cum
1049 1585 1127 1650 Deo
1142 1603 1342 1650 mansuros.

462 1691 550 1756 1874.
594 1691 664 1757 Sed
678 1693 713 1756 in
727 1693 805 1773 ipso
820 1693 927 1756 etiam
942 1692 1110 1774 paradiso
1124 1694 1241 1758 locum
1255 1693 1412 1775 peccatis
1425 1693 1630 1772 relinquunt

402 1807 436 1864 et
451 1799 690 1881 punitionibus
706 1817 749 1863 ac
765 1800 946 1880 praemiis;
968 1809 1003 1862 et
1022 1800 1071 1863 ita
1095 1797 1218 1878 jubere
1245 1799 1359 1864 Deum
1382 1810 1420 1863 ut
1436 1808 1631 1863 nascantur

401 1907 509 1989 aliqui
533 1907 597 1970 sub
616 1905 777 1971 felicibus
801 1907 911 1970 stellis
929 1916 969 1971 ut
995 1907 1046 1972 ita
1070 1907 1141 1970 sint
1165 1907 1307 1987 feliceS,
1334 1906 1631 1987 quemadmodum

401 2012 518 2093 Reges
540 2031 582 2077 ac
603 2013 763 2094 Domini,
784 2013 843 2077 alii
863 2023 1004 2093 contra3
1028 2014 1092 2077 sed
1112 2013 1254 2078 demum
1268 2014 1386 2078 omnia
1406 2014 1498 2077 scire
1513 2011 1630 2078 Deum

398 2121 612 2201 respondent
628 2131 662 2184 et
677 2139 715 2184 se
730 2121 908 2200 ignorare,
925 2120 988 2185 sed
1003 2120 1093 2184 haec
1108 2120 1153 2184 ab
1168 2119 1322 2201 antiquis
1337 2120 1472 2200 scripta
1487 2136 1578 2200 esse,
1595 2128 1632 2184 et

404 2246 424 2292 a
440 2229 513 2292 suis
527 2228 709 2308 magistris
724 2229 777 2292 sic
792 2227 940 2292 edoctos
953 2245 1044 2291 esse.

464 2333 551 2399 1875.
595 2334 727 2399 Omnes
755 2345 874 2399 autem
902 2335 1082 2400 diabolum
1115 2337 1267 2399 adorant
1293 2352 1338 2398 ne
1373 2334 1459 2415 ipsis
1486 2342 1630 2415 noceat;

400 2443 564 2524 quamvis
589 2443 705 2522 ipsum
729 2443 861 2505 malum
880 2459 959 2505 esse
978 2442 1094 2506 sciant
1113 2451 1148 2505 et
1166 2441 1234 2507 Dei
1254 2457 1415 2519 servum,
1439 2449 1474 2503 et
1495 2439 1632 2504 'sacri-

399 2550 489 2614 ficiis
504 2551 652 2630 placari.
1572 2631 1576 2638 ¹

461 2655 549 2720 1876.
592 2655 755 2721 Affirmat
779 2666 896 2720 autem
916 2657 1051 2720 nullum
1073 2654 1148 2719 fere
1173 2673 1220 2719 ex
1239 2655 1295 2719 his
1313 2654 1513 2720 hominibus
1534 2654 1634 2719 indis

396 2764 562 2841 inveniri,
589 2764 650 2845 qui
674 2764 806 2845 aliquid
830 2763 915 2827 novi
941 2764 1125 2828 addiscere
1150 2763 1300 2842 studeat;
1324 2780 1385 2826 eos
1411 2772 1530 2827 autem
1555 2763 1630 2843 qui,

395 2888 516 2935 mores
534 2871 721 2951 gentilicos
740 2871 989 2952 relinquentes,
1010 2870 1195 2934 christiani
1213 2869 1300 2934 fiunt
1320 2871 1379 2933 vel
1396 2870 1575 2949 saraceni,
1593 2869 1630 2933 id

398 2978 472 3041 iere
491 2979 535 3042 ob
555 2978 765 3059 temporalia
785 2978 972 3041 commoda
986 2995 1047 3041 eos
1062 2978 1192 3057 facere3
1216 2986 1351 3042 sectam
1372 2988 1492 3040 autem
1507 2976 1630 3041 Maho-

399 3086 493 3161 meti,
506 3096 545 3149 ut
556 3084 740 3149 affectibus
751 3102 874 3149 eorum
883 3095 917 3149 et
927 3084 1105 3165 gentilicis
1118 3084 1277 3148 moribus
1292 3083 1407 3164 magis
1419 3100 1631 3163 consonam,

397 3194 545 3258 mirifice
559 3194 596 3256 in
611 3194 750 3256 illorum
765 3192 892 3256 animis
908 3192 1063 3271 imprimi
1077 3201 1112 3255 et
1127 3192 1356 3257 admirandos
1368 3207 1582 3271 progressus
1594 3190 1633 3254 in

397 3301 466 3365 illis
481 3300 684 3379 regionibus
700 3299 827 3363 lacere.
846 3298 1048 3363 Christiana
1064 3316 1150 3361 vero
1165 3296 1315 3377 Religio,
1337 3298 1383 3361 ab
1403 3314 1525 3360 eorum
1546 3298 1633 3361 abu-

396 3409 494 3472 sibus
513 3417 586 3471 tam
600 3407 739 3489 aliena,
766 3406 798 3469 si
818 3424 889 3468 non
911 3405 1139 3483 minueretur,
1163 3422 1241 3468 esse
1263 3405 1358 3485 quod
1381 3403 1457 3467 Deo
1479 3419 1634 3482 magnas

395 3515 532 3595 gratias
547 3522 705 3591 agerent.
722 3514 765 3577 Et
780 3529 862 3576 cum
875 3512 1030 3590 lusitani,
1046 3512 1155 3592 quiin
1171 3512 1307 3575 Indiam
1328 3511 1487 3588 veniunt,
1503 3511 1539 3573 id
1553 3525 1634 3574 tan·

396 3631 470 3685 tum
486 3622 602 3684 animo
618 3619 813 3697 intendant,
829 3629 868 3683 ut
882 3618 1031 3683 ditiores
1045 3620 1081 3681 in
1099 3618 1350 3697 Portugalliam
1372 3618 1538 3697 redeant,
1555 3634 1632 3682 non

395 3728 447 3791 sic
469 3728 593 3791 vivunt
615 3744 657 3790 ac
677 3726 883 3807 procedunt,
910 3736 950 3788 ut
970 3725 1015 3789 ad
1035 3726 1305 3789 conversionem
1324 3724 1516 3788 infidelium
1537 3742 1633 3805 opus

395 3846 500 3910 esset,
517 3835 601 3915 quin
616 3834 733 3915 potius
759 3833 939 3896 contrario
967 3832 1071 3895 modo
1087 3850 1125 3895 se
1140 3832 1271 3895 habent
1291 3830 1316 3911 ⁸3
1332 3842 1461 3895 etcum
1483 3848 1554 3893 non
1571 3848 1632 3895 ca·

396 3952 521 4019 petent
536 3941 643 4003 urbes
658 3958 722 4004 nec
746 3940 934 4018 munirent,
960 3947 1122 4018 potentes
1141 3956 1213 4002 non
1237 3948 1339 4001 erant
1358 3948 1397 4001 ut
1418 3956 1439 4001 a
1466 3939 1633 4018 tyrannis

394 4064 457 4111 eos
472 4046 711 4126 defenderent,
731 4048 792 4128 qui
804 4046 935 4110 Christi
952 4045 1058 4109 fidem
1072 4048 1381 4126 amplecterentur3
1395 4054 1429 4108 et
1444 4046 1493 4108 ita
1508 4045 1631 4125 pauci,

396 4166 537 4235 praeter
561 4156 796 4235 pauperculos
820 4153 1008 4232 quosdam,
1043 4153 1355 4216 convertebantur.
1382 4151 1425 4216 Et
1460 4150 1632 4232 quamvis

396 4262 457 4324 alii
473 4262 610 4324 meliori
624 4278 686 4340 spe
702 4270 807 4340 atque
820 4262 937 4323 animo
953 4272 1082 4339 essent,
1095 4260 1200 4323 Pater
1212 4270 1330 4322 tamen
1345 4258 1513 4323 Nicolaus
1528 4258 1637 4322 time·

396 4368 456 4430 bat
478 4386 522 4431 ne
544 4368 698 4447 lusitani,
720 4368 751 4430 si
770 4368 984 4447 procedendi
1005 4367 1146 4429 modum
1167 4383 1238 4429 non
1258 4375 1436 4429 mutarent
1457 4367 1493 4429 in
1507 4364 1635 4429 Indiae

439 4574 447 4605 ¹
476 4572 615 4617 tremate.

378 4672 380 4682 -
437 4644 775 4700 ⁸Sic5me1insiortesed.

435 4714 449 4745 ³
476 4715 521 4761 Ms.
533 4716 658 4762 habeant.
