3717 5400
351 419 406 478 290
811 420 938 480 Canon.
959 420 1036 480 Soc.
1057 421 1127 494 Jas.

354 569 415 662 illa
430 570 572 632 curiosa
588 567 762 648 arripiens
776 577 811 631 et
825 568 989 632 lacerans
1004 568 1235 633 tentationem
1247 569 1439 649 superavit.
1452 568 1533 632 Fuit
1547 579 1586 634 et

353 677 471 754 tertia,
488 693 578 756 quae
589 673 786 754 juventutis
802 675 973 754 gaudium
994 675 1202 753 habebatur,
1223 693 1289 739 nec
1314 677 1446 739 laetum
1470 677 1584 742 ullum

351 782 559 845 convivium
582 783 658 845 sine
680 780 755 861 eius
777 782 980 862 praesentia
998 782 1258 862 quodammodo
1278 782 1485 846 habebatur.
1508 780 1579 847 Sed

351 891 410 954 illa
427 891 509 969 igne
524 889 636 952 divini
651 889 783 952 amor1s
807 905 973 967 accensa,
990 889 1035 952 ab
1049 889 1195 953 aedibus
1217 890 1377 970 paternis
1397 900 1431 952 et
1452 905 1580 971 proco·

350 1013 429 1060 rum
444 996 624 1060 hominum
636 995 880 1059 ¹familiaritate
895 998 1032 1074 avulsa,
1050 997 1096 1060 ad
1110 998 1227 1060 locum
1237 995 1426 1077 quemdam
1437 996 1580 1075 religio·

350 1120 472 1167 sarum
486 1103 721 1167 foeminarum
735 1119 773 1165 se
787 1104 948 1183 contulit,
963 1103 1023 1167 ubi
1039 1103 1202 1166 omnibus
1224 1104 1294 1166 alio
1315 1103 1431 1183 modo,
1455 1103 1490 1167 id
1508 1112 1579 1183 est,

353 1209 495 1274 virtutis
510 1221 544 1274 et
558 1210 754 1274 modestiae
769 1212 1011 1291 spectaculum
1026 1209 1122 1273 lacta
1137 1220 1201 1274 est.

410 1317 480 1381 790.
524 1316 669 1381 Plurimi
695 1317 836 1381 demum
856 1316 960 1397 huJ‘us
982 1317 1197 1380 sacramenti
1222 1317 1356 1380 auxilio
1377 1334 1399 1379 a
1418 1318 1580 1397 peccatis

352 1425 458 1489 etiam
474 1425 682 1489 inveteratis
697 1426 743 1487 ad
757 1442 883 1488 sanam
897 1432 1051 1488 mentem
1066 1441 1108 1487 ac
1130 1442 1262 1488 novam
1282 1424 1395 1487 vitam
1414 1425 1574 1489 revocati

351 1543 444 1596 sunt.
457 1533 501 1596 Et
512 1532 612 1612 prius
620 1530 823 1610 jubilaeum,
836 1529 941 1611 hujus
953 1531 1048 1610 anni,
1062 1531 1168 1611 (quod
1179 1540 1366 1612 acceptum
1377 1540 1412 1594 et
1423 1532 1574 1611 promul·

349 1649 472 1720 gatum
485 1638 550 1702 luit
560 1655 681 1702 mense
691 1636 899 1716 Februario)
914 1639 1046 1702 multos
1060 1637 1251 1703 commovit
1265 1637 1311 1702 ad
1326 1639 1511 1717 generales
1522 1647 1578 1701 to·

346 1748 416 1810 tius
441 1749 538 1811 vitae
559 1745 802 1810 confessiones
823 1745 1017 1825 faciendas,
1039 1755 1075 1809 et
1093 1744 1205 1809 vitam
1229 1746 1266 1808 in
1290 1745 1415 1808 melius
1436 1755 1577 1808 mutan·

347 1854 441 1918 dam.
457 1854 531 1918 Nec
553 1854 630 1918 dies
644 1852 829 1917 labebatur
851 1853 937 1933 quin
955 1853 1063 1932 aliqui
1085 1852 1297 1916 accederent
1317 1852 1362 1915 ad
1382 1851 1573 1915 confessio·

227 2013 230 2018 ,
341 1978 430 2024 -nem
443 1979 488 2024 ex
503 1961 569 2039 his,
586 1960 646 2040 qui
660 1961 770 2023 multo
785 1968 944 2038 tempore
960 1959 1113 2022 confessi
1126 1977 1198 2022 non
1212 1959 1352 2023 fuerant
1367 1969 1401 2022 et
1415 1969 1572 2022 veterem

347 2085 479 2131 exuere
493 2085 535 2130 ac
550 2085 683 2130 novum
702 2067 880 2130 hominem
902 2066 1048 2129 induere
1062 2067 1203 2128 vellent.
1225 2064 1348 2129 Sedet
1368 2065 1574 2146 frequenter

342 2173 589 2237 confitentium
604 2182 639 2235 et
653 2173 992 2236 communicantium
1006 2171 1192 2235 multitudo
1207 2173 1421 2251 augebatur;
1437 2183 1472 2235 et
1486 2173 1571 2254 quia

347 2289 485 2345 tantum
509 2281 552 2344 de
577 2281 788 2344 necessariis
813 2290 848 2344 et
866 2279 1029 2361 expedite
1052 2280 1296 2359 interrogabat
1316 2279 1354 2342 P.
1375 2280 1570 2352 Adrianus

346 2388 447 2452 brevi
462 2398 621 2468 tempore
635 2390 825 2451 multarum
839 2403 1073 2468 personarum
1087 2386 1330 2450 confessiones
1345 2387 1521 2463 audiebat,
1536 2387 1568 2450 si

345 2495 429 2575 quid
444 2507 561 2559 autem
577 2495 716 2560 difficile
731 2497 896 2574 cuiquam
912 2503 1127 2571 occurreret,
1144 2506 1245 2557 extra
1260 2492 1345 2557 illud
1359 2502 1498 2574 tempus
1517 2510 1570 2557 re-

341 2601 497 2681 jiciebat,
513 2603 633 2683 inquo
653 2603 836 2666 consultus
856 2603 1070 2683 respondere
1091 2610 1126 2665 et
1144 2602 1282 2681 quietos
1301 2601 1449 2665 reddere
1466 2600 1570 2664 inter·

344 2719 512 2789 rogantes
526 2710 715 2773 nitebatur.
731 2710 776 2773 Et
790 2711 905 2790 magis
927 2711 960 2774 ei
981 2720 1059 2773 erat
1080 2709 1313 2773 laborandum
1333 2719 1371 2771 ut
1392 2708 1567 2789 quosdam

343 2817 566 2881 abstraheret
588 2836 608 2879 a
630 2816 734 2880 nimis
756 2816 931 2899 frequenti
954 2817 1211 2893 communione,
1234 2834 1342 2897 quam
1363 2826 1399 2878 ut
1420 2815 1567 2881 adeam

341 2924 558 2989 hortaretur.

401 3031 473 3095 791.
515 3030 681 3095 Exterior
695 3032 803 3095 etiarn
818 3032 934 3094 cultus
948 3030 1163 3094 venerabilis
1178 3028 1401 3093 Sacramenti
1414 3029 1567 3109 augeba-

340 3147 409 3217 tur,
427 3139 509 3204 dum
526 3139 594 3202 alia
611 3149 716 3218 atque
731 3139 800 3202 alia
817 3139 861 3202 ad
877 3147 1042 3201 ornatum
1056 3150 1091 3200 et
1109 3138 1374 3201 venerationem
1393 3138 1564 3217 pertinen·

339 3247 389 3308 tia
413 3246 602 3323 adduntur,
627 3255 661 3309 et
680 3246 763 3327 quia
785 3245 1028 3325 exponebatur
1049 3246 1085 3307 in
1107 3245 1193 3308 aede
1214 3243 1274 3309 8³¹
1301 3243 1396 3307 Petri
1415 3243 1568 3324 singulis

341 3351 528 3416 dominicis
549 3370 591 3415 ac
617 3352 716 3415 lestis
735 3351 857 3415 diebus
877 3369 920 3414 ac
942 3352 1074 3431 quintis
1095 3350 1193 3415 seriis
1214 3351 1309 3414 calix
1333 3349 1564 3414 Sacramento

339 3460 478 3538 plenus,
507 3461 624 3539 ampla
650 3470 684 3522 et
708 3459 865 3539 pretiosa
893 3467 990 3521 veste
1015 3458 1212 3538 tegebatur.
1237 3458 1282 3521 Et
1306 3456 1459 3520 consecti
1482 3468 1568 3521 sunt

338 3565 408 3629 duo
435 3566 597 3645 argentei
615 3566 744 3645 angeli,
765 3573 937 3643 argentea
958 3565 1173 3627 candelabra
1194 3565 1230 3627 in
1250 3565 1414 3628 manibus
1434 3565 1562 3629 haben·

335 3682 401 3749 teS,
430 3680 468 3737 ut
494 3673 539 3736 ab
564 3680 712 3752 utroque
737 3673 847 3735 latere
873 3672 1087 3735 venerabilis
1115 3670 1337 3735 Sacramenti
1357 3674 1491 3735 lumina
1513 3681 1565 3734 te«

335 3789 473 3843 nerent.

398 3886 468 3951 792.
512 3886 598 3950 Post
613 3886 761 3965 Pascha,
779 3896 813 3948 et
824 3887 932 3949 eliam
952 3896 1033 3949 ante
1053 3886 1148 3963 illud,
1171 3887 1216 3949 ad
1235 3887 1338 3949 varia
1356 3887 1436 3949 loca
1457 3896 1559 3949 extra

334 3994 535 4058 Lovanium
560 3993 843 4072 egrediebantur,
871 4003 905 4055 et
930 3994 1060 4073 partim
1085 3992 1342 4071 concionando,
1359 3994 1488 4074 partim
1512 3993 1563 4057 fa·-

334 4100 518 4165 miliariter
535 4100 692 4163 consiliis
707 4099 920 4180 adjuvando,
937 4101 1026 4163 haec
1048 4108 1083 4163 et
1103 4100 1162 4163 illa
1183 4100 1263 4164 loca
1283 4103 1561 4181 perlustrabant,

333 4227 354 4272 a
370 4209 501 4289 quibus
516 4208 643 4271 litteris
659 4217 720 4271 aut
734 4207 867 4270 nuntiis
881 4208 1139 4283 evocabuntur;
1150 4217 1186 4271 et
1197 4208 1325 4287 ubique
1337 4209 1468 4272 bonum
1478 4210 1560 4273 odo·

332 4334 408 4380 rem
424 4314 613 4379 Societatis
628 4315 890 4396 relinquebant;
907 4323 942 4377 et
956 4330 1087 4393 magna
1102 4314 1289 4379 dilectione
1304 4332 1346 4378 ac
1367 4318 1564 4381 veneratio*

333 4441 377 4486 ne
393 4425 544 4504 populus
560 4439 621 4486 eos
636 4422 806 4502 diligebat
823 4420 842 4485 ¹.
1287 4405 1290 4411 ⁵

332 4584 398 4593 —

370 4668 378 4700 Ι
412 4666 503 4709 Omnia
514 4666 576 4719 lere,
586 4676 651 4721 quae
660 4664 700 4709 his
708 4664 1098 4719 numerisrm-792conttnentur,
1109 4667 1244 4722 desumpta
1254 4675 1313 4712 suut
1324 4680 1356 4711 ex
1366 4668 1461 4713 litteris
1472 4668 1561 4713 Patris
