3717 5400
822 529 885 588 Aa.
907 529 978 589 1555
1461 529 1520 590 687

287 673 333 738 rit
347 674 432 754 quin
446 674 559 738 nostri
572 673 654 754 igne
669 673 945 738 bombardarum
959 675 1161 754 consumpti
1176 675 1343 754 perirent;
1357 691 1440 739 nam
1452 675 1514 755 illi,

288 781 417 845 erectis
443 781 564 845 statim
585 781 726 844 vexillis
749 781 885 858 sericis,
912 789 948 844 et
971 780 1099 844 bellica
1119 781 1353 846 instrumenta
1373 782 1519 862 pulsare

288 897 492 970 coeperant,
513 897 618 969 prout
636 887 793 951 assolent
815 884 921 968 [cum]
943 887 1189 968 praeliandum
1208 898 1274 951 est.
1294 887 1364 952 Sed
1383 888 1518 969 placuit

290 993 442 1059 Domino
468 1003 507 1058 ut
527 992 603 1075 ejus
622 994 726 1058 navis
745 991 952 1058 Praefectus
976 994 1118 1073 maguis
1142 995 1357 1060 clamoribus
1371 1005 1517 1060 nostros

288 1103 528 1183 alloqueretur
545 1111 584 1165 ut
603 1101 811 1166 recederent
830 1111 865 1164 et
887 1100 956 1165 iter
966 1117 1071 1164 suum
1088 1111 1398 1183 prosequerentur,
1421 1111 1517 1184 post-

289 1227 397 1291 quam
421 1210 540 1273 multis
560 1209 688 1273 ictibus
708 1207 985 1273 bombardorum
1005 1208 1151 1288 navigia
1176 1218 1299 1273 nostra
1325 1219 1516 1275 concutere

288 1317 498 1397 coepissent.
515 1316 640 1380 Frater
662 1324 785 1380 noster
798 1315 1018 1396 Fulgentius,
1035 1315 1081 1379 ad
1096 1316 1377 1395 gubernaculum
1391 1335 1517 1400 prope-

289 1439 374 1486 rans
389 1433 423 1486 et
438 1424 508 1486 alio
523 1423 609 1486 illud
621 1431 777 1502 vertens,
800 1421 914 1486 effecit
933 1439 978 1486 ue
997 1421 1141 1485 biremis
1159 1432 1284 1488 nostra
1302 1424 1516 1504 submagna

288 1530 348 1594 illa
364 1531 448 1593 navi
464 1539 633 1594 maneret.

350 1637 438 1701 1903.
481 1637 559 1702 Hoc
583 1653 670 1716 ergo
683 1637 879 1717 periculum
894 1653 975 1700 cum
994 1637 1210 1712 evasissent,
1234 1638 1358 1702 eodem
1378 1639 1437 1703 die
1451 1640 1516 1704 sub

205 1819 210 1830 Ι
288 1761 476 1826 vesperam
491 1753 645 1808 tractum
663 1744 761 1808 illum
775 1744 884 1807 maris
899 1744 1053 1823 ingressi
1071 1753 1164 1818 sunt,
1186 1744 1222 1808 in
1242 1761 1313 1826 quo
1333 1755 1517 1811 turcarum

287 1853 414 1916 classis
438 1862 580 1915 nostros
603 1861 767 1932 spectare
795 1851 898 1914 solita
928 1859 1023 1930 erat3
1048 1851 1112 1914 sed
1133 1852 1178 1915 ab
1203 1852 1271 1917 hoc
1296 1853 1404 1916 etiam
1427 1854 1517 1934 peri-

288 1961 368 2023 culo
388 1969 422 2022 et
442 1977 463 2022 a
483 1959 639 2039 syrtibus
660 1959 797 2038 multis,
818 1974 908 2039 quae
928 1959 965 2022 in
985 1976 1028 2022 eo
1046 1959 1138 2022 mari
1155 1969 1249 2039 sunt,
1272 1959 1422 2040 liberati,
1443 1959 1516 2024 Ma·

287 2083 390 2130 zuam
406 2069 416 2102 ¹
432 2074 670 2146 pervenerunt
685 2075 719 2128 et
734 2064 815 2130 inde
828 2064 1048 2129 Arcbichum
1060 2064 1084 2143 ⁸,
1097 2065 1155 2146 qui
1171 2076 1294 2146 portus
1304 2077 1358 2131 est
1371 2067 1516 2132 Aethio·

287 2173 379 2254 piae,
400 2182 591 2252 venerunt3
617 2171 718 2253 cujus
743 2171 858 2236 media
887 2189 972 2252 pars
996 2173 1122 2252 turcis,
1149 2175 1263 2273 altera
1283 2173 1401 2238 media
1424 2173 1515 2256 Regi

288 2278 500 2360 Aethiopiae
519 2279 677 2359 parebat.

351 2384 439 2449 1904.
482 2385 585 2450 initio
610 2384 752 2466 quidem
773 2385 878 2449 valde
902 2385 1118 2468 perturbati,
1148 2404 1214 2450 sua
1239 2387 1366 2451 bellica
1387 2388 1516 2451 instru-

288 2502 420 2572 menta,
436 2493 563 2572 quibus
583 2492 628 2556 ad
646 2491 777 2556 bellum
799 2509 927 2572 parare
948 2493 1043 2557 soliti
1061 2501 1175 2571 erant,
1197 2495 1337 2581 magnis
1355 2496 1517 2559 clamori-

288 2600 354 2664 bus
368 2601 564 2680 pulsarunt;
581 2599 643 2663 sed
659 2599 732 2664 dux
747 2609 891 2663 nostrae
910 2599 1037 2664 classis
1057 2616 1182 2681 pacem
1202 2618 1283 2665 cum
1297 2601 1517 2683 ipsis‘inivit;

288 2716 323 2771 et
338 2709 399 2786 ita,
422 2707 612 2771 arundines
627 2724 711 2771 suas
725 2708 761 2770 in
776 2707 939 2771 manibus
957 2717 1154 2787 gestantes,
1176 2725 1239 2789 per
1261 2710 1430 2790 oppidum
1449 2711 1517 2776 Ar·

289 2814 455 2879 chichum
466 2814 578 2877 nostri
589 2814 828 2894 suntegressi.
844 2814 888 2878 Et
900 2813 1167 2879 admirabantur
1179 2817 1407 2881 vehementer
1418 2835 1515 2883 sara·
1552 2797 1561 2816 ’

289 2922 379 2999 ceni,
403 2919 498 3002 quod
517 2930 591 2985 tam
610 2922 726 2985 securi
746 2938 809 3002 per
828 2922 953 2985 urbem
970 2920 1187 3001 incederent,
1209 2924 1374 3002 quamvis
1392 2932 1517 2989 turcae

288 3030 432 3110 quidam
451 3046 574 3094 coram
598 3028 729 3093 nostris
751 3030 839 3092 satis
853 3028 992 3092 seroces
1007 3045 1089 3092 cum
1103 3029 1176 3092 suis
1191 3030 1358 3111 sclopetis
1377 3030 1514 3096 incede·

287 3146 378 3201 rent.

349 3242 436 3308 1905.
481 3242 707 3324 Quaerebant
721 3252 839 3305 autem
854 3242 965 3307 nostri
977 3243 1133 3324 aliquam
1145 3244 1320 3308 rationem
1333 3243 1517 3310 deserendi

286 3368 372 3415 suas
396 3350 558 3414 sarcinas
582 3348 605 3409 ³.
631 3349 786 3430 Populus
809 3347 993 3413 Archicho
1019 3350 1160 3413 cuidam
1175 3351 1329 3414 lusitano
1354 3364 1516 3432 exparte

287 3457 447 3521 subditus
467 3466 554 3535 erat,
576 3455 676 3537 quus
695 3456 828 3534 famuli,
849 3456 909 3535 qui
931 3454 1061 3519 ibidem
1082 3456 1129 3520 ad
1148 3457 1411 3536 recuperandos
1426 3459 1515 3522 redi-

287 3572 344 3627 tus
363 3564 564 3641 manebant,
591 3562 711 3626 statim
731 3562 777 3626 ad
798 3572 940 3626 nostros
958 3573 1143 3642 venerunt,
1160 3572 1195 3625 et
1214 3563 1302 3627 bene
1321 3580 1360 3627 se
1384 3563 1517 3629 habere

287 3686 345 3734 res
358 3669 570 3751 Aethiopiae
584 3670 790 3733 retulerunt.

351 3775 439 3841 1906.
483 3776 588 3841 Circa
602 3776 756 3840 medium
771 3774 939 3840 Martium
953 3776 1135 3840 Arcbicho
1157 3777 1271 3841 nostri
1292 3788 1516 3845 recesserunt

286 3894 323 3950 et
347 3885 408 3967 qui
431 3902 493 3949 eos
518 3884 788 3963 comitabantur,
817 3900 989 3965 posquam
1014 3884 1063 3947 ibi
1087 3883 1204 3948 triduo
1228 3887 1455 3967 mansissent,
1480 3897 1516 3952 et

288 4009 411 4057 omnes
423 3991 564 4055 ensibus
579 3992 707 4055 armati
722 4001 824 4055 erant
839 4000 876 4055 ut
891 4008 929 4055 se
940 3990 1168 4055 defenderent
1180 4010 1202 4056 a
1214 3994 1407 4075 saracenis,
1424 3995 1516 4059 inter

287 4116 376 4182 quos
390 4097 645 4162 transeundum
659 4106 748 4162 erat:
764 4116 830 4161 nec
846 4098 1012 4178 exiguam
1027 4099 1157 4163 samem
1172 4100 1208 4164 in
1224 4118 1265 4163 eo
1281 4100 1407 4165 itinere
1418 4104 1516 4182 passi

286 4216 380 4284 sunt,
407 4223 488 4269 cum
514 4222 642 4287 panem
665 4222 788 4269 secum
812 4223 883 4270 non
908 4206 1124 4287 attulissent,
1151 4217 1187 4271 et
1210 4207 1284 4272 fere
1309 4209 1427 4273 triduo
1452 4227 1515 4291 per

285 4311 657 4401 quoddamldesertum
672 4320 796 4376 euntes
807 4309 1024 4392 jeiunarunt3
1039 4331 1106 4378 nec
1125 4315 1200 4378 sine
1214 4316 1341 4381 timore
1360 4317 1515 4396 leonum,

327 4552 337 4587 ¹
366 4507 418 4607 Slc·;
429 4553 454 4596 ln
464 4553 597 4597 veteribus
608 4554 709 4598 chartls
720 4552 843 4607 Marsua,
852 4552 878 4599 ln
888 4556 1076 4601 recentlorlbus
1086 4556 1243 4604 naama.

326 4624 339 4657 ¹
366 4624 417 4678 Slc;
427 4623 537 4679 Trucez,
547 4625 675 4679 Arqutco:
684 4626 752 4679 spud
763 4625 828 4670 allos
838 4632 943 4671 veteres
953 4626 1063 4681 arcaeq-
1072 4639 1140 4671 nunc
1149 4628 1260 4675 Arkeko.

326 4694 339 4729 Ι
366 4694 430 4741 Cum
439 4696 586 4751 scripsisset
597 4698 728 4742 llbrsrlus:
739 4697 918 4752 'Quaerebant
929 4705 1017 4743 sutem
1025 4700 1109 4744 nostrl
1119 4700 1258 4755 chsmelos,
1266 4702 1357 4757 qulbus
1365 4714 1428 4749 sus·
1434 4703 1520 4748 surcl-

289 4778 337 4812 nss
348 4768 481 4812 vellendas
490 4773 633 4823 curarent,;
644 4768 774 4814 Polsncus
783 4775 882 4815 textum
892 4771 1049 4827 emendent,
1059 4778 1088 4816 ut
1098 4770 1222 4817 dedimus.
