3717 5400
388 498 442 559 148
843 497 971 560 ennon.
992 497 1069 561 Soc.
1090 500 1160 574 Jrs.

387 662 460 725 sus,
477 663 519 709 ac
535 656 659 727 postea
673 645 942 711 sanctissimam
959 647 1222 712 Eucharistiam
1236 667 1379 714 sumens
1395 650 1502 729 (facta
1517 654 1622 733 prius

387 753 466 833 ipso
481 754 517 818 in
530 755 622 817 lecto
639 772 719 819 cum
733 755 876 819 inimico
891 772 956 820 suo
971 758 1071 836 pace)
1087 757 1208 820 statim
1222 759 1358 836 meliuS,
1372 761 1466 839 quod
1482 761 1527 824 ad
1539 779 1615 824 cor·

387 861 483 940 poris
498 861 737 926 infirmitatem
752 863 888 941 attinet,
906 863 1036 927 habere
1052 864 1179 944 coepit.

445 967 516 1032 420.
559 969 598 1032 Ιιι
619 970 798 1033 exercitiis
823 972 1063 1051 spiritualibus
1079 970 1220 1051 juvenis
1239 989 1309 1035 non
1330 973 1510 1051 ignobiliS,
1532 973 1612 1036 Hie·

382 1092 556 1156 ronymus
580 1077 758 1156 Fontana,
779 1076 993 1141 Societatem
1013 1078 1152 1158 ingredi
1172 1079 1369 1158 constituit,
1391 1091 1425 1143 et
1448 1083 1620 1161 quamvis·

384 1182 494 1246 initio
509 1182 685 1263 quaedam
705 1185 784 1248 loca
803 1184 1017 1264 excipiebat,
1039 1186 1074 1248 in
1097 1185 1224 1265 quibus
1246 1186 1386 1249 admitti
1409 1187 1611 1267 recusabat,

383 1300 507 1370 postea
522 1299 642 1354 tamen
657 1292 800 1354 omnino
815 1291 1036 1355 obedientiae
1051 1309 1100 1371 se,
1117 1293 1193 1356 sine
1208 1293 1278 1356 ulla
1295 1293 1516 1373 exceptione,
1533 1295 1615 1357 sub·

381 1394 479 1476 J'ecit.

442 1505 513 1568 421.
557 1505 755 1586 Episcopus
769 1506 979 1570 Mutinensis
993 1506 1130 1569 litteras
1144 1507 1252 1569 etiam
1269 1523 1334 1570 suo
1355 1507 1471 1586 sigillo
1493 1509 1608 1588 signa·

382 1621 438 1675 tas
453 1624 488 1676 et
503 1631 609 1676 manu
625 1614 845 1694 subscriptas
866 1613 874 1644 ¹
897 1612 1008 1694 dedit,
1032 1613 1158 1693 quibus
1178 1615 1373 1677 testabatur
1394 1633 1500 1696 quam
1521 1617 1611 1680 bene

381 1718 424 1782 de
440 1719 617 1786 Societate
632 1722 790 1799 sentiret,
808 1730 842 1783 et
856 1719 935 1798 hoc,
952 1721 996 1783 ob
1009 1719 1081 1800 jam
1094 1719 1228 1784 dictum
1242 1721 1423 1785 decretum
1436 1720 1617 1786 parisien--

382 1848 432 1910 se,
449 1831 540 1894 sicut
555 1830 601 1893 ab
615 1829 705 1907 aliis,
722 1829 772 1891 ita
787 1828 832 1890 ab
847 1829 905 1891 illo
921 1828 1162 1891 testimonium
1174 1831 1388 1907 postulatum
1405 1839 1468 1892 est.
1483 1829 1606 1911 Cupie·

382 1939 443 2002 bat
459 1938 552 2000 idem
566 1937 763 2016 Episcopus
777 1935 813 1998 in
828 1935 1032 1998 visitatione
1047 1935 1102 1997 sui
1117 1935 1342 2015 episcopatus
1358 1952 1466 2014 opera
1489 1935 1607 2001 Patris

381 2029 534 2124 Philippi
550 2044 612 2121 uti,
627 2042 690 2106 sed
711 2059 791 2106 cum
810 2053 928 2106 essent
950 2052 1021 2103 tam
1041 2041 1146 2121 pauci
1168 2041 1372 2105 sacerdotes
1394 2059 1438 2105 ex
1460 2045 1605 2120 nostriS,

380 2151 576 2215 non'libere
592 2149 625 2212 id
641 2150 760 2212 facere
774 2157 925 2228 poterat,
943 2147 1105 2228 quamvis
1124 2166 1195 2211 non
1215 2148 1430 2212 mediocrem
1453 2148 1605 2214 fructum

379 2275 396 2321 s
422 2269 549 2321 eraret.

397 2275 420 2338 p
438 2364 509 2428 422.
554 2364 745 2429 Consultus
759 2365 825 2428 suit
840 2362 878 2426 P.
895 2362 1055 2442 ignatius
1069 2381 1116 2425 an
1133 2367 1252 2443 pueri,
1269 2365 1411 2444 quinon
1437 2366 1526 2428 bene
1541 2367 1604 2430 sci·

378 2484 457 2536 rent
472 2474 627 2536 scribere
641 2491 684 2536 ac
699 2474 829 2552 legere,
846 2472 882 2534 in
898 2472 1058 2534 scholam
1073 2478 1191 2534 essent
1206 2471 1425 2551 admittendi,
1439 2491 1522 2537 nam
1534 2491 1606 2538 ma·

378 2598 450 2662 gna
464 2580 650 2644 multitudo
666 2579 866 2659 hujusmodi
880 2595 1072 2658 puerorum
1087 2577 1225 2641 admitti
1239 2587 1388 2658 poterat,
1405 2597 1495 2659 quae
1511 2597 1604 2644 com·

379 2700 545 2768 pensaret
560 2687 782 2752 imminutum
797 2687 1092 2749 scholasticorum
1107 2703 1295 2749 numerum
1316 2695 1349 2749 et
1365 2687 1410 2751 ad
1426 2695 1498 2751 tarn
1520 2706 1604 2769 pau·

377 2812 439 2859 cos
453 2795 635 2859 redactum
651 2804 689 2858 ut
704 2792 893 2874 aliquando
908 2792 954 2856 ad
968 2792 1097 2871 viginti
1108 2792 1170 2855 vix
1183 2793 1425 2857 ascenderent.
1440 2792 1509 2859 Sed
1521 2797 1603 2876 quia

375 2901 576 2980 hujusmodi
590 2902 691 2981 pueri
714 2917 841 2979 parum
855 2898 1026 2979 proficere
1047 2899 1140 2961 soliti
1161 2909 1278 2987 erant,
1299 2910 1333 2962 et
1357 2901 1504 2981 alioqui,
1522 2920 1602 2965 cum

375 3027 501 3090 parum
517 3010 733 3086 didicissent,
751 3028 771 3071 a
788 3008 992 3089 parentibus
1005 3007 1227 3069 vocabantur
1237 3016 1275 3069 ut
1289 3007 1504 3072 mechanicis
1520 3010 1602 3073 arti·

375 3118 440 3181 bus
456 3133 601 3196 operam
616 3117 759 3191 darent,
775 3116 891 3203 visum
914 3125 967 3177 est
987 3112 1024 3177 Ρ.
1049 3112 1185 3193 Ignatio
1209 3132 1279 3177 non
1300 3132 1377 3177 esse
1397 3132 1459 3178 eos
1478 3116 1600 3179 admit·

375 3224 512 3303 tendos;
528 3234 562 3287 et
578 3224 627 3286 ita
643 3238 788 3302 prorsus
804 3222 926 3284 schola
946 3220 1098 3299 frigebat
1118 3230 1153 3282 et
1173 3219 1218 3282 ad
1238 3219 1504 3285 dissolutionem
1524 3240 1600 3302 pro·

372 3333 533 3413 perabat,
550 3331 691 3411 partim,
708 3329 785 3408 ipso
800 3327 905 3391 Patre
920 3328 1059 3407 Ignatio
1074 3335 1341 3406 praeceptorem
1356 3328 1599 3403 subtrahente,

375 3440 470 3519 (nam
484 3449 564 3519 post
579 3438 790 3517 magistrum
806 3434 990 3498 Valerium
1005 3434 1112 3497 etiam
1125 3432 1299 3515 Joannem
1315 3433 1491 3512 Ignatium
1502 3434 1525 3513 ',
1541 3436 1608 3515 qui*

372 3548 485 3611 variis
501 3544 749 3609 afflictionibus
762 3542 972 3617 vexabatur,
986 3540 1193 3604 subtrahere
1204 3540 1340 3618 voluit),
1354 3541 1484 3621 partim
1499 3541 1608 3621 ipsis·-

371 3667 442 3719 met
457 3651 680 3718 scholasticis
695 3649 741 3714 ad
762 3649 852 3711 alias
870 3648 1029 3725 scholaS,
1046 3664 1136 3728 quae
1155 3646 1312 3709 Mutinae
1328 3646 1553 3711 abundabant
1575 3646 1597 3727 ⁵,

369 3780 407 3827 se
423 3761 695 3825 conserentibus.

429 3869 500 3933 423.
545 3867 729 3931 Protector
744 3876 862 3928 tamen
879 3863 1042 3941 collegii,
1060 3862 1187 3925 Comes
1202 3861 1374 3925 Hercules
1388 3860 1604 3940 RangunuS,

371 3977 536 4058 cupiebat
552 3976 694 4039 scholas
707 3973 838 4035 bonum
854 3987 1084 4052 progressum
1098 3968 1232 4045 iacere,
1249 3977 1283 4031 et
1295 3986 1376 4031 cum
1388 3968 1511 4032 aderat
1525 3986 1596 4032 ma·

368 4085 480 4164 gister
495 4082 661 4147 Andreas
675 4079 937 4158 Bonainsegna,
955 4076 1013 4157 qui
1028 4076 1175 4139 idoneus
1196 4084 1407 4154 praeceptor
1429 4085 1516 4153 erat,
1541 4092 1596 4135 cu·

365 4191 492 4272 jusque
507 4189 637 4253 idioma
654 4187 836 4269 proprium
851 4185 974 4248 italum
990 4193 1077 4258 erat,
1093 4182 1181 4245 bene
1200 4199 1237 4245 se
1253 4182 1374 4245 schola
1389 4183 1548 4261 gerebat,
1563 4194 1597 4244 et

369 4298 503 4376 aliquot
517 4296 609 4359 bono
624 4292 766 4371 ingenio
779 4290 928 4371 juvenes
943 4287 1113 4353 Societati
1125 4306 1162 4351 se
1175 4287 1385 4352 addixerant
1398 4286 1418 4351 ⁸.
1433 4286 1503 4352 Sed
1516 4304 1604 4351 cum

369 4458 582 4467 ——--.—--—

406 4538 415 4570 Ι
442 4536 499 4582 Eas
509 4537 568 4580 vide
579 4536 604 4580 ln
615 4536 681 4579 Arta
692 4536 862 4585 Sanctorum,
871 4534 888 4577 l.
899 4544 930 4586 c.,
942 4544 966 4575 n.
976 4532 1025 4575 497.

406 4611 418 4643 ¹
444 4610 512 4652 Vide
520 4618 607 4662 supra,
615 4619 674 4661 pag.
685 4608 731 4650 146.
740 4618 763 4649 ιι.
773 4605 821 4649 tta.

404 4684 416 4712 ³
443 4682 510 4724 Vide
520 4690 608 4731 supra,
620 4688 639 4721 t.
650 4690 685 4729 ιιι,
696 4690 756 4732 pag.
768 4678 813 4728 156,
824 4684 911 4721 annot.
923 4678 943 4719 l.

402 4775 414 4805 r
442 4756 465 4799 V
469 4758 508 4799 rde
518 4762 607 4807 supra,
619 4756 637 4793 t.
648 4761 682 4803 tv,
694 4762 754 4804 pag.
764 4750 799 4801 90,
809 4761 834 4792 n.
845 4750 890 4791 iffi.
