3717 5400
773 536 777 539 ,
792 476 856 536 Au.
871 476 949 536 '1535
1429 471 1489 538 703

251 639 344 705 quae
367 622 485 687 omnia
505 620 654 687 libenter
672 619 750 688 Rex
767 616 867 702 ridit3
888 631 923 686 et
946 640 1027 686 curn
1047 623 1169 701 vellet,
1192 622 1273 687 inde
1293 626 1485 690 occasione

253 739 412 812 accepta,
430 731 476 795 ad
491 731 562 794 alia
577 729 756 812 colloquia
769 730 950 811 progredi,
967 728 1054 809 Rex,
1076 730 1136 811 qui
1153 748 1216 794 sua
1236 732 1385 795 vulnera
1400 750 1483 797 con·

253 836 342 919 tin'gi
363 838 516 916 nolebat,
540 836 705 919 expedita
726 834 888 920 quadam
901 837 1040 901 ratione
1061 836 1099 902 P.
1117 836 1315 903 Gonzalum
1335 858 1356 903 a
1375 858 1414 903 se
1433 840 1483 903 di·

254 946 366 1025 misit;
382 957 418 1009 et
433 946 509 1025 ipse
524 946 650 1009 timens
664 962 710 1009 ne
725 944 936 1007 obstinatior
950 944 1167 1022 redderetur,
1186 944 1355 1011 abstinuit
1369 946 1405 1010 in
1420 965 1485 1028 po·

255 1062 389 1117 storum
412 1052 456 1115 ab
477 1050 678 1131 hujusmodi
699 1050 883 1131 colloquiis
902 1058 938 1113 et
959 1050 1113 1130 scriptis.
1135 1049 1288 1115 Tantum
1304 1053 1337 1116 ei
1356 1053 1483 1118 obtulit

254 1159 444 1225 Athanasii
457 1156 675 1238 Symbolum,
692 1156 785 1238 quod
800 1157 850 1219 illi
862 1156 992 1222 falsum
1006 1167 1041 1220 et
1056 1156 1305 1222 detruncatum
1319 1177 1427 1240 penes
1442 1179 1483 1224 se

254 1263 395 1344 habent,
412 1262 604 1347 praecipue
618 1265 678 1328 ubi
693 1264 875 1329 Christum
889 1262 995 1328 Patre
1015 1263 1188 1329 minorem
1209 1266 1404 1331 secundum
1418 1268 1481 1331 hu·

254 1374 462 1437 manitatem
494 1373 639 1451 diceret,
669 1383 816 1454 propter
843 1371 937 1452 quod
970 1372 1037 1452 ipsi
1062 1373 1170 1436 etiam
1192 1371 1258 1437 8.ῑο
1281 1372 1484 1437 Athanasio

254 1479 401 1544 abissini
415 1478 534 1543 infesti
549 1490 642 1543 sunt.
664 1478 873 1543 Obtulerunt
892 1478 999 1542 etiarn
1019 1479 1286 1558 quatuordecim
1304 1482 1363 1544 vel
1383 1482 1481 1562 quin-

255 1586 369 1651 decim
395 1589 587 1665 regnorum
613 1584 827 1650 christianos
850 1583 1032 1667 Principes
1055 1584 1079 1663 ¹,
1107 1586 1211 1649 simui
1229 1604 1309 1651 cum
1329 1582 1483 1669 impera·

251 1703 331 1758 tore
345 1692 517 1773 Romano,
531 1706 565 1756 et
577 1710 684 1773 quam
695 1694 805 1756 multa
815 1692 997 1756 hominurn
1012 1694 1121 1757 miliia
1135 1710 1258 1757 eorum
1272 1695 1419 1775 quisque
1435 1696 1481 1759 ad

251 1800 382 1865 bellum
397 1817 537 1864 armare
555 1808 691 1880 posset,
707 1800 767 1881 qui
788 1816 912 1863 omnes
934 1800 1093 1863 eamdem
1117 1800 1221 1865 fidem
1240 1801 1306 1865 sub
1328 1800 1485 1866 Romani

252 1908 432 1973 Pontificis
447 1908 646 1971 obedientia
660 1907 837 1985 tenebant;
854 1924 921 1971 nec
940 1908 1049 1971 alium
1068 1926 1145 1971 esse
1164 1909 1397 1973 christianum
1411 1908 1482 1973 Re·

252 2032 347 2095 gem,
363 2025 504 2096 praeter
518 2015 649 2094 ipsum,
666 2015 726 2094 qui
746 2024 849 2077 extra
871 2014 1107 2079 obedientiam
1127 2013 1228 2079 Sedis
1250 2016 1484 2097 Apostolicae

252 2123 403 2200 viveret,
420 2123 515 2203 quod
530 2137 748 2201 magnopere
763 2120 898 2200 Regem
916 2120 1058 2201 terruit;
1081 2132 1115 2185 et
1136 2122 1230 2187 misit
1251 2124 1310 2203 qui
1332 2124 1480 2187 interro·

253 2240 376 2309 gasset
391 2228 428 2292 P.
452 2227 650 2292 Gonzalum
663 2245 710 2290 an
725 2230 843 2291 omnia
863 2227 952 2291 haec
973 2229 1043 2292 sint
1062 2245 1165 2309 vera,
1182 2230 1323 2310 quaein
1343 2231 1401 2293 iilo
1423 2248 1483 2295 ca·

251 2338 373 2415 talogo
388 2352 579 2417 regnorum
594 2335 812 2399 dicebantur.

314 2441 403 2507 1958.
445 2442 522 2506 Hoc
542 2452 701 2523 tempore
719 2440 758 2505 P.
779 2430 960 2507 Gonzaius
974 2437 1224 2507 'consessiones
1243 2443 1409 2520 audiebat
1430 2448 1480 2510 lu·

250 2550 458 2629 sitanorum,
474 2551 593 2631 quiex
610 2550 719 2614 variis
733 2549 945 2631 Aethiopiae
961 2550 1047 2615 iocis
1065 2551 1204 2614 adeum
1220 2552 1422 2631 veniebant;
1443 2561 1479 2616 et

250 2658 332 2740 quia
353 2659 484 2725 multae
503 2658 746 2722 restitutiones
769 2656 916 2738 fiebant,
946 2668 1020 2722 tam
1046 2659 1151 2722 multi*
1170 2676 1215 2722 ex
1240 2659 1406 2724 abissinis
1432 2660 1477 2724 ab

249 2765 306 2829 his
331 2776 365 2828 et
391 2767 461 2828 illis
484 2765 679 2846 provinciis
703 2765 893 2830 veniebant
919 2774 957 2830 ut
981 2765 1067 2846 ipsis
1092 2767 1362 2832 restituerentur
1386 2785 1482 2848 quae

248 2873 393 2937 lusitani
407 2875 465 2936 vel
479 2890 603 2936 eorum
622 2872 743 2936 famuli
762 2874 808 2936 ab
829 2873 880 2938 eis
899 2870 1128 2953 acceperant,
1147 2883 1183 2937 ut
1204 2889 1363 2937 summae
1385 2875 1477 2939 aedi-

249 2979 424 3044 ficationis
438 2980 476 3044 in
494 2979 593 3042 curia
617 2978 725 3060 Regis
744 2996 854 3044 causa
875 2988 980 3044 esset.
1003 2981 1048 3044 Et
1067 2979 1381 3045 circumferebatur
1402 2984 1478 3046 nul·

248 3089 321 3152 lum
335 3105 414 3151 esse
428 3088 462 3151 in
479 3086 564 3150 orbe
579 3085 800 3150 sacerdotem
823 3087 905 3151 huic
924 3086 1022 3151 Patri
1044 3086 1204 3151 Gonzalo
1223 3087 1388 3168 similem,
1410 3106 1478 3152 nec

249 3194 405 3276 permitti
430 3204 594 3275 oportere
615 3203 652 3258 ut
672 3211 779 3257 exea
799 3193 984 3257 Curiaille
1005 3194 1202 3258 recederet:
1225 3210 1360 3258 novum
1382 3195 1476 3258 enim

247 3320 394 3384 prorsus
408 3312 486 3365 erat
500 3313 532 3366 et
550 3301 767 3380 inusitatum,
788 3301 838 3364 ita
853 3309 892 3364 ut
913 3303 925 3334 ¹
944 3310 1015 3364 tam
1029 3299 1108 3364 Rex
1123 3301 1198 3381 ipse
1217 3318 1325 3380 quam
1346 3302 1477 3365 caeteri

248 3409 352 3473 valde
361 3399 632 3487 admirarentur,
643 3407 737 3490 quod
749 3425 806 3472 res
814 3408 983 3471 oblivioni
991 3407 1066 3488 jam
1079 3407 1240 3484 traditas,
1252 3407 1338 3471 etde
1350 3408 1477 3491 quibus

248 3519 501 3597 recuperandis
516 3517 658 3580 omnino
674 3516 921 3597 desperabant,
939 3516 1025 3596 ipsis
1041 3517 1322 3579 restituerentur.
1338 3516 1382 3579 Et
1397 3515 1478 3594 ipsi·

192 3690 196 3697 ,
247 3633 319 3687 met
343 3624 487 3687 lusitani
517 3623 716 3687 evocabant
740 3633 814 3687 tam
840 3623 1054 3686 christianos
1078 3639 1186 3702 quam
1207 3639 1415 3702 saracenos
1440 3631 1476 3685 et

247 3748 313 3794 sua
326 3730 396 3794 illis
410 3731 616 3810 reddebant;
632 3740 667 3793 et
681 3731 725 3794 de
739 3747 782 3793 eo
796 3731 913 3807 magis
933 3729 1138 3810 stupebant,
1162 3728 1255 3811 quod
1276 3747 1342 3793 nee
1356 3746 1475 3794 mona·

247 3838 306 3901 chi
324 3838 416 3901 inter
434 3837 664 3914 christianos,
682 3855 747 3900 nec
766 3835 953 3901 chasizes⁸
972 3836 1063 3900 inter
1078 3853 1269 3900 saracenos
1284 3836 1403 3899 ablata
1424 3854 1481 3899 re·

247 3945 393 4008 stituere
405 3942 538 4023 jubent,
555 3961 621 4007 nec
637 3944 730 4024 apud
744 3945 824 4007 illos
839 3945 950 4007 ullum
963 3943 1195 4007 restitutionis
1209 3959 1322 4022 genus
1336 3951 1401 4006 est.

309 4051 397 4114 1959.
441 4051 577 4115 Exacto
591 4068 723 4130 mense,
737 4068 807 4132 quo
817 4049 893 4114 Rex
905 4050 1118 4131 Aethiopiae
1130 4050 1311 4130 expectari
1320 4047 1476 4129 iusserat

244 4175 464 4239 responsum,
481 4159 580 4239 petiit
595 4159 639 4222 ab
654 4177 696 4222 eo
710 4158 915 4223 facultatem
936 4158 1124 4222 recedendi
1139 4157 1177 4222 P.
1195 4156 1390 4234 GonzaluS,
1414 4158 1475 4238 qui
1584 4215 1590 4230 ,

243 4265 333 4329 dixit
347 4283 453 4348 posse
467 4283 548 4330 eum
562 4283 627 4347 pro
642 4283 707 4330 suo
723 4266 895 4330 arbitratu
908 4265 1086 4345 recedere;
1102 4275 1137 4328 et
1148 4264 1242 4346 quod
1254 4265 1300 4328 ad
1311 4264 1477 4330 sacerdo·

282 4509 291 4542 i
319 4508 432 4566 Scilicet,
446 4516 475 4556 ot
491 4521 523 4554 ex
537 4511 704 4566 sequentibus
719 4517 838 4566 apparet:
853 4509 953 4556 Obtulit
969 4509 1034 4565 Regi
1050 4509 1078 4555 P.
1092 4509 1237 4566 Rodriguez
1253 4511 1278 4555 in
1295 4510 1415 4566 catalogo
1433 4509 1477 4553 de·

242 4581 355 4636 scriptos
365 4581 560 4636 quatuordecim
571 4584 614 4627 vei
623 4583 768 4639 quindecim
775 4593 915 4638 regnorum
924 4581 1125 4628 christianornm
1137 4581 1278 4638 Principes.

282 4651 296 4688 ⁸
322 4651 368 4696 iis.
380 4656 414 4708 et,
423 4655 480 4698 loco
492 4657 630 4699 uerborum
639 4656 678 4700 iia
689 4657 728 4698 ut.

283 4722 297 4756 ⁸
323 4722 390 4769 Vide
400 4735 488 4781 snpra,
499 4731 517 4772 t.
528 4736 544 4778 r,
553 4737 614 4781 paz.
625 4725 672 4782 105,
681 4733 769 4774 annot.
779 4727 804 4773 2.
