3717 5400
323 493 387 555 522
736 480 739 486 ’
789 491 906 551 Cuaou
938 489 1015 549 Soc.
1035 489 1105 561 Jns.

371 639 461 704 1426.
503 639 585 719 Ipso
595 636 1309 719 autemdie,quiDivojoannisacererat,
1320 635 1562 715 primumMis

328 765 392 811 sae
412 744 626 811 sacrificium
642 746 688 809 ibi
704 763 725 809 a
741 745 873 808 nostris
884 752 1068 824 peractum
1082 751 1147 820 est,
1163 760 1234 806 non
1249 743 1324 806 sine
1343 742 1489 806 musicis
1509 744 1560 807 io·

323 854 537 919 strumentis
550 862 584 915 et
598 866 705 915 cantu
720 852 850 919 eximio
874 850 894 915 ¹.
916 849 1049 915 Habuit
1064 860 1183 913 autem
1195 849 1404 913 concionem
1418 849 1559 930 religio·

328 978 391 1026 sus
406 962 550 1042 quidam
580 960 724 1026 Ordinis
749 958 1052 1035 Praedicatorum‚
1073 956 1128 1020 vir
1153 956 1315 1021 doctrina
1335 968 1371 1019 et
1385 957 1559 1036 religione

329 1076 516 1151 praestans
531 1067 552 1131 ¹.
570 1068 661 1131 Aliis
676 1075 794 1131 autem
806 1065 1064 1143 recedentibus,
1078 1062 1122 1127 D.
1135 1061 1292 1145 Joannes
1302 1065 1431 1126 multos
1439 1066 1558 1129 convi-

324 1194 397 1241 vas
406 1176 562 1253 retinuit,
573 1176 665 1239 inter
677 1192 765 1256 quos
773 1183 875 1237 erant
886 1173 1044 1253 religiosi
1053 1177 1263 1255 complures
1276 1188 1359 1235 cum
1369 1173 1503 1251 aliquot
1513 1190 1560 1235 ex

328 1284 543 1365 primoribus
558 1282 740 1362 utriusque
754 1280 918 1358 Senatus
935 1280 1062 1360 quibus
1077 1281 1190 1343 nostri
1209 1280 1355 1361 (quippe
1371 1278 1446 1358 jam
1464 1279 1559 1343 domi

329 1391 439 1470 suae),
456 1390 712 1465 ministrarunt,
729 1387 893 1467 quamvis
905 1386 950 1451 D.
966 1386 1123 1469 Joannes
1136 1388 1343 1474 convivium
1354 1398 1557 1467 paraverat.

322 1498 483 1563 'Sublatis
502 1498 646 1574 mensis,
663 1496 790 1560 nobilis
809 1494 954 1575 quidam
975 1493 1183 1558 adolescens
1200 1513 1220 1557 e
1245 1502 1418 1575 suggestu
1442 1494 1561 1573 coepit

326 1605 388 1671 8³¹
406 1605 554 1689 Joannis
569 1603 692 1667 laudes
706 1603 912 1690 decantare.¹
925 1599 1087 1666 Aderant
1102 1610 1137 1665 et
1152 1602 1212 1664 alii
1226 1611 1391 1681 quatuor,
1407 1618 1561 1680 quorum

327 1712 463 1794 primus
478 1709 770 1774 declamatorium
786 1709 904 1773 thema
919 1709 1116 1788 proposuit3
1133 1708 1203 1771 duo
1218 1708 1278 1771 alii
1293 1725 1395 1771 suam
1411 1708 1560 1788 quisque

326 1828 467 1901 partem
482 1818 584 1881 alteri
599 1816 816 1880 contrariam
831 1815 960 1879 validis
975 1815 1172 1879 rationibus
1191 1816 1369 1879 tuebatur.
1390 1814 1558 1894 Quartus

324 1927 387 1990 cui
402 1924 584 2005 judicandi
602 1924 785 2003 negotium
809 1922 925 1985 fuerat
947 1922 1216 2000 demandatum,
1238 1938 1369 2001 graece
1393 1933 1428 1984 et
1448 1921 1559 1985 latine

329 2034 542 2099 sententiam
557 2030 822 2112 pronunciavit;
852 2039 885 2092 et
906 2029 1070 2109 quamvis
1095 2047 1116 2091 a
1143 2029 1303 2108 prandio,
1327 2028 1561 2092 attentissime

328 2152 448 2205 tamen
464 2139 706 2202 adolescentes
717 2137 828 2200 auditi
840 2146 933 2201 sunt.
947 2135 1208 2200 Recedentibus
1220 2146 1338 2200 autem
1350 2136 1560 2216 quibusdam

332 2267 378 2311 ex
390 2246 563 2325 convivis,
577 2244 636 2307 alii
647 2253 854 2307 manserunt
866 2242 1085 2307 comoediam
1098 2243 1302 2323 spectaturi,
1316 2260 1407 2322 quae
1421 2244 1562 2323 vesperi

322 2363 406 2419 erat
421 2353 572 2433 agenda.
599 2350 795 2414 Acolastas
809 2351 869 2413 illa
894 2360 983 2428 erat,
1009 2349 1229 2414 detruncatis
1253 2368 1300 2413 ex
1321 2367 1365 2413 ea
1382 2351 1472 2413 locis
1486 2350 1560 2431 qui-

328 2461 489 2539 busdam,
500 2460 568 2541 piis
577 2459 721 2523 auribus
734 2457 1149 2531 minusaccommodatis;
1163 2475 1232 2537 qua
1245 2459 1281 2521 in
1293 2475 1330 2521 re
1339 2459 1560 2538 cumdisper·

324 2586 391 2633 sus
414 2584 536 2630 rumor
561 2574 665 2642 esset,
690 2564 845 2627 accurrit
873 2564 1059 2628 innumera
1081 2565 1186 2627 turba
1207 2582 1341 2643 eorum,
1367 2565 1427 2645 qui
1452 2565 1563 2629 latine

327 2676 497 2753 sciebaut;
515 2674 601 2736 nihil
613 2690 650 2736 se
662 2671 794 2736 vidisse
807 2688 964 2752 unquam
975 2672 1069 2752 quod
1083 2671 1197 2750 magis
1212 2672 1404 2752 placuisset
1420 2688 1560 2736 asseve-

328 2783 466 2847 rabant.
485 2781 598 2844 Omne
613 2780 706 2843 enim
721 2787 891 2860 punctum
906 2796 949 2841 ea
963 2779 1105 2841 videtur
1119 2779 1253 2842 tulisse.
1271 2777 1438 2858 Singulos
1459 2787 1562 2843 actus

322 2890 554 2971 explicabant
565 2887 741 2967 hispanici
752 2903 890 2965 versus
903 2885 1042 2966 adjecta
1055 2887 1155 2949 brevi
1167 2897 1272 2967 atque
1283 2905 1328 2950 ex
1340 2887 1416 2966 ipsa
1429 2897 1561 2951 renata

326 2996 587 3070 exhortatione,
606 3012 697 3075 quae
712 2993 757 3057 ad
772 3009 889 3056 mores
904 2994 1089 3072 spectabat
1103 2991 1126 3056 ³.

370 3101 459 3166 1427.
504 3101 636 3166 Triduo
655 3113 746 3181 post,
766 3099 969 3165 intermissa
984 3108 1201 3164 revocantur
1216 3101 1344 3180 studia,
1359 3101 1395 3164 in
1410 3118 1512 3180 quae,
1529 3100 1564 3162 si

371 3309 379 3342 ¹
410 3309 456 3352 “El
468 3309 511 3352 dia
521 3307 658 3362 sigulente3
670 3307 771 3350 celebre
782 3316 830 3360 por
840 3305 864 3348 el
874 3304 1032 3350 naclmiento
1042 3305 1084 3348 del
1094 3305 1245 3358 Procurator,
1256 3318 1303 3350 con
1311 3309 1438 3351 elmcsmo
1449 3311 1564 3365 dmayor

326 3371 454 3425 conuulso
464 3381 516 3436 diJ'o
530 3379 595 3423 illisa
605 3380 629 3422 el
639 3377 679 3421 Sr.
689 3377 746 3421 Don
761 3376 850 3431 Juan.„
866 3375 1038 3430 Saumvatlaz,
1049 3377 1067 3420 Ι.
1077 3377 1158 3421 c.-P.
1175 3383 1262 3422 tamen
1277 3377 1370 3422 Petrus
1384 3380 1415 3422 de
1434 3381 1562 3431 Acebedo,

325 3454 388 3497 dum
398 3453 588 3503 hoecenarrau
599 3449 769 3504 qnlsMissam
785 3449 896 3503 primum
910 3448 1086 3493 celebraverit
1097 3460 1147 3492 non
1161 3451 1255 3505 aperit.
1271 3452 1317 3495 Ait
1333 3453 1409 3504 enlm;
1424 3453 1521 3508 “dllose
1536 3455 1564 3498 la

328 3525 431 3575 mlssa„
439 3523 561 3567 Litterae
571 3521 805 3574 Quadrtmestres,
814 3526 875 3564 tom.
887 3530 925 3572 ιιι,
935 3530 996 3573 pag.
1006 3519 1054 3562 626.

369 3593 381 3626 ⁸
407 3595 530 3638 “Predico
545 3605 576 3637 en
591 3595 643 3637 ella
658 3593 734 3647 aquel
748 3602 815 3645 gran
830 3591 962 3645 relialoso,
979 3591 1050 3647 Fray
1061 3590 1144 3635 Pedro
1160 3592 1191 3634 de
1202 3591 1254 3636 San
1269 3592 1344 3646 Juan,
1360 3606 1389 3637 su
1402 3593 1520 3647 (Joannls
1531 3595 1563 3638 de

328 3667 458 3720 Corduba,
470 3665 568 3710 Decanl
578 3672 605 3709 et
616 3665 726 3718 collegii
737 3663 890 3716 fundatoris)
900 3663 1022 3707 eatrecho
1032 3663 1126 3717 amigo,
1138 3664 1264 3708 estimatio
1274 3665 1305 3708 de
1317 3665 1391 3709 todos
1400 3677 1448 3720 por
1460 3679 1503 3710 sus
1511 3678 1565 3711 mu·

324 3739 535 3793 chunprendere„
546 3735 718 3789 Saurrvrlftuz¹
729 3737 747 3779 l.
758 3747 781 3779 c.

369 3809 380 3842 ⁵
407 3810 544 3853 Postrema
559 3808 624 3850 haec
639 3807 781 3860 desumpsit
797 3806 934 3849 Patareus
948 3816 981 3848 ex
995 3805 1083 3849 Patris
1093 3805 1165 3849 Petrl
1175 3805 1207 3849 de
1222 3806 1344 3850 Acebedo
1360 3808 1456 3852 litteris
1470 3809 1508 3852 a*
1518 3808 1564 3853 Se·

330 3881 455 3936 ptembrls
470 3880 546 3934 nulus
560 3878 621 3923 enni
637 3879 705 3922 datie
715 3876 791 3930 (Vlde
806 3877 928 3920 Litterae
942 3875 1173 3929 Quadrimesrres,
1186 3884 1206 3921 t.
1221 3889 1258 3929 ιιι,
1273 3889 1333 3932 pag.
1348 3878 1407 3930 6272.
1424 3879 1522 3924 Verum
1532 3892 1564 3924 ea

322 3954 407 3998 aliter
417 3957 509 3996 narrat
519 3950 690 4002 Sanrrvauez.
701 3951 719 3993 l.
729 3961 762 4002 c..
772 3960 830 4004 cap.
840 3949 874 3992 22.
887 3949 933 3992 Alt
944 3949 1020 3992 enlm:
1035 3948 1082 3993 “El
1097 3955 1198 3993 temate
1213 3951 1245 3994 de
1257 3952 1284 3993 la
1294 3951 1369 3994 tarde
1379 3963 1395 4004 y
1405 3951 1437 3994 de
1449 3953 1476 3996 la
1487 3951 1565 3996 desta

328 4027 371 4070 fut
380 4037 432 4069 una
440 4021 651 4078 representacion
662 4027 676 4066 o
687 4021 810 4074 comedia,
822 4033 870 4076 que
881 4022 998 4065 bleieron
1008 4027 1127 4065 nuestros
1143 4022 1313 4076 estudiantea,
1323 4034 1355 4066 en
1369 4025 1393 4066 el
1408 4031 1564 4078 argumento

328 4111 346 4154 y
356 4097 503 4140 sentencias
513 4102 559 4138 tan
569 4093 704 4146 crlstiana,
715 4105 764 4147 que
775 4097 838 4137 turo
848 4103 926 4137 voces
937 4093 1034 4148 ytruro
1044 4093 1075 4136 de
1085 4103 1197 4136 sermon.
1207 4093 1256 4136 Dlo
1272 4096 1296 4136 el
1307 4103 1462 4148 argumento
1473 4097 1496 4138 el
1510 4095 1565 4151 bijo

329 4168 438 4222 prodigo
447 4167 478 4210 de
490 4169 514 4211 el
523 4167 678 4220 Evangello.
689 4176 737 4210 con
747 4166 853 4209 nombre
864 4165 895 4208 de
906 4163 1025 4211 Liserdo.
1041 4165 1126 4209 Conso
1141 4177 1174 4208 no
1191 4167 1285 4219 vulgar
1297 4167 1462 4211 sentimiento
1477 4179 1510 4211 en
1526 4170 1566 4212 los

330 4240 429 4286 animos
440 4240 470 4282 de
482 4241 520 4283 los
528 4245 643 4296 oyentes,
654 4250 671 4295 y
682 4249 710 4281 se
721 4237 852 4288 sipuleron
863 4239 879 4280 t
889 4243 944 4281 este
954 4237 1158 4281 reformacioner
1168 4248 1200 4281 no
1211 4237 1352 4292 esperadas
1362 4249 1394 4281 en
1404 4239 1526 4284 bombres
1533 4241 1565 4283 de

330 4311 472 4364 estragnda
482 4310 552 4363 vlda,
563 4310 685 4364 prodigos
695 4315 769 4352 antes
781 4308 822 4351 del
832 4307 926 4352 candal
942 4308 973 4351 de
983 4309 1010 4352 la
1024 4309 1123 4362 gracia.
1136 4307 1207 4352 Doro
1219 4315 1274 4353 tres
1287 4310 1368 4353 horas
1382 4317 1437 4354 este
1452 4322 1565 4365 sermon;

324 4393 379 4437 ¹que
389 4383 428 4426 los
438 4393 485 4436 que
496 4382 592 4425 bablan
603 4393 650 4425 con
660 4382 698 4424 los
708 4381 772 4434 ojos,
781 4391 864 4424 nuncu
872 4380 1026 4435 parecleron
1034 4382 1131 4434 largos.
1138 4379 1193 4424 Fue
1200 4392 1251 4424 uno
1259 4393 1276 4434 ,v
1284 4387 1342 4425 otro
1350 4381 1425 4434 (baec
1432 4384 1566 4427 comoedia

324 4461 356 4499 et
366 4454 523 4509 praecedens
535 4453 629 4504 oratio)
639 4453 745 4496 desvelo
755 4465 773 4509 y
782 4453 903 4496 arencion
915 4452 946 4494 de
956 4453 1033 4506 aquel
1043 4463 1111 4506 gran
1126 4462 1240 4496 maestro
1251 4455 1274 4497 el
1286 4454 1314 4497 P.
1326 4453 1409 4497 Pedro
1425 4454 1456 4496 de
1467 4455 1568 4499 Acebo-

330 4527 373 4580 do,
382 4537 430 4579 que
442 4527 466 4569 lo
476 4536 525 4578 que
539 4513 657 4568 escondl‘o
668 4525 709 4567 del
722 4526 822 4568 talento
837 4523 869 4566 de
884 4523 1007 4578 predicar
1021 4534 1068 4578 por
1084 4527 1141 4566 rods
1156 4525 1310 4568 escondeme
1326 4537 1343 4580 y
1358 4525 1519 4579 humberse,
1534 4538 1565 4569 en

325 4601 401 4641 ortos
410 4596 649 4640 entretenimlentoa
660 4607 676 4651 y
687 4595 821 4650 eierclclos
831 4595 862 4638 de
872 4596 956 4638 letrau
966 4595 1044 4638 hecla
1056 4596 1122 4639 luclr
1133 4606 1180 4639 con
1190 4597 1361 4640 marevillosa
1373 4597 1492 4641 destreza
1504 4609 1521 4651 y
1532 4600 1568 4643 te·
1594 4598 1604 4612 ‘

325 4669 424 4714 lioldad
434 4679 465 4712 en
480 4669 557 4712 saber
572 4677 648 4712 sacar
662 4667 861 4722 aprovecbados
876 4667 915 4710 los
932 4671 1050 4723 oyeutes.
1061 4667 1100 4711 No
1118 4668 1281 4712 descensave
1294 4669 1326 4712 de
1339 4673 1399 4713 otta
1413 4680 1521 4714 manera
1534 4683 1567 4714 su

324 4746 407 4786 santo
418 4743 497 4792 celo„
