3717 5400
805 475 870 538 Au.
893 477 963 537 1555
1444 479 1505 548 6127:

331 623 418 688 1671.
462 624 562 704 Tres,
579 625 639 705 qui
654 624 795 690 venturi
813 633 916 690 erant
931 642 978 689 ex
992 623 1146 690 Castella
1163 623 1184 704 ¹,
1204 633 1349 706 propter
1365 625 1500 698 imbres

265 731 422 798 nondum
437 749 480 796 eo
494 741 747 814 pervenerant;
762 741 887 812 postea
902 741 1089 812 venerunt,
1105 731 1241 796 scilicet
1261 731 1299 795 P.
1316 731 1495 796 Gonzalez

268 838 401 918 Abula,
431 836 469 902 P.
486 839 725 920 Hieronymus
751 838 894 904 Cuenca
913 837 1134 919 Methymna,
1154 847 1189 902 et
1206 837 1363 920 Joannes
1376 837 1501 920 Lopez

267 945 467 1027 Compluto,
484 963 607 1010 omnes
622 945 779 1027 theologi
790 952 813 1005 ¹.
1005 1027 1012 1038 Ι

331 1052 420 1116 1672.
467 1053 506 1118 In
535 1051 753 1132 Portugallia
783 1065 901 1117 autem
929 1054 1064 1119 electus
1091 1052 1157 1116 luit
1185 1051 1223 1116 P.
1246 1049 1432 1121 Antonius,
1452 1053 1500 1118 de

269 1157 446 1240 Quadros,
472 1161 601 1240 viginti
626 1171 763 1242 septem
783 1177 896 1225 annos
915 1170 1033 1239 natuS,
1060 1161 1178 1225 sedin
1203 1163 1384 1241 theologia
1407 1161 1502 1233 bene
1607 1195 1611 1198 ·

267 1266 394 1330 doctus
409 1277 443 1330 et
457 1284 590 1348 magna
605 1268 736 1332 virtute
756 1268 949 1349 praeditus.
965 1265 1150 1333 Secundus
1169 1267 1339 1333 sacerdos
1352 1267 1497 1348 quidam
1523 1345 1527 1351 1

266 1374 409 1438 nomine
430 1373 639 1438 Emmanuel
664 1373 887 1454 Fernandez,
915 1374 976 1455 qui
1000 1375 1141 1438 Eborae
1166 1375 1345 1439 admissus
1365 1374 1496 1452 suerat,

265 1479 340 1544 lere
355 1480 593 1561 quadraginta
608 1499 722 1548 annos
736 1491 852 1560 natus,
869 1480 975 1545 valde
989 1490 1155 1546 versatus
1169 1481 1206 1545 in
1220 1481 1351 1546 divinis
1373 1480 1501 1554 officiis

267 1595 302 1650 et
317 1587 550 1654 caeremoniis
564 1588 818 1653 ecclesiasticis
828 1586 852 1652 ⁸.
876 1587 1020 1653 Tertius
1032 1597 1110 1652 erat
1124 1588 1237 1652 laicus
1252 1589 1408 1670 quidam,
1423 1606 1499 1652 non

267 1695 417 1774 ignarus
443 1695 574 1760 latinae
599 1695 753 1776 linguae,
781 1697 841 1777 qui
870 1696 906 1760 in
934 1695 1103 1760 docendis
1124 1695 1245 1776 pueris
1264 1695 1439 1778 orphanis
1462 1705 1500 1760 et

267 1801 434 1880 regendis
449 1820 487 1866 se
502 1811 724 1880 exercuerat,
740 1801 924 1867 Paschalis
935 1802 1089 1880 nomine,
1107 1804 1253 1866 natione
1271 1804 1499 1882 catalaunos,

268 1909 314 1974 ad
328 1909 568 1974 sacerdotium
582 1911 703 1974 statim
717 1908 982 2000 promovendus
991 1907 1014 1972 ⁴.
1032 1909 1184 1989 Quidam
1198 1910 1309 1987 alius„
1328 1910 1388 1990 qui
1413 1908 1500 1978 car-

268 2014 380 2080 dinali
393 2015 522 2080 Infanti
536 2017 721 2094 servierat,
742 2017 883 2080 nomine
898 2015 1076 2082 Antonius
1090 2016 1134 2079 de
1149 2016 1296 2094 Acosta,
1320 2017 1357 2081 in
1375 2017 1501 2082 latinis

267 2122 395 2187 litteris
405 2134 440 2187 et
456 2123 597 2186 casibus
612 2123 853 2187 conscientiae
868 2131 1060 2203 utcumque
1072 2131 1248 2201 versatus,
1260 2131 1297 2188 et
1310 2123 1347 2188 in
1359 2124 1498 2188 musica

266 2230 412 2311 peritus,
425 2232 504 2312 pius
518 2231 648 2310 alioqui
660 2240 695 2294 et
707 2232 819 2296 bonus
830 2230 897 2308 vir,
911 2229 980 2294 hac
992 2211 1182 2295 occasione
1192 2240 1402 2321 commotus,
1418 2231 1497 2295 mit·

267 2337 455 2404 tentorum
470 2337 604 2402 scilicet
619 2337 655 2400 in
678 2336 918 2418 Aethiopiam,
941 2337 978 2400 in
998 2335 1212 2408 Societatem
1226 2337 1376 2417 admitti,
1393 2346 1440 2413 et,
1463 2339 1496 2402 si

267 2443 343 2508 fieri
358 2454 508 2524 poterat,
526 2463 606 2508 curn
618 2445 696 2508 aliis
711 2443 786 2524 jam
805 2443 909 2510 dictis
936 2444 1028 2509 mitti
1042 2442 1054 2475 ¹
1069 2444 1282 2525 postulabat,
1305 2455 1340 2508 et
1360 2445 1413 2513 illi
1432 2443 1498 2509 Pa·

267 2559 339 2618 tres
353 2551 506 2622 adhunc
522 2551 726 2616 missionem
741 2550 908 2616 destinati
926 2566 1147 2632 magnopere
1171 2550 1206 2614 id
1230 2551 1437 2632 cupiebant3
1461 2561 1500 2616 et

266 2658 328 2738 ita,
352 2668 493 2740 praeter
516 2659 703 2724 duodecim
726 2659 784 2723 hic
809 2651 916 2723 etiam
941 2658 1119 2723 admissus
1145 2667 1209 2738 est,
1231 2667 1270 2724 ut
1294 2659 1388 2726 bona
1414 2675 1500 2725 cum

267 2766 372 2831 venia
388 2765 497 2848 Regis
508 2768 544 2830 in
559 2767 786 2848 Aethiopiam
801 2766 1010 2831 mitteretur.

330 2873 418 2939 1673.
461 2873 751 2955 Expectabantur
764 2890 851 2953 ergo
862 2874 898 2936 in
911 2872 987 2937 dies
998 2872 1155 2942 Litterae
1170 2873 1400 2955 Apostolicae
1414 2891 1498 2955 pro-

267 2991 346 3064 pter
361 2980 591 3046 Patriarchae
606 2991 640 3045 et
655 2980 807 3045 duorum
820 2981 1079 3061 Episcoporum
1094 2990 1201 3062 atque
1219 2999 1366 3050 suorum
1391 2980 1497 3049 coad-

262 3088 421 3169 jutorum
435 3084 665 3168 dignitates⁸3
687 3098 722 3152 et
738 3088 821 3169 quia
840 3086 914 3168 jam
934 3087 1150 3151 Februarius
1173 3089 1307 3153 mensis
1327 3089 1499 3170 procede-

266 3198 338 3275 bat,
354 3197 479 3261 timere
494 3195 710 3276 incipiebant
720 3213 765 3259 ne
780 3195 985 3259 consecrari
999 3203 1144 3273 possent
1159 3204 1242 3258 ante
1257 3205 1408 3276 tempus
1425 3214 1500 3276 quo

266 3305 393 3369 classis
408 3303 443 3368 in
458 3302 595 3367 Indiam
609 3303 826 3383 navigatura
837 3312 926 3367 erat.
940 3303 1043 3385 Quod
1054 3306 1086 3369 si
1096 3304 1253 3369 Litterae
1265 3302 1501 3384 Apostolicae

204 3402 207 3409 ’
268 3430 341 3477 non
355 3412 538 3475 venissent
553 3421 635 3474 ante
650 3420 790 3491 tempus
801 3411 1046 3491 navigationis
1065 3412 1280 3492 praedictae,
1305 3409 1499 3491 putabatur

270 3518 350 3583 Rex
378 3518 452 3598 ejus
479 3518 674 3583 sententiae
702 3517 857 3596 futurus,
883 3528 921 3582 ut
947 3516 1158 3584 Patriarcha
1185 3518 1395 3597 designatus
1416 3532 1500 3584 cum

266 3626 452 3707 Episcopis
466 3627 503 3689 in
520 3624 735 3705 Portugallia
751 3634 927 3703 maneret,
945 3625 1110 3705 quamvis
1124 3625 1184 3688 alii
1209 3622 1436 3701 recederent;
1460 3632 1496 3695 et

267 3732 317 3797 ita
331 3732 405 3797 fere
421 3732 561 3812 accidit;
578 3748 658 3795 nam
679 3730 717 3796 P.
733 3731 891 3814 Joannes
905 3730 1053 3811 Nugnez
1067 3748 1150 3797 cum
1166 3731 1273 3795 Patre
1292 3730 1443 3799 Andrea,
1452 3730 1498 3793 de

267 3838 416 3919 Oviedo,
433 3839 642 3919 comprima
657 3838 714 3901 die
735 3838 888 3919 Aprilis,
909 3855 978 3918 qua
1001 3838 1127 3901 classis
1150 3837 1316 3915 recessit,
1338 3836 1500 3901 Litterae

306 4084 321 4117 ⁸·
346 4080 413 4125 Vide
423 4092 512 4135 cupra.
522 4092 581 4135 pac.
591 4080 640 4134 515,
652 4094 676 4125 o.
688 4082 748 4127 1192.

304 4152 317 4187 ¹
343 4152 433 4199 Mallus
448 4152 514 4197 haec
530 4152 662 4204 intelliges
675 4152 720 4199 sic:
736 4153 850 4205 scilicet,
866 4162 899 4197 ex
913 4152 980 4195 urbe
995 4151 1085 4199 Arata
1093 4150 1123 4196 Ρ.
1134 4150 1430 4204 Andraearssonuom,
1443 4151 1502 4198 Ile·

263 4223 377 4279 thamara
394 4224 423 4267 P.
441 4222 625 4279 Hieronymus
649 4223 761 4275 Caraca,
777 4226 803 4269 et
821 4222 959 4278 Complura
974 4221 1097 4277 Joonm
1112 4223 1267 4280 alphonsus
1286 4223 1384 4279 Lopaen,
1404 4233 1501 4269 omnes

264 4296 386 4349 rhetori.

303 4366 315 4401 Ι
344 4366 410 4411 Vide
420 4378 508 4422 snpra.
518 4378 577 4422 pag.
592 4368 640 4419 57⁶.
651 4380 676 4413 n.
688 4368 741 4412 1558
750 4376 776 4413 et
786 4374 876 4413 annot.
885 4368 907 4411 A

303 4440 315 4472 ⁴
342 4438 431 4483 Verba
443 4440 508 4483 haec
518 4451 534 4483 ι
545 4450 607 4483 voce
619 4440 761 4485 Paschalr‘s
772 4441 854 4484 textui
866 4438 976 4484 inseruit
986 4451 1064 4485 maon
1074 4439 1183 4494 propria
1191 4438 1329 4485 Potamon.

304 4510 315 4543 ⁵
343 4510 389 4553 Mo.
400 4510 480 4554 habet
491 4512 610 4562 admitti,
618 4512 683 4565 qnod
694 4512 797 4566 quidem
807 4522 857 4555 oon
866 4512 969 4556 omnino
979 4512 1047 4556 male
1057 4516 1110 4555 ert.

304 4580 317 4615 ⁰
344 4582 399 4627 Hoc
411 4587 465 4626 est:
476 4582 690 4637 Expectabaotur
701 4586 727 4629 ln
737 4584 792 4629 dieo
806 4584 913 4629 lltterao
922 4583 1100 4638 Apostollcae.
1116 4583 1209 4637 qulbus
1224 4581 1336 4629 facultas
1345 4582 1500 4628 afontllico

265 4653 339 4701 derat
352 4654 386 4698 ad
401 4654 583 4709 Episcopnlem
598 4654 753 4709 dlgoitntem
766 4655 934 4709 promovendi
950 4663 1006 4700 tom
1020 4654 1214 4709 Potrtarcnam,
1225 4660 1281 4699 tam
1293 4654 1361 4699 alio·
1372 4653 1436 4700 door
1448 4654 1499 4699 Ρι-

265 4725 399 4771 triarchae
411 4736 582 4771 successoren.
