3717 5400
349 423 402 482 132
803 423 931 481 Cultor.
953 422 1029 480 Soc.
1049 423 1120 494 Jas.

402 572 474 636 373.
516 571 671 636 Ducissa
684 571 763 651 ipsa
777 569 917 634 infesto
933 569 1198 650 Assumptionis
1213 570 1251 634 B.
1265 569 1426 650 Virginis
1441 581 1476 636 et
1488 589 1581 636 con*

343 681 438 744 sessa
452 687 523 758 est,
544 689 579 742 et
594 678 819 742 sanctissimo
839 675 1086 741 Eucharistiae
1106 688 1330 742 sacramento
1350 677 1494 742 reiecta.
1517 679 1546 744 F
1549 681 1582 743 i··

343 789 412 851 liae
426 786 538 852 Ducis
553 786 668 848 eidem
681 784 780 849 Patri
794 783 982 848 Pelletario
998 782 1183 847 confessae
1197 794 1290 864 sunt;
1308 793 1413 866 atque
1435 785 1577 853 eisdem.

343 903 378 957 et
392 911 517 958 earum
529 893 644 970 fratri,
658 892 703 956 D.
720 891 881 972 Aloysio,
897 899 934 954 et
948 890 1061 954 Ducis
1075 890 1239 954 Herculis
1258 892 1390 971 sorori,
1406 910 1488 956 cum
1511 893 1574 956 do-

343 1001 500 1064 mesticis
525 998 747 1077 mulieribuS,
772 1007 915 1078 postero
941 999 997 1061 die
1022 997 1283 1062 sanctissimam
1307 999 1578 1068 Eucharistiam.

342 1108 574 1186 ministravit,
600 1106 803 1187 eisdemque
828 1105 923 1186 apud
950 1106 1205 1169 monasterium
1233 1106 1499 1186 religiosarum,
1525 1107 1578 1170 de·

344 1231 414 1294 quo
428 1231 522 1278 anno
537 1213 712 1295 superiori
725 1213 870 1276 memini
886 1210 907 1292 ¹,
922 1213 1155 1275 concionatus
1169 1223 1234 1290 est;
1251 1223 1285 1274 et
1299 1229 1381 1276 cum
1395 1212 1439 1276 de
1452 1215 1579 1292 gratia.

340 1321 485 1401 jubilaei
500 1331 677 1399 ageretur,
694 1319 921 1385 occasionem
936 1319 979 1382 de
994 1319 1224 1398 indulgentiis
1235 1318 1431 1382 disserendi
1442 1337 1576 1400 oppor·-

342 1441 465 1494 tunam
479 1429 613 1492 habuit.

399 1535 470 1599 374.
513 1533 674 1614 Quatuor
702 1534 908 1598 sacerdotes
936 1533 1200 1597 confessionum
1220 1534 1329 1597 messi
1347 1533 1576 1612 colligendae·

339 1641 499 1706 sufficere
518 1660 590 1706 non
605 1652 781 1723 poterant.
805 1641 900 1704 Inter
918 1642 1024 1718 alios,
1041 1641 1186 1720 quidam
1200 1640 1417 1704 accedebant
1438 1639 1483 1702 ad
1505 1658 1551 1705 no

339 1761 445 1828 stros,
461 1768 550 1830 quos
564 1749 699 1829 proprii
713 1759 875 1829 pastores
887 1747 1009 1812 audire
1021 1749 1199 1827 nolebant;
1213 1747 1322 1829 aliqui
1332 1766 1354 1810 a
1365 1748 1468 1828 lupis
1482 1749 1565 1811 hae·

338 1857 459 1921 reticis
470 1856 616 1934 scilicet,
629 1855 813 1935 exagitati;
828 1857 918 1918 inter
931 1855 1030 1934 alioS,
1043 1855 1172 1918 nobilis
1183 1855 1339 1935 quidam,
1356 1855 1416 1935 qui
1428 1873 1449 1918 a
1462 1864 1569 1918 recto

338 1966 464 2030 itinere
483 1965 680 2027 catholicae
699 1962 782 2026 fidei
799 1962 991 2026 deflexerat
1018 1971 1053 2026 et
1072 1960 1177 2044 [cum]
1203 1963 1240 2025 in
1263 1961 1441 2025 haeresim
1460 1961 1564 2025 simul

337 2090 420 2137 cum
434 2073 513 2136 aliis
526 2071 633 2150 vitiis,
650 2079 688 2134 ut
703 2072 851 2148 assolet,
873 2070 1067 2145 incidisset,
1090 2069 1231 2132 Patrem
1250 2067 1476 2132 Pelletarium
1497 2067 1572 2132 Re·-

338 2189 472 2244 ctorem
497 2179 625 2256 adivit,
647 2189 681 2241 et
700 2178 744 2240 ab
764 2195 806 2240 eo
827 2187 1057 2256 peccatorum
1077 2177 1334 2240 absolutionem
1355 2177 1564 2257 postulavit..

337 2287 427 2350 Cum
441 2296 559 2350 autem
574 2285 649 2366 ejus
663 2287 814 2348 salutem
828 2283 958 2346 Rector
977 2301 1084 2364 quam
1105 2283 1259 2347 maxime
1279 2293 1439 2364 cuperet,
1462 2292 1562 2347 tanta

337 2394 580 2458 consolatione
595 2404 630 2455 et
645 2393 754 2455 animi
767 2391 901 2455 laetitia
920 2390 1102 2471 perfusum
1116 2389 1250 2454 remisit
1270 2391 1431 2469 domurn,
1453 2399 1492 2454 ut
1512 2391 1569 2453 ia-·

336 2502 402 2564 cile
416 2501 508 2564 ineo
523 2501 580 2563 vis
594 2500 737 2563 divinae
750 2499 890 2579 gratiae
905 2500 1056 2576 luceret,
1079 2508 1113 2561 et
1128 2499 1239 2562 vitam
1259 2515 1400 2560 omnem
1414 2499 1480 2560 sub
1501 2517 1560 2561 ve·

333 2608 418 2672 xillo
432 2616 579 2670 sanctae
601 2606 784 2669 Romanae
804 2605 986 2669 Ecclesiae
1006 2605 1204 2683 transigere
1225 2606 1367 2668 omnino
1388 2605 1558 2683 decrevit,

333 2727 369 2779 et
383 2715 491 2778 libros
506 2715 677 2794 plurimos
691 2713 949 2778 comburendos
970 2713 1083 2776 eidem
1099 2714 1230 2791 attulit,
1254 2712 1399 2793 egregie
1419 2730 1562 2793 compa·

333 2831 426 2900 ctos,
451 2823 514 2885 sed
538 2821 745 2885 haeresibus
772 2820 1039 2899 foetidissimos;
1070 2829 1104 2883 et
1133 2804 1360 2883 observatum
1386 2819 1555 2900 estquod

330 2929 506 3009 quaedam
520 2946 565 2991 ex
579 2925 780 3007 hujusmodi
791 2927 972 2989 volumina
988 2944 1051 3005 per
1065 2927 1240 3005 integram
1254 2926 1329 2991 fere
1340 2927 1465 2990 horam
1476 2944 1563 2991 cum·

329 3037 367 3099 in
379 3036 531 3099 flammis
546 3045 676 3112 essent,
692 3035 846 3098 cremari
859 3052 930 3096 non
949 3033 1171 3107 videbantur,
1189 3046 1226 3097 ut
1247 3035 1424 3097 nonnullis
1439 3036 1556 3098 visum

328 3142 435 3207 fuerit
449 3143 544 3223 quod
558 3142 702 3222 spiritus
717 3143 774 3205 ille
789 3158 953 3221 nequam,
970 3142 1030 3220 qui
1044 3140 1089 3203 ad
1104 3158 1146 3203 ea
1161 3140 1379 3204 lucubranda
1394 3141 1567 3207 doctores,

329 3251 560 3330 compulerat,
581 3249 629 3311 ibi
647 3250 785 3326 lateret;
811 3245 873 3310 sed
892 3248 1036 3310 tandem
1061 3248 1178 3309 omnia
1199 3247 1381 3311 combusta
1401 3248 1555 3311 inerunt.

330 3356 482 3436 Aliquae
496 3356 604 3418 etiam
618 3354 793 3433 mulieres,
810 3371 900 3435 quae
915 3354 1040 3417 eodem
1059 3353 1182 3417 morbo
1197 3354 1355 3417 haeresis
1375 3355 1566 3418 laborare-1

330 3471 413 3526 rant
426 3463 666 3542 compluribus
681 3461 795 3538 annia,
812 3479 874 3542 per
896 3472 1160 3525 sacramentum
1180 3460 1413 3525 confessionis
1432 3462 1551 3525 Eccle-

331 3569 406 3633 siae
424 3569 609 3633 restitutae
627 3569 720 3631 sunt.
741 3567 821 3631 Una
846 3585 981 3642 earum,
1008 3585 1097 3647 quae
1122 3577 1203 3630 octo
1230 3585 1344 3631 annos
1369 3579 1553 3632 erraverat

329 3686 432 3741 extra
440 3675 571 3739 Christi
580 3675 683 3750 ovile,
698 3674 956 3737 confessionem
968 3674 1193 3755 frequentare
1204 3676 1319 3754 coepit
1333 3692 1413 3737 cum
1425 3692 1556 3757 magna

329 3782 439 3847 animi
454 3784 510 3845 sui
524 3782 777 3845 consolatione.

385 3889 456 3952 375.
499 3889 657 3953 Fuerunt
671 3899 705 3951 et
720 3890 877 3952 nonnulli
893 3907 938 3953 ex
954 3890 1008 3952 his
1022 3890 1293 3968 poenitentibus,
1307 3891 1365 3971 qui
1380 3891 1549 3970 plurimos

328 4015 442 4061 annos
456 3998 500 4060 ab
516 3998 585 4060 hoc
599 4007 823 4059 sacramento
843 3998 1099 4060 abstinuerant.
1122 3996 1275 4076 Quidam
1295 3998 1385 4060 inter
1401 3999 1489 4060 alios
1500 3996 1559 4077 jn.

327 4105 430 4168 venis
444 4103 679 4167 concubinam
694 4122 739 4166 ex
754 4105 829 4167 suis
843 4104 988 4167 aedibus
1008 4104 1226 4182 deturbavit,
1244 4106 1299 4168 cui
1320 4106 1471 4168 triennio
1493 4104 1552 4167 ad·

327 4212 505 4275 haeserat.
521 4210 647 4273 Mulier
661 4222 780 4273 autem
794 4210 969 4289 quaedam
981 4211 1127 4274 recessit
1139 4229 1159 4274 a
1172 4210 1355 4288 cuiusdam
1367 4221 1559 4274 consuetu*

327 4315 408 4401 dine
423 4329 458 4379 et
473 4315 746 4393 cohabitatione,
763 4334 845 4379 cum
858 4333 927 4396 quo
943 4335 1006 4397 per
1020 4318 1241 4397 septennium
1257 4320 1440 4381 inhoneste
1456 4319 1551 4381 vixe-

325 4434 394 4488 rat.
420 4423 455 4487 A
473 4422 784 4502 superstitionibus
802 4424 904 4487 multi
924 4424 1103 4502 revocati,
1121 4426 1179 4505 qui
1201 4426 1382 4488 chartulas
1402 4426 1437 4488 in
1459 4426 1554 4489 collo

366 4668 374 4698 ¹
404 4662 475 4705 Tom.
485 4674 521 4716 tv,
533 4674 593 4716 pag.
603 4661 638 4716 70,
649 4674 673 4705 n.
684 4662 728 4715 125,
741 4670 766 4705 ct
775 4674 834 4717 pag.
845 4664 879 4717 ii,
891 4674 915 4707 n.
929 4662 974 4705 ta).
