3717 5400
767 489 831 548 nn.
852 489 922 548 1555
1135 453 1140 460 ’
1438 488 1495 550 53

261 637 358 700 511151
371 635 484 716 jussit.
502 635 546 698 Et
565 635 668 698 iacile
690 633 860 698 haeretici
881 632 1120 696 observabant
1141 642 1312 713 quantum
1331 633 1490 712 ipsorum

261 745 448 808 conatibus
463 744 649 806 obsisteret
664 741 833 805 Societas
851 741 895 804 Et
911 740 986 804 iere
1003 758 1125 803 omnes
1141 741 1304 804 dicebant
1326 758 1416 820 pene
1437 753 1495 804 to·

262 861 336 915 tam
350 851 474 914 urbem
489 849 730 913 Viennensem
744 849 968 911 lutheranam
983 848 1084 910 brevi
1098 848 1270 924 futuram,
1287 847 1318 909 si
1333 847 1489 911 ministe-

264 959 357 1022 rium
371 956 560 1021 Societatis
575 965 720 1019 nostrae
735 956 831 1034 ipsos
845 972 916 1018 nou
932 954 1151 1034 impedisset.

323 1065 394 1128 754.
439 1064 541 1144 Quod
566 1063 610 1126 ad
635 1063 752 1143 ipsum
771 1061 967 1140 Collegium
991 1060 1192 1125 Viennense
1213 1063 1354 1139 attinet,
1376 1063 1494 1142 probi·

264 1173 338 1236 buit
352 1190 396 1235 ne
412 1171 525 1234 nostri
539 1169 685 1233 Missam
700 1179 896 1246 cantarent;
913 1178 959 1244 et,
972 1185 1016 1230 ne
1032 1167 1227 1233 offenderet
1245 1169 1335 1232 haec
1346 1169 1495 1233 mutatio

263 1280 498 1361 quorumdam
513 1278 661 1354 animoa,
678 1287 716 1340 ut
731 1277 903 1355 eligerent
917 1277 1056 1355 aliquos
1071 1295 1115 1338 ex
1130 1274 1364 1351 scholasticis
1377 1277 1438 1356 qui
1451 1293 1496 1340 eo

265 1403 411 1452 munere
426 1385 659 1464 iungerentur
677 1383 698 1446 ¹.

325 1494 397 1556 755.
440 1491 573 1556 Eodem
586 1491 653 1567 die,
666 1509 735 1571 quo
749 1489 926 1555 Viennam
937 1499 1085 1555 venerat
1098 1491 1135 1553 Ρ.
1147 1489 1295 1566 Ν515115,
1306 1491 1499 1554 55551555·

266 1609 323 1666 tor
338 1602 395 1665 ilie
409 1600 620 1675 haereticus
639 1601 681 1662 de
696 1617 766 1679 quo
781 1599 944 1677 superius
968 1599 1062 1661 iacta
1085 1607 1138 1660 est
1158 1599 1290 1660 mentio
1310 1595 1334 1672 ¹,
1353 1597 1494 1662 Vienna

267 1707 425 1784 recessit;
442 1707 537 1787 quod
552 1707 778 1769 occasionem
799 1705 894 1769 dedit
914 1705 1092 1768 scribendi
1112 1705 1217 1767 alicui
1238 1706 1295 1779 (ut
1314 1704 1495 1768 Cardiuali

269 1813 481 1894 Augustano
496 1813 645 1876 Romam
661 1813 832 1892 scriptum
846 1810 911 1888 est)
928 1812 1217 1874 concionatorem
1231 1812 1328 1875 illum
1351 1829 1372 1874 a
1391 1809 1499 1874 Patre

271 1919 390 1985 Natali
405 1920 545 1984 Vienna
561 1921 747 1999 expulsum
762 1935 840 1982 esse
855 1917 877 1980 ³.

330 2027 401 2091 756.
444 2027 631 2090 Aliocutus
642 2025 783 2106 quidem
796 2025 910 2088 iuerat
922 2023 1500 2104 RegemRomanorumP.Natalis

271 2151 314 2198 55
328 2135 372 2198 55
387 2152 425 2197 15
436 2131 459 2209 ’ς
473 2134 535 2196 555
548 2143 692 2214 propter
703 2133 893 2196 conciones
905 2133 1017 2212 ipsius
1032 2131 1069 2194 Ρ.
1087 2132 1220 2195 Canisii
1231 2141 1356 2195 contra
1367 2131 1496 2212 ipsum,

311 2437 320 2471 t
349 2437 415 2481 Vide
426 2448 514 2492 supra,
524 2443 542 2480 t.
551 2448 587 2488 rr,
597 2446 659 2491 pag.
669 2436 716 2490 251,
726 2436 809 2480 5518.

312 2511 323 2544 ¹
350 2509 416 2564 Pag.
426 2509 474 2560 661,
485 2521 509 2552 n.
520 2507 569 2552 2311.

310 2582 322 2615 ⁸
349 2579 398 2625 Hic
409 2580 536 2624 Polancus
545 2577 655 2632 corrigit
666 2590 731 2634 quae
744 2579 769 2622 17
778 2579 845 2632 Junii
855 2579 932 2634 hujus
942 2580 1002 2622 anni
1017 2580 1070 2623 1555
1077 2580 1151 2634 jussu
1166 2580 1262 2634 ignatii
1271 2581 1414 2635 scripserat
1423 2579 1497 2625 Patri

272 2652 436 2699 Emmanueli
446 2652 541 2707 Lopez,
552 2651 659 2705 collegii
676 2649 701 2693 S.
718 2650 740 2703 J.
757 2652 940 2706 complutensis
955 2651 1426 2707 11551511(651155558511115515,
1441 2658 1461 2696 t.
1476 2665 1505 2705 v,

272 2736 297 2781 p.
306 2726 365 2779 2211,
376 2736 492 2779 quaeque
503 2724 644 2767 afferuntur
656 2735 672 2766 a
682 2722 895 2778 Baaurtsaeaoaa,
906 2725 922 2767 1.
936 2736 967 2777 c.,
979 2734 1036 2777 pag.
1044 2723 1095 2767 732.
1108 2722 1161 2767 “En
1171 2724 1256 2768 Viena
1267 2736 1294 2767 se
1310 2725 1345 2769 ba
1359 2724 1441 2769 herbo
1451 2737 1503 2769 555

272 2809 334 2843 cosa
343 2808 391 2852 por
400 2808 430 2841 su
440 2796 538 2851 (Patris
548 2794 659 2849 Natalis)
670 2796 761 2849 medio,
773 2807 821 2849 que
833 2807 864 2839 en
874 2807 941 2851 gran
956 2807 1063 2841 manera
1079 2808 1126 2841 uos
1140 2798 1175 2840 ha
1192 2798 1330 2841 consolatio
1343 2798 1453 2851 (uunque
1469 2810 1504 2842 no

273 2875 389 2914 tenemus
401 2870 483 2913 letras
494 2868 535 2911 551
545 2878 649 2915 555155.
661 2877 724 2921 pero
734 2869 758 2910 el
769 2866 898 2911 Cardenal
909 2868 941 2911 de
956 2868 1076 2921 Augusta
1090 2870 1131 2912 155
1141 2870 1209 2912 11555
1221 2868 1251 2911 55
1266 2869 1313 2912 555
1326 2867 1436 2926 partes),
1446 2882 1465 2926 y
1474 2881 1503 2913 es

274 2954 322 2998 que
333 2942 357 2985 el
367 2942 423 2997 Rey
433 2939 611 2984 Maximiliano
621 2938 692 2982 15515
702 2950 735 2981 un
746 2939 906 2993 predicador,
917 2940 1020 2993 aqnlen
1030 2941 1122 2983 mucho
1133 2941 1274 2990 lavorecia,
1284 2953 1302 2996 y
1313 2951 1360 2983 era
1373 2942 1505 2997 iuterano,

272 3014 440 3071 ypredicaba
450 3012 642 3066 publicamente
652 3012 678 3054 15
689 3010 806 3054 55511155
818 3013 881 3055 151...
894 3011 985 3056 Abora
995 3013 1162 3056 entendemos
1172 3024 1220 3066 que
1231 3024 1260 3055 se
1272 3013 1307 3055 ira
1317 3012 1410 3056 habido
1421 3013 1452 3057 ds
1463 3014 1503 3057 tal

273 3096 381 3130 manera
390 3085 414 3127 ei
426 3084 454 3126 P.
464 3082 540 3127 11115.
551 3081 644 3133 115551,
655 3094 704 3136 qne
714 3084 737 3125 el
749 3082 903 3137 predicador
913 3083 949 3127 ba
959 3084 1000 3126 ido
1010 3083 1130 3139 huyendo
1140 3096 1157 3139 y
1169 3095 1216 3127 con
1226 3084 1326 3138 peligro
1337 3084 1368 3127 de
1378 3096 1407 3127 su
1417 3084 1505 3137 vida„

312 3156 428 3200 Videant
437 3155 479 3198 bic
489 3154 612 3198 sublimes
622 3154 659 3197 lili
669 3153 767 3205 critiri,
777 3154 808 3197 de
819 3154 910 3208 quibus
921 3155 1036 3198 nonnihil
1046 3166 1133 3209 supra,
1145 3162 1205 3199 115.
1214 3166 1275 3208 pag.
1283 3154 1318 3204 112,
1328 3156 1353 3198 15
1360 3156 1507 3199 555515115-

273 3228 349 3273 5555
359 3228 470 3282 paginae
481 3227 578 3269 calcem
590 3226 724 3279 conquesti
734 3235 829 3279 sumus,
843 3226 960 3280 videant,
976 3227 1089 3280 inquam,
1102 3238 1179 3281 quam
1192 3225 1301 3276 sincere.
1311 3238 1388 3281 quam
1402 3226 1504 3281 integre

273 3300 416 3344 veritatem
425 3304 558 3341 sectentur
568 3296 682 3351 nihilque
691 3297 740 3341 nisi
754 3308 845 3341 rerum
860 3299 946 3342 dicere
960 3304 1086 3353 satagant
1100 3298 1219 3342 historici
1233 3299 1357 3351 jesuitae.
1369 3298 1503 3343 Potascus

276 3368 378 3425 quidem
388 3370 413 3413 in
423 3369 455 3413 iis
465 3368 528 3423 ipsis
538 3368 643 3421 litteris,
660 3369 686 3411 15
702 3369 793 3422 quibus
809 3380 873 3423 rem,
890 3381 968 3424 quam
984 3370 1053 3413 baud
1070 3380 1162 3413 veram
1175 3381 1231 3413 esse
1243 3374 1335 3424 postea
1349 3369 1434 3413 visum
1453 3377 1506 3421 est,

275 3447 391 3493 5551151,
403 3440 487 3485 155155
496 3440 637 3494 prudenter
646 3440 731 3493 aperit
741 3450 755 3482 e
766 3441 857 3495 quibus
868 3452 926 3485 eam
933 3441 1069 3496 55515511,-
1079 3453 1112 3484 no
1119 3444 1239 3484 tenemus
1248 3441 1334 3483 latras
1343 3440 1387 3483 del
1395 3450 1507 3494 mesmo,

274 3518 341 3568 pero
351 3512 376 3555 ei
387 3511 520 3555 Cardena}
530 3510 564 3553 de
575 3510 697 3559 Augusta
708 3512 752 3554 ias
765 3512 838 3554 tiene
852 3512 944 3556 1151155
954 3516 1059 3565 partes.
1074 3513 1223 3556 Verebatur
1239 3512 1351 3556 tortasse
1367 3520 1504 3557 emunctae

276 3584 433 3628 5511511555
444 3582 604 3636 hominisque
616 3582 776 3636 integerrimi
787 3584 944 3628 secretarius
953 3596 986 3627 ne
996 3585 1090 3638 aliquis
1100 3585 1141 3628 hic
1152 3586 1249 3627 lateret
1259 3594 1340 3637 error3
1351 3594 1426 3637 quem
1436 3592 1508 3638 post-

276 3665 354 3711 quam
364 3653 541 3708 deprehendit,
549 3654 711 3697 occasionem
721 3654 815 3708 arripit
825 3666 883 3699 555
892 3656 1041 3709 corrigendi
1053 3656 1212 3710 corrigitque
1222 3655 1266 3697 bic
1276 3655 1302 3699 ln
1313 3654 1446 3698 Chronico.
1457 3653 1507 3699 Oa·

277 3737 403 3771 5511511155
412 3736 484 3777 vero,
496 3725 537 3769 cui
548 3730 606 3768 erat
616 3736 680 3779 prae
689 3725 808 3769 manibus
819 3726 975 3777 chronicon,
988 3727 1094 3771 Polanci
1108 3729 1192 3770 verba
1206 3725 1326 3769 immutat
1340 3727 1450 3780 quidem,
1461 3728 1506 3771 sed

277 3797 434 3842 sententiam
445 3796 559 3851 perfecte
569 3803 668 3840 servat.
681 3796 749 3849 “Quo
760 3798 800 3840 515
810 3797 933 3850 1Ν515115)
943 3800 1040 3851 attigit.
1050 3810 1080 3843 eo
1096 3800 1136 3841 die
1146 3798 1240 3841 nobilis
1250 3797 1355 3852 quidam
1368 3798 1504 3842 concione·

277 3876 321 3915 tor
330 3869 465 3922 abscessit,
476 3868 519 3923 qui
530 3874 556 3911 et
569 3869 623 3912 suis
633 3877 659 3912 et
670 3869 762 3912 alienis
771 3869 852 3913 fultus
861 3872 952 3924 opibus
961 3881 1045 3925 praua
1055 3872 1178 3924 dogmata
1188 3870 1278 3923 libere,
1292 3870 1445 3923 impuneque
1455 3870 1494 3914 dis
1501 3892 1511 3903 ·

277 3941 446 3993 seminabam„
455 3939 527 3983 Hisi.
539 3940 565 3983 S.
575 3939 611 3993 ].,
619 3948 688 3995 part.
700 3952 716 3993 1,
727 3942 771 3985 lib.
782 3952 826 3994 xv,
837 3953 862 3985 n.
872 3941 905 3986 115
918 3941 1061 3986 Succurras
1072 3943 1176 3986 tandem
1186 3952 1236 3984 non
1246 3940 1367 3984 Natalem
1377 3942 1422 3984 sed
1432 3940 1509 3986 Cani·

278 4014 344 4059 5155
354 4012 413 4056 huic
424 4010 565 4063 Pbausero,
576 4019 642 4055 5155
652 4012 715 4065 iuga
726 4013 847 4067 eriperet.
864 4013 980 4057 1555555
994 4014 1072 4058 inisse
1083 4014 1196 4058 5151551
1206 4014 1282 4069 (quod
1296 4022 1323 4058 et
1337 4013 1401 4057 iacit
1416 4012 1514 4056 Potan-

279 4094 324 4129 cua
333 4084 410 4137 inira,
419 4093 445 4125 5.
455 4085 527 4137 seq),
538 4082 786 4138 affirmationemque
795 4095 869 4128 suam
883 4084 986 4129 Natalis
1002 4086 1082 4139 ipsius
1093 4085 1239 4129 testimonio
1253 4084 1336 4128 fulcit.
1350 4084 1508 4129 “Plurimum

278 4166 341 4201 acer
350 4156 393 4199 ille
404 4165 484 4197 verae
494 4154 579 4198 155515
589 4155 743 4199 5551155151
753 4155 878 4209 (Natalis)
888 4158 1033 4201 delectatus
1042 4165 1082 4200 est
1093 4158 1199 4210 virtute,
1210 4157 1388 4211 industriaque
1397 4156 1504 4211 esnisia

279 4237 354 4281 quem
364 4228 442 4269 beato
459 4224 562 4279 ignatio
579 4225 723 4279 dilaudans,
741 4227 796 4271 eius
806 4229 946 4283 praecipue
956 4229 1053 4272 iactum
1071 4230 1202 4273 laboribus
1219 4240 1265 4284 per
1275 4240 1319 4272 eos
1329 4229 1398 4283 ipsos
1413 4227 1468 4272 dies
1482 4234 1509 4271 et

279 4297 444 4342 concionibus
454 4302 554 4350 narrat,
565 4304 594 4340 ut
602 4299 760 4352 praenobilis
768 4305 794 4341 et
804 4299 937 4352 gratiosus
945 4300 1119 4354 concionator,
1130 4300 1173 4354 qui
1181 4308 1207 4343 et
1217 4307 1374 4354 prouocatus
1381 4300 1414 4343 ad
1425 4298 1509 4353 dispu-

279 4370 406 4413 tationem
415 4374 481 4415 erat.
491 4378 540 4411 non
550 4378 629 4412 ausus
638 4370 769 4422 congredi,
786 4372 923 4424 repentina
933 4372 995 4425 iuga
1006 4384 1033 4415 se
1048 4372 1169 4426 eriperem
1178 4373 1245 4417 unde
1256 4379 1282 4416 et
1297 4383 1390 4425 magno
1407 4371 1508 4416 Vienna

281 4441 396 4496 periculo
406 4432 520 4483 liberata
530 4446 608 4493 erat„
626 4440 666 4483 De
676 4442 733 4484 5115
745 4441 856 4495 Canisir',
866 4454 926 4497 pag.
946 4442 1070 4488 lou-Sed
1080 4445 1111 4487 de
1126 4444 1168 4487 bis
1176 4446 1253 4498 plura
1264 4444 1289 4488 in
1298 4443 1373 4487 Nova
1382 4445 1454 4487 serie
1463 4444 1509 4487 111·

281 4516 404 4557 terarum
415 4512 510 4555 Sancti
518 4512 622 4565 Ignara
630 4518 657 4555 51
667 4512 693 4557 15
702 4515 800 4559 11115115
810 4515 897 4559 Patris
913 4514 1024 4569 Natalis,
1040 4528 1113 4569 quas,
1123 4516 1179 4559 Deo
1194 4517 1298 4560 volente
1308 4516 1499 4570 adiuvanteque

285 4584 399 4629 edemus.

324 4657 337 4690 ⁴
364 4654 865 4711 ι*Νο15555515511115151555(1115555151
880 4662 1002 4717 Angusta
1018 4663 1128 4713 venisse,
1142 4659 1185 4704 ubi
1200 4659 1379 4705 Ferdinandus
1396 4671 1441 4704 rex
1451 4665 1512 4704 tunc

216 4770 219 4775 .
286 4728 447 4781 morabatur,
458 4726 489 4771 de
500 4726 632 4774 Phansero
641 4731 762 4782 graviter
772 4731 944 4788 indignatus„
955 4734 1168 4786 Barousssacan,
1179 4735 1196 4777 l.
1206 4744 1239 4785 5.,
1249 4744 1309 4787 pag.
1320 4734 1369 4777 732.

433 4814 471 4871 T.
488 4834 516 4871 v.
1351 4824 1381 4878 18
