3717 5400
783 489 846 547 Au.
868 491 939 550 1555
1423 483 1477 548 lli>

247 627 337 701 Tres
351 643 470 701 autern
484 623 547 700 aiii
560 634 709 717 juvenes
730 638 788 698 vel
803 645 955 716 quatuor
981 637 1093 699 bonae
1109 635 1252 715 indolis,
1276 635 1344 700 hoc
1357 635 1475 716 ipsum

249 745 390 824 facturi,
416 749 627 824 responsum
654 741 693 805 Ρ.
722 741 851 823 Ignatii
879 744 1132 824 expectabant,
1162 761 1312 824 quorum
1339 761 1423 825 pars
1454 763 1476 808 a

249 852 287 916 P.
313 851 462 917 Andrea
484 849 737 930 Bonainsegna
762 847 903 914 Christo
928 851 1082 914 Domino
1111 851 1222 930 geniti
1250 849 1400 915 fuerant.
1428 851 1473 916 Et

250 978 332 1025 cum
349 957 388 1023 Ρ.
408 959 569 1039 ignatius
584 955 744 1038 juvenes,
762 957 875 1041 (inter,
893 974 982 1038 quos
1003 959 1081 1020 erat
1099 955 1244 1022 Gabriel
1261 957 1423 1036 Bisolius,
1441 969 1476 1022 et

248 1057 368 1132 Lelius
379 1065 455 1145 eius
465 1061 575 1130 irater
593 1061 624 1144 ¹),
642 1065 725 1128 alibi
739 1066 857 1145 excipi
871 1075 906 1127 et
916 1081 989 1128 non
1003 1064 1094 1129 mitti
1105 1060 1256 1128 Romam
1268 1067 1475 1146 censuisset,

250 1176 441 1238 molestum
454 1171 644 1237 admodum
658 1171 815 1253 utrisque
830 1189 876 1236 ex
889 1169 945 1235 his
960 1170 1124 1236 Patribus
1143 1171 1155 1202 ¹¹
1175 1171 1211 1234 id
1230 1172 1425 1250 accidebat,
1442 1185 1479 1238 et
1571 1191 1574 1197 ’

250 1289 316 1345 nec
341 1279 387 1345 ad
411 1298 473 1344 eos
498 1279 643 1343 alendos
669 1297 735 1343 nec
760 1279 805 1343 ad
830 1279 1031 1358 probandos
1057 1279 1245 1359 collegiola
1269 1281 1329 1342 illa
1350 1281 1477 1346 idonea

250 1397 363 1453 erant.
379 1387 425 1450 Et
439 1389 491 1450 sic
505 1388 649 1451 tandem
664 1387 761 1451 Patri
776 1386 915 1467 ignatio
929 1386 1064 1466 placuit
1079 1396 1116 1450 ut
1130 1384 1282 1450 Romam
1300 1388 1477 1467 venirent,

250 1495 415 1576 quamvis
434 1493 686 1558 anconitanum
708 1493 942 1572 sacerdotem,
960 1504 996 1556 ut
1015 1494 1202 1572 perutilem
1221 1493 1287 1557 sibi
1308 1490 1477 1574 futurum,

251 1594 291 1667 P.
307 1601 516 1666 Pelletarius
530 1601 719 1665 Ferrariae
735 1601 888 1663 retinere
904 1601 1054 1681 optavit.

312 1704 382 1772 363.
426 1702 577 1788 Quidam
593 1707 701 1771 etiam
719 1707 900 1784 sacerdos,
920 1705 1073 1771 Sanctus
1092 1709 1245 1787 nomine,
1268 1709 1327 1788 qui
1348 1711 1479 1789 puella-

252 1829 333 1880 rum
357 1815 600 1897 orphanarum
624 1829 747 1878 curam
771 1823 951 1894 gesserat,
976 1814 1152 1878 admissus
1177 1824 1241 1894 est,
1264 1813 1337 1895 jam
1362 1825 1478 1880 aetate

252 1923 467 2006 provectior.
484 1920 566 1985 Fuit
582 1933 616 1984 et
631 1921 755 1985 doctor
775 1920 919 2001 quidam
937 1921 1104 2000 medicuS,
1129 1921 1338 1986 Vincentius
1357 1921 1480 2003 Capri-

253 2031 297 2094 lis
311 2031 453 2094 nomine
468 2027 490 2106 ⁸,
508 2029 564 2091 vir
579 2026 683 2092 valde
698 2028 811 2091 bonus
827 2046 869 2091 ac
883 2028 974 2107 pius,
992 2029 1098 2109 quiin
1118 2038 1235 2092 aetate
1256 2047 1346 2109 pene
1361 2028 1479 2094 decre·

256 2139 331 2220 pila
346 2153 385 2201 se
399 2133 694 2199 totum'Societati
707 2136 792 2198 dare
804 2136 977 2216 cupiebat,
991 2135 1098 2198 immo
1108 2135 1229 2216 sejam
1239 2134 1479 2201 dedicaverat.

258 2243 328 2309 Sed
353 2261 434 2308 cum
459 2241 533 2321 ejus
558 2253 658 2305 aetas
681 2259 753 2304 non
777 2242 958 2305 videretur
984 2242 1029 2306 ad
1053 2243 1259 2323 religiosum
1283 2243 1481 2308 institutum

258 2351 396 2429 idonea,
413 2351 528 2413 bonae
542 2349 736 2413 voluntatis
749 2366 836 2412 suae
852 2350 978 2414 merito
993 2349 1059 2414 fuit
1073 2358 1271 2426 contentus
1294 2359 1328 2414 et
1342 2368 1410 2431 quo
1421 2368 1481 2432 po·

256 2463 348 2522 terat
363 2455 479 2535 mod0,
494 2457 529 2520 in
549 2456 656 2520 rebus
679 2456 814 2518 scilicet
839 2457 929 2520 artis
953 2457 1161 2535 medicinae,
1188 2455 1357 2521 Societati
1370 2457 1481 2521 inser·

254 2567 387 2630 vicbat.

315 2670 386 2737 364.
429 2671 531 2737 Initio
546 2669 651 2751 hujus
665 2671 749 2735 anni
767 2679 915 2751 rogatus
939 2671 1004 2735 fuit
1028 2671 1067 2736 P.
1093 2670 1250 2753 Joannes
1274 2670 1481 2736 Pelletarius

257 2791 295 2844 ut
323 2781 361 2843 in
388 2779 584 2843 cathedrali
608 2779 740 2857 templo
773 2778 978 2843 ferrariensi
1000 2780 1272 2866 concionaretur
1301 2780 1482 2859 usquead

257 2886 588 2967 Quadragesimam;
600 2903 684 2949 nam
699 2884 775 2965 jam
794 2886 1025 2950 concionator
1042 2886 1186 2967 quidam
1205 2886 1302 2965 (cum
1321 2903 1392 2949 non
1407 2903 1483 2967 spe·

256 3002 378 3057 rarent
392 2993 550 3058 obtinere
564 3008 681 3074 posse,
694 3002 733 3055 ut
744 2992 811 3072 ipsi
827 2994 1009 3074 optabant)
1026 2993 1071 3055 ad
1083 2991 1386 3072 Quadragesimae
1399 3004 1484 3057 tem·

257 3108 324 3181 pus
339 3099 557 3164 adventurus
571 3109 659 3162 erat.
679 3098 759 3179 lpso
774 3117 860 3179 ergo
883 3100 940 3162 die
959 3097 1178 3179 Epiphaniae
1198 3101 1403 3163 concionari
1421 3118 1481 3180 ag·

258 3224 404 3288 gressus
418 3215 483 3286 est;
499 3216 534 3268 et
558 3222 640 3268 cum
663 3204 707 3268 de
723 3202 864 3269 Christo
879 3204 1093 3286 quaerendo,
1121 3206 1334 3269 inveniendo
1350 3214 1384 3269 et
1399 3206 1480 3271 ado·

256 3309 370 3379 raudo
385 3322 419 3377 et
434 3312 478 3376 de
492 3312 697 3376 muneribus
711 3313 745 3375 ei
758 3310 946 3375 offerendis
962 3312 1198 3387 disseruisset,
1216 3330 1324 3393 supra
1344 3330 1484 3379 omnem

257 3420 541 3501 expectationem
550 3420 695 3499 placuit,
712 3434 793 3482 cum
807 3418 880 3482 fere
896 3419 966 3482 duo
992 3419 1193 3482 auditorum
1219 3420 1327 3484 millia
1341 3421 1484 3484 habuis·

257 3541 323 3591 set.
340 3525 463 3591 Voluit
477 3536 596 3589 autem
610 3524 779 3588 Vicarius
793 3535 831 3588 ut
846 3525 952 3588 etiam
967 3525 1044 3606 ipso
1060 3520 1115 3588 die
1131 3525 1190 3590 ga
1209 3525 1458 3607 christophori
1473 3525 1487 3558 ⁸

260 3636 544 3711 concionaretur,
561 3642 596 3696 et
616 3631 763 3712 jubilaei
786 3631 940 3713 gratiam
966 3635 1222 3713 promulgaret.
1249 3634 1303 3713 Et,
1323 3643 1361 3697 ut
1386 3651 1485 3713 spem

259 3744 371 3805 tot'am
386 3742 422 3803 in
436 3737 629 3803 Dominum
643 3736 857 3817 conjecerat,
874 3739 924 3801 ita
940 3740 984 3803 ab
999 3741 1076 3820 ipso
1093 3738 1235 3819 adjutus
1249 3750 1313 3817 est,
1328 3750 1362 3804 et
1372 3742 1488 3804 crevit

238 3901 242 3907 .
260 3846 336 3928 eJ'us
350 3847 566 3912 auditorium
576 3846 623 3909 ad
636 3845 705 3908 tria
719 3846 841 3922 millia,
854 3856 892 3908 ut
906 3844 1086 3911 ferebatur
1100 3844 1123 3907 ⁸.

301 4162 311 4195 ¹
338 4149 507 4214 V'lde‘suprt,
515 4165 534 4203 t.
547 4170 572 4212 n,
583 4172 644 4215 pag.
654 4155 703 4212 454,
715 4167 803 4203 annot.
816 4162 836 4213 1,
844 4167 871 4203 et
882 4168 900 4204 t.
912 4170 949 4214 iv,
960 4171 1020 4213 pag.
1031 4158 1064 4207 90.
1076 4172 1099 4203 n.
1111 4160 1157 4204 165.

299 4234 311 4265 ¹
337 4232 453 4285 Scilicet,
462 4232 535 4276 Patri
545 4230 636 4284 Jounnl
647 4231 797 4283 Pelletario,
808 4230 987 4275 Ferrariensls
998 4229 1107 4286 collegii
1119 4230 1234 4287 Rectori,
1243 4239 1269 4277 et
1279 4232 1353 4277 Patri
1366 4232 1489 4281 Auum

259 4301 449 4357 Bonalnsegna,
460 4300 503 4357 qul
514 4303 649 4356 argentae
660 4302 795 4357 colleglolo
805 4308 937 4355 praeerat.

298 4376 311 4409 ⁸
337 4374 442 4426 Eorum.
457 4374 501 4430 qul
516 4372 704 4419 Universitarrs
722 4372 900 4417 Ferrarlensis
914 4374 1090 4419 testimonium
1104 4375 1130 4418 in
1146 4374 1284 4421 Societatis
1304 4377 1421 4421 favorem
1434 4376 1489 4422 20.⁸

262 4448 362 4503 aprilis
370 4448 447 4502 huius
458 4446 518 4491 anni
528 4446 673 4503 signarunt,
683 4458 756 4497 unus,
767 4452 794 4489 et
804 4446 906 4499 quidem
915 4446 1028 4491 secundo
1038 4448 1095 4491 loco
1108 4448 1262 4503 nominatus,
1277 4450 1324 4493 luit
1338 4449 1491 4494 Vincentius

260 4519 384 4576 Caprius.
399 4516 466 4562 Vide
474 4511 541 4563 Acta
552 4517 721 4571 Sanctorum,
730 4530 817 4561 mense
827 4518 904 4571 Jullo,
916 4525 935 4562 t.
946 4530 992 4567 vu.
1004 4526 1072 4573 part.
1083 4530 1112 4571 rr,
1122 4532 1149 4563 n.
1162 4520 1214 4565 1194.

299 4592 312 4625 ⁴
337 4586 388 4635 23!
397 4590 528 4643 Januarli?
538 4584 605 4635 Vide
617 4588 682 4635 Acta
695 4590 865 4641 Sanctorum,
874 4598 891 4633 t.
904 4603 930 4639 ιι,
941 4592 974 4635 ad
985 4592 1052 4635 hunc
1063 4592 1139 4636 diem.

301 4662 314 4698 ὅ
340 4654 550 4718 “Del‘predlcare
560 4665 629 4707 della
639 4660 670 4707 R.
680 4661 713 4708 V.
723 4666 748 4707 al
760 4663 841 4706 Domo
850 4665 871 4707 ci
882 4664 1042 4717 rallegramo
1051 4666 1079 4709 in
1091 4665 1206 4709 Domino
1213 4666 1261 4709 che
1270 4668 1332 4720 pigli
1341 4674 1414 4711 tanto
1424 4669 1492 4711 huon

262 4734 356 4788 animo,
366 4733 544 4779 confidendool
553 4735 580 4778 in
589 4735 657 4778 colnl
669 4734 717 4778 che
727 4734 837 4787 linguas
848 4727 998 4788 insontium
1009 4734 1082 4790 sacar
1092 4737 1235 4780 dissertas.
1247 4739 1270 4779 Α
1282 4739 1315 4780 lui
1323 4738 1424 4792 piaccia
1437 4738 1492 4781 lure

371 4821 409 4879 Τ.
427 4840 455 4881 v.
1333 4842 1350 4897 9
