3717 5400
319 533 323 550 Ι
360 467 399 528 90
819 468 946 530 Cuaou.
967 469 1044 529 Soc.
1064 471 1134 544 Jas.

362 616 479 695 magis
493 626 595 680 erant
609 616 825 680 necessaria.
840 615 879 679 In
894 614 1138 696 spiritualibus
1152 616 1260 680 etiam
1278 617 1378 681 libris
1392 633 1430 680 se
1450 633 1592 680 exerce·

364 723 461 801 bant,
477 723 540 786 sed
556 720 664 803 [quia]
679 723 851 802 paulatim
866 721 946 786 libri
959 722 1083 786 haberi
1101 732 1281 803 poterant,
1310 724 1363 788 eis
1387 724 1500 787 nostri
1518 732 1592 787 ute·

361 830 491 894 bantur
506 838 540 892 et
553 847 624 894 non
640 828 808 892 inutiliter
823 827 931 892 etiam
945 836 1084 909 tempus
1099 828 1135 892 in
1145 828 1213 891 hac
1225 839 1327 910 parte
1340 830 1590 894 humaniorum

361 936 560 1002 litterarum
575 937 831 1003 contriverunt.
847 935 951 1001 Duae
965 944 1090 1016 postea
1103 934 1292 1001 facultates
1306 950 1497 1018 susceptae
1517 936 1590 1001 fue·

361 1052 444 1107 runt
457 1043 656 1125 hujusmodi
670 1045 881 1109 litterarum.

421 1149 492 1214 228.
535 1150 758 1216 Adveniente
773 1161 892 1216 autem
907 1150 1190 1231 Quadragesima
1211 1151 1434 1215 intermissae
1448 1151 1590 1215 fuerunt

362 1257 535 1338 usquead
553 1259 698 1339 pascha,
721 1258 816 1339 quod
835 1258 957 1322 clerici
976 1259 1012 1321 in
1037 1258 1168 1322 divinis
1196 1257 1321 1322 officiis
1345 1259 1450 1322 valde
1470 1267 1590 1321 essent

360 1363 537 1445 occupati.
559 1363 792 1443 Rogaverunt
816 1365 924 1428 etiam
949 1364 1113 1428 canonici
1131 1357 1170 1429 ut
1189 1380 1304 1445 usque
1324 1364 1370 1427 ad
1391 1364 1485 1428 idem
1505 1371 1589 1426 tem·

362 1488 429 1551 pus
442 1471 612 1534 lectiones
633 1471 739 1535 etiam
759 1489 907 1536 casuum
926 1471 1166 1535 conscientiae
1186 1470 1428 1548 differrentur3
1450 1470 1514 1534 sed
1532 1487 1589 1533 eo·

362 1578 442 1642 dem
470 1587 628 1660 tempore
654 1579 869 1643 christianae
898 1579 1085 1643 doctrinae
1108 1578 1213 1642 lectio
1242 1577 1308 1641 luit
1335 1577 1540 1640 intermissa
1566 1595 1589 1640 a

361 1683 399 1748 P.
426 1684 618 1765 Raphaele,
641 1702 686 1748 ne
707 1685 969 1749 confessionum
990 1684 1179 1764 occupatio
1200 1684 1328 1762 ingens
1349 1693 1489 1765 tempus
1510 1683 1589 1747 aliis

364 1791 431 1872 piis
445 1791 684 1856 functionibus
706 1792 888 1856 adimeret.
908 1789 1064 1871 Singulis
1083 1791 1206 1854 diebus
1230 1790 1368 1854 feriatis
1392 1789 1431 1853 P.
1454 1790 1588 1854 Monto-

363 1915 410 1978 ya
427 1897 448 1978 ¹,
466 1899 526 1981 qui
540 1900 608 1963 hoc
623 1909 791 1963 autumno
810 1900 1002 1963 Lauretum
1024 1915 1105 1961 cum
1128 1898 1208 1961 aliis
1228 1898 1351 1961 multis
1369 1897 1500 1961 missus
1520 1908 1585 1978 est,

358 2004 544 2068 lectionem
560 2023 709 2069 casuum
722 2006 963 2069 conscientiae
978 2005 1116 2085 publice
1130 2005 1359 2085 praelegebat
1373 2004 1410 2068 in
1424 2005 1587 2084 ecclesia,

358 2112 548 2193 etquidem
563 2130 644 2176 cum
659 2112 901 2176 satisfactione
916 2111 1129 2190 auditorum,
1144 2112 1228 2175 licet
1238 2112 1403 2176 canonici
1413 2129 1458 2175 ne
1470 2111 1516 2174 ad
1527 2112 1588 2176 ho·

359 2236 436 2282 ram
455 2219 632 2298 integram
646 2219 751 2283 lectio
775 2219 1048 2299 produceretur,
1075 2218 1138 2282 sed
1162 2227 1302 2282 tantum
1320 2219 1368 2283 ad
1390 2228 1463 2282 tres
1484 2235 1588 2298 quar·

360 2334 418 2388 tos
434 2323 446 2358 ³
467 2326 595 2406 horae,
616 2327 861 2408 impetrarunt.
886 2326 977 2390 Aliis
991 2327 1120 2407 quippe
1135 2325 1427 2406 occupationibus
1442 2323 1590 2388 distine-

360 2432 500 2496 bantur.

419 2539 490 2602 229.
534 2537 663 2604 Schola
678 2549 796 2604 autern
810 2540 1009 2604 litterarum
1028 2540 1280 2603 humaniorum
1300 2540 1337 2602 in
1358 2549 1432 2602 tres
1452 2539 1589 2603 classes
1610 2607 1612 2610 ,

358 2653 436 2709 erat
451 2644 654 2727 distributa;
670 2647 734 2711 sed
748 2655 867 2712 tamen
880 2646 956 2711 fere
971 2647 1084 2711 nostri
1098 2646 1165 2711 soli
1176 2647 1358 2711 auditores
1368 2655 1483 2725 erant;
1497 2657 1533 2710 et
1544 2663 1586 2711 eo

358 2753 474 2832 magis
498 2752 741 2834 proficiebant;
762 2754 1059 2835 disputationibus
1079 2754 1187 2817 etiam
1208 2762 1244 2817 et
1269 2752 1586 2834 compositionibus

355 2876 456 2923 more
471 2858 663 2924 Societatis
676 2870 846 2925 consueto
860 2878 899 2924 se
914 2860 1140 2940 exercebant3
1157 2868 1192 2923 et
1213 2860 1279 2924 15.ο
1293 2876 1432 2939 quoque
1447 2858 1503 2924 die
1521 2860 1587 2922 ali·

356 2966 434 3046 quis
448 2984 571 3030 eorum
587 2967 765 3047 publicam
779 2968 974 3031 orationem
990 2967 1137 3031 latinam
1150 2967 1317 3045 habebat,
1339 2982 1431 3047 quae
1454 2965 1500 3029 ad
1521 2966 1586 3030 ali·

355 3090 462 3154 quam
480 3075 649 3137 virtutem
672 3074 891 3154 sectandam,
919 3075 977 3137 vel
1002 3073 1048 3135 ad
1063 3073 1205 3154 aliquod
1229 3073 1354 3137 vitium
1374 3072 1582 3153 fugiendum

355 3182 616 3245 commovebat.

416 3287 486 3351 230.
530 3288 764 3352 Concesserat
776 3291 883 3353 etiam
895 3287 932 3351 P.
944 3288 1115 3367 Ignatius,
1129 3298 1258 3367 rogatu
1266 3287 1536 3366 Gubernatoris
1551 3298 1587 3351 et

355 3393 401 3456 ad
416 3395 527 3475 ipsius
542 3393 704 3459 Rectoris
719 3396 1011 3473 consolationem,
1024 3392 1086 3476 [ut]
1098 3395 1203 3458 lectio
1218 3394 1336 3475 aliqua
1347 3392 1480 3459 Sacrae
1490 3393 1585 3459 Scri·

356 3510 481 3580 pturae
496 3503 685 3581 legeretur,
702 3511 737 3565 et
751 3504 801 3566 ita
815 3502 971 3583 priorem
990 3502 1177 3581 epistolam
1192 3500 1292 3565 Pauli
1312 3500 1358 3564 ad
1378 3500 1583 3565 Corinthios

355 3606 449 3670 idem
463 3606 596 3671 Rector
610 3608 859 3689 explicandam
878 3609 946 3673 hoc
962 3619 1133 3673 autumno
1147 3608 1320 3688 suscepit;
1340 3617 1375 3671 et
1394 3606 1585 3673 dominicis

354 3731 398 3777 ac
419 3714 518 3778 sestis
543 3714 667 3778 diebus
691 3725 772 3796 post
798 3716 1040 3795 vespertinum
1065 3713 1234 3794 officium,
1261 3731 1341 3778 cum
1366 3714 1584 3779 audientium

355 3820 485 3898 fructu,
501 3822 690 3886 lectionem
701 3821 795 3885 hanc
810 3832 863 3886 est
878 3830 1126 3903 prosequutus

413 3926 483 3991 231.
529 3927 786 4008 cumprimum
800 3929 913 3993 nostri
934 3929 1127 3992 Lauretum
1148 3938 1394 4006 accesserunt,
1415 3928 1581 4007 cupiebat

354 4034 580 4098 Gubernator
605 4046 642 4099 ut
668 4037 847 4100 communi
868 4052 950 4099 cum
968 4035 1151 4098 canonicis
1170 4035 1358 4098 refectorio
1378 4036 1491 4099 nostri
1511 4045 1584 4099 ute·

352 4150 475 4204 rentur
490 4139 513 4205 ²:
530 4141 592 4205 sed
609 4160 691 4207 cum
705 4143 826 4206 varias
845 4158 923 4205 esse
939 4142 1099 4206 rationes
1118 4140 1249 4205 Rector
1270 4142 1302 4205 ei
1324 4143 1580 4223 proposuisset,

353 4248 480 4327 quibus
494 4249 530 4312 id
545 4250 688 4313 minime
702 4250 895 4313 convenire
910 4248 1015 4313 facile
1030 4248 1293 4326 ostendebatur,
1310 4250 1378 4313 illis
1399 4248 1503 4313 facile
1525 4267 1584 4313 ac·
1603 4246 1608 4254 '

353 4355 498 4435 quievit.
522 4355 601 4419 Non
621 4355 731 4419 defuit
752 4368 871 4419 tamen
894 4357 983 4419 satis
1002 4372 1134 4435 magna
1155 4356 1309 4435 occasio,
1331 4373 1397 4420 nec
1417 4366 1502 4420 tunc
1516 4374 1582 4420 nec

394 4561 402 4595 ¹
432 4560 462 4605 P.
475 4560 627 4613 Joaunesde
639 4559 770 4618 Montoya.

391 4633 404 4664 ¹
432 4632 483 4686 Slc;
493 4632 592 4676 sclllcet
603 4635 660 4675 tres
670 4635 783 4685 quartas
793 4632 874 4676 horae
883 4636 979 4688 partes
988 4644 1034 4677 sen
1044 4634 1220 4687 quadrantes.

392 4704 403 4732 ³
432 4704 497 4747 Vlde
508 4714 595 4758 supra,
608 4713 626 4747 t.
637 4714 671 4757 lv,
684 4716 743 4759 pag.
754 4704 788 4758 tr,
799 4716 824 4747 n,
833 4705 867 4748 75.
