3717 5400
819 482 882 542 Au.
905 483 977 540 lh‘ui
1457 481 1509 540 251

283 629 327 692 ab
343 646 385 692 eo
401 631 634 708 postularunt;
651 632 841 693 multorum
857 631 950 693 enim
963 631 1101 693 animos
1113 638 1310 693 commotos
1321 627 1398 708 ejus
1412 645 1513 708 prac-

282 736 459 800 dicatione
476 737 594 816 fuisse,
612 739 749 818 quibus,
773 739 804 801 si
825 738 961 817 aliquot
980 737 1159 801 mensibus
1178 736 1317 815 Pragae
1339 746 1513 812 maneret,

283 846 431 908 multum
445 845 699 908 consolationis
714 855 749 907 et
764 845 957 925 spiritualis
972 844 1094 907 auxilii
1109 853 1202 907 esset
1218 845 1390 906 allaturus
1407 841 1428 904 ¹.

342 950 412 1014 707.
456 951 572 1014 Habet
585 950 703 1032 Praga
719 951 852 1016 Romae
868 951 1134 1016 similitudinem
1152 950 1175 1024 ’ς
1197 951 1305 1014 fluvio
1334 948 1345 979 ³
1360 967 1441 1013 eam
1462 951 1514 1014 iu-

282 1067 493 1138 tersecante,
517 1061 574 1122 cui
589 1058 728 1139 adjacet
748 1060 1003 1124 monasterium
1023 1057 1080 1122 Sil
1099 1058 1307 1131 Clementis,
1327 1059 1364 1120 in
1388 1066 1513 1121 centro

281 1164 393 1244 ipsius
408 1167 516 1244 urbia,
533 1176 578 1246 et,
597 1177 737 1246 praeter
752 1167 908 1244 hortum,
926 1167 1032 1230 situm
1053 1166 1160 1229 etiam
1176 1166 1327 1230 habebat
1343 1163 1389 1226 ad
1410 1164 1512 1227 scho-

281 1273 334 1334 las
350 1273 598 1351 conficiendas
616 1286 649 1336 et
665 1291 737 1337 non
751 1291 882 1352 magna
898 1291 1055 1353 expensa
1069 1274 1253 1336 commoda
1269 1273 1400 1335 nostris
1413 1271 1513 1334 habi-

282 1380 369 1442 tatio
383 1381 504 1459 parari
520 1391 659 1460 poterat
675 1379 697 1440 ⁸.

341 1485 411 1549 708.
457 1486 560 1566 Quod
575 1489 618 1550 ad
636 1489 769 1551 reditus
782 1489 918 1566 attinet,
933 1488 1188 1551 monasterium
1199 1487 1283 1549 illud
1297 1487 1513 1551 Coelestino-

280 1611 359 1656 rum
373 1597 559 1674 plusquam
574 1597 667 1658 mille
682 1596 823 1658 daletos
838 1595 992 1671 (moneta
1005 1596 1063 1657 illa
1075 1595 1229 1658 florenos
1241 1595 1435 1656 rhenenses
1450 1593 1511 1656 ali·

281 1703 489 1780 quantulum
504 1703 653 1778 excedit)
670 1703 776 1765 annui
789 1702 922 1766 reditus
935 1702 1099 1778 habebat,
1112 1703 1239 1781 quibus
1250 1700 1389 1780 viginti,
1404 1701 1513 1766 immo

281 1809 389 1871 etiam
404 1809 550 1888 triginta
566 1827 610 1872 ex
626 1810 757 1872 nostris
771 1810 966 1872 sustentari
981 1818 1144 1888 poterant
1160 1806 1183 1872 ³.

338 1914 409 1977 709.
454 1914 626 1996 Sperabat
643 1917 783 1980 demum
799 1915 836 1978 Ρ.
855 1916 1030 1994 Canisius,
1047 1934 1118 1979 nou
1133 1917 1249 1978 minus
1264 1916 1346 1978 boni
1362 1931 1407 1977 ex
1426 1913 1510 1976 Pra-

280 2021 392 2102 gensi,
415 2039 520 2102 quam
537 2041 581 2085 ex
600 2023 796 2086 Viennensi
822 2023 981 2104 Collegio
1007 2032 1319 2102 consequuturum,
1345 2020 1511 2100 quamvis

280 2129 356 2209 ipsa
372 2129 596 2194 Universitas
611 2130 803 2210 Pragensis
814 2130 940 2194 debilis
951 2131 1140 2194 admodum
1152 2139 1257 2208 esset,
1270 2140 1305 2192 et
1316 2139 1396 2210 post
1406 2129 1512 2212 Joau·

278 2253 359 2299 nem
374 2235 450 2298 Hus
466 2238 578 2301 nostri
593 2237 697 2318 primi
713 2238 871 2318 theologi
886 2238 993 2301 futuri
1009 2249 1121 2300 erant.
1138 2238 1304 2317 Augebat
1319 2248 1437 2301 autem
1449 2254 1508 2300 ex·

279 2365 490 2376 —uae--n--n

319 2423 327 2454 ί
356 2423 394 2467 De
406 2424 455 2466 hac
466 2424 596 2476 concione,
607 2437 684 2478 quatu
696 2425 720 2468 in
731 2425 933 2478 metropolitana
945 2425 1034 2469 Sancti
1045 2426 1101 2468 Viti
1111 2426 1222 2468 ecclesia
1233 2426 1324 2470 habult
1332 2425 1458 2477 Canislns,
1469 2427 1507 2470 ita

278 2495 332 2548 ipse
343 2495 446 2549 ignatio
457 2498 579 2540 scribens:
591 2497 684 2540 “Volse
696 2499 713 2540 il
725 2497 874 2540 Archiduca
885 2498 933 2540 che
943 2500 968 2540 io
979 2499 1127 2552 predicasse
1138 2500 1179 2540 nel
1189 2498 1263 2540 domo
1278 2499 1361 2541 insnzi
1376 2500 1404 2542 ls
1419 2497 1507 2551 Corte;

277 2573 303 2610 et
314 2567 390 2610 siene
401 2571 481 2612 molta
492 2575 578 2622 gente,
589 2570 615 2612 la
624 2571 684 2624 qual
695 2581 757 2623 sape
769 2571 794 2612 la
806 2570 893 2619 lingua
905 2569 1049 2613 Tudescha.
1060 2569 1143 2612 Credo
1154 2570 1201 2612 che
1212 2571 1237 2612 in
1247 2571 1326 2614 multe
1337 2569 1509 2624 predicheld-

278 2639 319 2681 dio
330 2639 363 2681 ml
375 2651 423 2682 non
434 2640 468 2682 ha
479 2640 547 2684 fatto
558 2648 631 2684 tanta
642 2642 737 2694 gratia.
749 2641 843 2684 sicome
854 2641 956 2692 elbora,
967 2642 992 2685 di
1003 2642 1078 2684 modo
1088 2642 1137 2684 che
1147 2644 1174 2684 lu
1188 2640 1239 2684 Sua
1249 2643 1359 2685 Altezztt
1374 2649 1400 2685 et
1410 2643 1428 2685 li
1444 2643 1507 2685 altri

276 2720 411 2755 restorono
421 2723 471 2755 nou
482 2716 564 2765 pocho
574 2714 709 2757 satisfacti.
721 2713 774 2757 Hor
784 2714 903 2757 scriuono
914 2722 955 2757 tre
965 2715 1058 2767 grandi
1069 2713 1172 2766 signori
1180 2713 1414 2765 allasuttMaiests,
1423 2716 1471 2758 che
1481 2714 1508 2757 io
1539 2738 1543 2746 =

277 2783 345 2827 torni
357 2791 446 2838 presto
457 2796 503 2837 per
514 2786 649 2838 predicare
657 2792 681 2829 et
690 2785 795 2829 edificat
805 2786 887 2830 anche
899 2788 921 2829 le
933 2798 1007 2829 cosse
1018 2788 1165 2831 necessarie
1174 2788 1202 2830 sl
1211 2784 1334 2841 collegio,
1342 2793 1369 2829 et
1380 2786 1426 2829 che
1437 2788 1461 2829 io
1471 2789 1509 2831 ai·

278 2866 369 2898 manco
380 2866 426 2910 per
436 2858 521 2901 alcuni
532 2858 595 2901 mesi
606 2860 669 2902 testi
680 2860 706 2902 in
717 2860 804 2911 Praga
815 2869 861 2912 per
871 2860 995 2911 adglutar
1004 2867 1094 2913 queste
1105 2859 1189 2902 anime
1200 2860 1267 2902 cossi
1277 2870 1418 2903 commosse
1428 2865 1455 2902 et
1469 2859 1508 2901 si·

276 2926 425 2970 sectionste.
435 2927 479 2971 Sis
490 2930 559 2973 iatts
568 2942 669 2984 sumpse
680 2933 706 2974 la
715 2933 822 2975 volunta
833 2932 901 2975 della
912 2930 942 2974 R.
955 2932 983 2974 P.
995 2930 1027 2974 V.
1039 2940 1065 2973 et
1077 2934 1149 2984 pensi
1165 2941 1204 2973 me
1220 2941 1307 2973 essere
1323 2932 1366 2984 piu
1380 2932 1470 2974 inutile
1481 2931 1508 2974 di

276 2996 348 3048 tutti.
359 3010 408 3041 non
418 3000 533 3043 obstanti
544 3004 627 3055 questi
640 3002 721 3045 latiori
733 3002 801 3045 della
812 3012 889 3054 gente
905 3005 1028 3056 semplice
1045 3012 1072 3047 et
1086 3006 1232 3058 ignorante.
1243 3003 1271 3047 Io
1281 3007 1413 3057 espettsro
1428 3004 1509 3045 molto

275 3070 414 3114 volontieri
424 3070 448 3113 in
458 3072 578 3125 Augusta
587 3076 672 3127 quello
680 3074 727 3117 che
736 3086 776 3117 me
785 3078 861 3118 sarrit
869 3076 1058 3127 commendato,
1070 3084 1097 3119 et
1107 3086 1184 3129 spero
1193 3077 1241 3119 che
1252 3077 1278 3118 la
1288 3083 1365 3129 gente
1375 3086 1403 3118 se
1413 3079 1505 3117 mette·

275 3144 305 3185 tit
315 3152 404 3197 presto
414 3144 439 3186 in
449 3145 539 3187 ordine
551 3156 598 3199 per
608 3146 730 3189 satisiare
742 3158 757 3190 a
768 3148 851 3201 questi
863 3149 1029 3201 grandissimi
1040 3149 1159 3202 desiderii
1171 3149 1202 3192 de
1213 3148 1308 3201 Praga,
1320 3149 1346 3190 la
1359 3148 1419 3202 qual
1430 3156 1506 3189 evnu

274 3214 340 3258 sitta
350 3215 445 3259 sicome
456 3216 546 3265 Roma.
559 3218 638 3261 molto
648 3219 732 3261 nobile
750 3226 775 3262 et
787 3222 919 3274 populata.
936 3221 1000 3263 doue
1010 3222 1103 3264 adesso
1113 3233 1163 3264 non
1177 3232 1205 3263 se
1215 3232 1325 3264 nessuno
1340 3220 1505 3274 predicatore

275 3284 419 3337 Tudeseho,
429 3298 460 3329 ne
472 3289 554 3331 anche
566 3288 660 3333 Boemo
671 3290 693 3333 si
704 3302 754 3333 non
772 3302 822 3334 vno
840 3293 950 3345 qualche
967 3294 1039 3336 uoltu
1049 3294 1090 3337 ira
1102 3295 1168 3336 tanti
1178 3292 1241 3335 altri
1251 3293 1342 3334 eretici
1351 3298 1378 3333 et
1389 3290 1507 3341 liussite,

275 3356 435 3401 schismatici
448 3366 473 3401 et
484 3358 557 3410 Judei
567 3392 578 3413 „
591 3360 718 3411 Caulsius,
730 3362 793 3405 ibid.

314 3430 326 3460 ἲ
352 3428 447 3473 “Extat
460 3430 575 3474 conradi
587 3430 675 3483 Celtis,
683 3434 757 3487 primi
770 3434 837 3488 apud
849 3434 992 3479 Germanos
1000 3440 1094 3490 poetae
1103 3435 1224 3489 laureati,
1241 3435 1273 3477 de
1289 3434 1379 3487 haga
1391 3443 1505 3484 carmen,

274 3502 347 3544 cuius
357 3502 481 3555 pauculos
494 3514 583 3547 versus
598 3516 747 3550 annumero:

698 3635 749 3669 vin
758 3646 798 3671 non
808 3641 839 3671 est
848 3638 901 3673 Urbs
910 3638 995 3672 meliors
1005 3638 1073 3673 coelo.

676 3699 770 3743 Explicet
780 3706 858 3744 ssptsm
867 3702 917 3736 hsse
927 3704 1017 3745 spatiose
1025 3702 1096 3745 eolles,

677 3764 759 3798 ambitu
769 3774 877 3807 murorum,
888 3764 969 3799 lmitsts
977 3774 1064 3807 messes

793 3827 873 3861 lioeuis
885 3828 979 3872 Romae..

315 3933 439 3987 Senator,
449 3938 573 3983 Historia
585 3941 611 3983 S.
622 3942 647 3996 J.
657 3942 734 3987 Prov.
745 3944 902 3997 Boitemiae,
914 3948 958 3989 lib.
968 3958 986 3997 r,
997 3958 1021 3990 n.
1034 3948 1067 4001 13,
1078 3960 1094 3992 s
1105 3958 1153 4002 quo
1163 3948 1196 3991 sd
1208 3948 1234 3990 t7
1244 3946 1356 3999 Pratum
1366 3945 1503 3989 describit·
1593 3993 1596 4001 .

315 4006 324 4035 i
354 4008 473 4061 liuldaw,
486 4010 596 4065 Moldsu,
609 4014 689 4057 latine
700 4016 795 4059 dictum
806 4028 822 4060 s
833 4017 955 4071 Scaurus,
967 4020 984 4062 l.
994 4031 1025 4073 c.,
1036 4028 1063 4063 et
1073 4020 1132 4063 aliis
1141 4020 1276 4063 Muldava.

312 4080 324 4113 ⁴
352 4080 406 4125 “ils
418 4084 544 4127 tornando
554 4086 587 4129 sd
598 4088 734 4141 collegium
745 4088 771 4132 in
783 4090 940 4134 monasterio
952 4093 983 4133 de
993 4090 1019 4133 S.
1032 4091 1164 4136 Clemente
1175 4100 1266 4147 questo
1278 4094 1354 4147 luogo
1363 4093 1387 4137 ei
1402 4092 1436 4137 hs
1451 4092 1504 4146 pis-

273 4156 342 4205 cuto,
353 4155 447 4206 perche
459 4166 472 4197 e
484 4156 525 4198 nel
535 4164 624 4200 centro
636 4160 709 4213 quasi
721 4160 790 4203 della
801 4162 866 4204 citta
877 4168 903 4205 et
914 4163 957 4215 piu
968 4165 1099 4207 commodo
1109 4166 1163 4208 sila
1172 4166 1303 4219 giuracum,
1314 4174 1340 4208 et
1351 4166 1420 4208 tiene
1430 4166 1502 4219 luogi

271 4224 404 4269 sollicientl
416 4236 462 4279 per
473 4228 496 4269 le
506 4228 594 4271 schole
605 4236 631 4272 et
641 4232 728 4284 classi,
740 4242 786 4285 per
796 4234 895 4277 stancie
907 4242 934 4277 et
942 4246 1045 4279 camere
1055 4247 1103 4280 con
1114 4248 1166 4280 vna
1176 4239 1261 4281 buono
1271 4247 1344 4292 parte
1355 4238 1397 4281 dei
1412 4238 1499 4281 horto.

271 4294 307 4338 Et
315 4303 425 4350 sepotra
436 4309 482 4341 con
495 4300 574 4351 poche
584 4312 659 4354 spese
671 4312 822 4347 restaurare
835 4312 913 4355 tutto.
924 4316 950 4349 et
959 4308 1087 4362 adaptare
1097 4322 1114 4353 ι
1124 4320 1176 4353 vna
1187 4311 1271 4355 huona
1282 4310 1445 4356 habitatione
1456 4322 1506 4365 per

271 4373 362 4420 questo
373 4369 456 4420 primo
468 4380 557 4422 anno„
569 4370 694 4427 canisius,
707 4376 802 4418 litteris
813 4379 932 4431 praeced.
945 4390 987 4422 nn.
998 4383 1213 4426 commemoratis.

310 4438 321 4469 ⁵
349 4438 439 4483 “Circa
452 4442 474 4483 le
485 4442 586 4485 intrude
596 4446 688 4499 suppia
701 4444 731 4488 V.
744 4446 772 4489 R,
784 4448 812 4490 P.
823 4450 871 4492 che
884 4452 908 4493 la
919 4462 1018 4495 somma
1028 4454 1089 4497 delli
1102 4455 1197 4498 redditi
1207 4455 1249 4499 del
1259 4456 1415 4500 monasterio
1431 4456 1502 4499 Cele-

271 4510 406 4563 stinorum.
417 4512 435 4555 11
446 4514 506 4566 qual
518 4516 570 4557 Sus
581 4515 690 4561 Maiestn
701 4520 803 4572 applica
814 4522 839 4563 ul
851 4520 968 4575 Collegio
979 4524 1121 4577 Pragense.
1131 4529 1193 4571 vale
1203 4523 1246 4581 piu
1256 4528 1288 4569 de
1298 4528 1368 4571 mille
1378 4528 1459 4580 dalet,
1471 4528 1502 4571 si·

272 4592 344 4625 corne
355 4582 434 4638 hoggi
445 4586 479 4627 mi
490 4586 576 4630 hanno
586 4595 714 4633 mostrato
726 4593 804 4645 quelli
815 4594 884 4637 delia
896 4606 1001 4639 camera
1011 4596 1132 4641 Boemlca
1143 4600 1253 4641 secondo
1264 4599 1348 4643 chela
1362 4610 1409 4643 sue
1424 4599 1503 4643 state·

271 4658 314 4697 sta
324 4654 342 4696 11
353 4654 434 4699 hebhe
445 4660 631 4704 commendato.
641 4660 674 4703 Di
685 4663 758 4706 modo
770 4665 817 4707 che
828 4664 861 4710 V.
874 4666 903 4709 R.
916 4667 944 4710 P.
955 4679 1033 4711 senza
1042 4670 1164 4723 scrupulo
1174 4676 1251 4723 potra
1261 4672 1385 4715 mandare
1393 4682 1504 4726 quanon

272 4726 305 4775 iti,
322 4736 363 4771 ma
373 4726 528 4785 superenne,
539 4731 596 4774 unzi
607 4732 641 4787 80,
653 4735 674 4777 si
684 4734 753 4779 iusse
764 4738 909 4791 possibile„
920 4738 1048 4792 Canisius,
1057 4741 1125 4785 ibid.

810 4868 819 4906 i
