3717 5400
382 499 439 561 518
843 498 971 561 Chaon.
990 498 1067 558 Soc.
1089 499 1158 573 Jns.

384 647 474 725 sitiS,
492 646 648 727 quietam
673 654 711 709 et
727 645 915 725 pacificam
935 645 1031 710 domi
1050 645 1162 709 vitam
1188 646 1355 725 agebant.
1381 646 1426 710 Et
1450 645 1534 724 quia
1558 646 1619 708 alii

384 755 474 817 alios
490 754 700 831 invitabant,
718 762 753 815 et
773 770 844 817 non
865 752 1007 816 invitati
1026 761 1153 834 sponte
1172 770 1237 816 sua
1258 752 1358 817 multi
1377 751 1615 829 confluebant,

384 860 539 939 operarii
554 876 700 941 prorsus
715 860 822 923 messi
837 876 907 922 non
924 858 1155 923 sufficiebant.
1172 859 1302 955 Itaque·
1309 859 1425 940 prima
1439 875 1527 923 cura
1537 870 1616 934 erat

382 978 422 1030 ut
436 968 660 1043 scholasticis
675 964 875 1044 satisfieret,
892 964 1020 1030 deinde
1035 967 1114 1029 aliis
1128 977 1235 1047 prout
1250 966 1327 1030 fieri
1342 974 1494 1047 poterat.

446 1072 534 1137 1413.
578 1074 616 1136 Ιιι
628 1072 817 1153 juvenibus
832 1083 963 1151 autem,
981 1074 1126 1153 quinon
1141 1072 1366 1137 obduxerant
1377 1074 1507 1137 callum
1517 1073 1554 1136 in
1565 1074 1615 1135 vi·

382 1180 453 1258 tiis,
472 1181 565 1244 vitae
580 1180 796 1245 mutationes
811 1180 1069 1259 frequentiores
1081 1180 1330 1258 cernebantur,
1343 1187 1378 1243 et
1390 1180 1436 1243 ad
1447 1180 1615 1243 virtutem

382 1288 574 1351 amandam
599 1300 634 1351 et
655 1288 933 1351 consectandam
955 1287 1095 1351 facilius
1117 1286 1396 1352 adducebantur.
1421 1284 1616 1366 Diligentia

381 1404 501 1459 autem
528 1394 828 1458 confessariorum
847 1395 884 1457 in
906 1394 1138 1458 discutiendis
1157 1393 1418 1475 poenitentibus
1444 1392 1616 1457 efficiebat

383 1512 420 1564 ut
435 1501 624 1582 aliquando
640 1501 690 1564 illi
705 1501 1030 1565 animadverterent
1044 1518 1116 1565 non
1135 1501 1240 1565 unius
1260 1501 1323 1564 sed
1342 1502 1533 1583 multorum
1551 1518 1606 1570 an

380 1625 509 1673 norunt
523 1618 672 1689 peccata
687 1608 801 1673 denuo
816 1608 882 1671 sibi
898 1626 976 1672 esse
995 1608 1206 1684 confitenda;
1225 1618 1260 1671 et
1274 1608 1439 1689 quamvis
1454 1609 1521 1673 hoc
1538 1626 1614 1687 qul·

382 1716 530 1779 busdam
546 1715 659 1797 prima
674 1715 790 1778 fronte
804 1732 917 1795 grave
934 1715 1124 1793 videretur,
1141 1725 1266 1796 postea
1281 1723 1411 1793 tamen,
1433 1714 1616 1794 singulare

380 1822 450 1887 Dei
464 1822 673 1886 beneficium
688 1831 956 1902 cognoscentes,
969 1821 1173 1901 diligentius
1188 1839 1231 1885 ac
1246 1822 1441 1903 impensius
1455 1837 1540 1885 suos
1557 1839 1614 1900 pa·

379 1940 454 1993 tres
469 1930 671 2009 spirituales
686 1929 865 2003 amabant;
882 1938 916 1991 et
932 1930 1143 2009 complures,
1169 1929 1262 1992 ludis
1284 1927 1417 1991 relictis
1439 1936 1475 1991 et
1489 1945 1614 2008 parurn

380 2036 539 2100 honestis
554 2038 807 2116 voluptatibus
829 2035 918 2099 nihil
935 2036 1103 2100 libentius
1125 2034 1199 2115 jam
1223 2036 1380 2115 agebant
1404 2052 1511 2116 quam
1526 2035 1614 2098 ut-in

381 2143 512 2206 divinis
531 2142 671 2220 officiiS,
694 2152 1000 2205 sacramentorum
1020 2144 1248 2223 perceptione
1268 2160 1311 2205 ac
1336 2144 1445 2206 verbo
1468 2141 1536 2205 Dei
1555 2160 1614 2205 au·

381 2250 510 2313 diendo
526 2261 664 2329 tempus
679 2250 935 2330 impenderent.

423 2355 512 2420 litt.
557 2355 729 2435 Quamvis
743 2357 860 2419 nullus
876 2356 945 2419 hoc
960 2374 1055 2419 anno
1070 2356 1305 2419 concionator
1322 2354 1330 2387 ¹
1344 2355 1531 2420 Cordubae
1543 2354 1616 2418 sue·

383 2465 441 2543 rit,
465 2464 525 2545 qui
549 2464 807 2543 frequentibus
834 2479 899 2543 pro
915 2479 1014 2527 more
1033 2472 1169 2540 nostro,
1190 2462 1421 2528 concionibus
1446 2464 1617 2543 populum

378 2571 569 2633 instrueret
585 2580 619 2633 et
635 2571 681 2633 ad
698 2570 843 2633 meliora
860 2570 1044 2648 excitaret,
1068 2570 1191 2633 diebus
1213 2578 1333 2633 tamen
1347 2570 1490 2633 veneris
1510 2586 1615 2633 mane

377 2694 501 2740 coram
516 2677 679 2741 omnibus
694 2676 916 2741 scholasticis
932 2676 1058 2740 concio
1075 2677 1287 2756 habebatur;
1309 2687 1344 2740 et
1366 2676 1489 2740 diebus
1507 2676 1615 2740 domi·

377 2785 467 2848 uicis
482 2784 528 2847 ad
543 2784 757 2849 chistianarn
776 2784 988 2863 doctrinam,
1007 2785 1049 2847 de
1070 2801 1139 2864 qua
1162 2784 1352 2847 conciones
1376 2783 1612 2859 habebantur,

377 2892 565 2972 plusquam
581 2892 777 2971 octingenti
791 2893 849 2954 vel
864 2892 1039 2971 nongenti
1053 2891 1121 2954 viri
1137 2891 1367 2954 accedebant.

422 2997 509 3062 1415.
552 2999 658 3063 Pater
673 3008 792 3062 tamen
809 2997 1055 3077 Prouincialis,
1073 2998 1131 3078 qui
1149 2997 1224 3078 jam
1243 3000 1311 3062 hoc
1331 3008 1500 3082 autumno
1523 2999 1614 3061 alius

375 3115 457 3168 erat
479 3122 500 3167 a
526 3105 631 3169 Patre
655 3104 836 3184 Torrensi,
863 3105 1014 3183 scilicet,
1042 3104 1081 3167 P.
1107 3104 1402 3195 Bartholomaeus
1426 3105 1469 3168 de
1490 3103 1612 3181 Busta·

375 3220 508 3289 inante,
526 3223 565 3276 ut
579 3212 726 3275 inferius
738 3212 896 3275 dicemus
912 3210 935 3290 ¹,
952 3211 1138 3290 dominicis
1153 3229 1196 3275 ac
1210 3211 1311 3275 festis
1326 3211 1450 3276 diebus
1463 3229 1567 3275 mane
1578 3220 1616 3281 et

374 3320 520 3399 vesperi
536 3336 667 3399 magno
689 3335 864 3382 concursu
887 3320 1003 3398 coepit
1029 3319 1178 3382 verbum
1203 3317 1270 3382 Dei
1296 3319 1520 3399 praedicare,
1548 3335 1614 3382 nec

375 3427 520 3506 minori,
537 3437 575 3490 ut
590 3426 813 3504 credebatur,
830 3444 1008 3490 concursu
1021 3425 1044 3504 ³;
1062 3435 1228 3507 parentes
1239 3426 1307 3507 ipsi
1319 3425 1423 3504 filios,
1437 3435 1473 3489 et
1489 3435 1613 3489 contra

378 3533 439 3606 filii
454 3543 632 3612 parentes,
649 3535 760 3597 verbo
775 3543 809 3596 et
826 3535 988 3612 exemplo
1005 3531 1191 3612 iuvabant.
1207 3533 1252 3597 Et
1267 3550 1349 3601 curn
1364 3533 1432 3596 sibi
1452 3532 1613 3596 videren·
1713 3565 1720 3580 ·

379 3649 437 3702 tur
448 3639 631 3720 conjugati
645 3657 718 3702 non
733 3639 877 3720 perinde
893 3657 997 3720 posse
1012 3639 1048 3702 id
1063 3639 1180 3702 facere
1194 3637 1220 3718 ⁴,
1233 3637 1405 3718 jubebant
1424 3639 1515 3703 filios
1530 3656 1615 3703 suos

381 3765 596 3776 .—.-——-

420 3813 429 3846 ¹
457 3810 485 3854 ld
494 3820 542 3862 est,
553 3811 637 3853 nullus
645 3809 696 3863 qui,
705 3809 738 3852 ad
747 3808 916 3852 concionandi
925 3819 1016 3851 munus
1023 3808 1074 3851 rite
1084 3809 1257 3852 exercendum
1264 3819 1315 3852 non
1322 3810 1500 3853 communibus
1507 3815 1614 3854 ornatus

379 3883 491 3940 dotibus,
502 3883 527 3926 ld
538 3881 728 3934 tamquamslbi
738 3881 870 3936 peculiare
887 3880 1102 3934 praecipuumque
1113 3886 1258 3924 exerceret.

420 3956 432 3988 ¹
460 3953 536 3997 Num.
550 3954 602 3996 litb

420 4024 431 4058 Ι
458 4025 509 4080 Slc;
519 4025 696 4069 existimamus
708 4033 796 4069 tamen
805 4023 970 4068 scribendum
980 4035 1037 4067 esse
1046 4022 1153 4079 fructu.
1164 4023 1315 4068 concursus
1330 4025 1397 4069 enim
1415 4031 1469 4069 tam
1483 4025 1561 4070 facile
1575 4025 1616 4070 vi·

377 4099 491 4143 debatur
499 4103 528 4141 ut
539 4096 597 4141 fidel
609 4098 681 4140 locus
690 4108 740 4140 non
754 4103 832 4150 essen
842 4094 955 4151 fructus
965 4105 1038 4147 vero,
1049 4095 1092 4149 qni
1102 4095 1129 4139 ln
1143 4094 1238 4139 animia
1252 4096 1391 4150 praecipue
1406 4102 1456 4151 est,
1466 4108 1516 4141 non
1530 4097 1577 4143 ita.
1585 4097 1616 4142 in

377 4170 476 4213 litteris
486 4169 587 4224 quidem
599 4169 687 4212 Patris
698 4167 769 4210 Petri
781 4167 811 4210 de
821 4166 951 4219 Acebedo,
962 4177 975 4208 e
988 4166 1079 4220 qulbus
1090 4167 1244 4220 deprompta
1253 4167 1319 4211 haec
1329 4174 1397 4220 aunt,
1406 4168 1444 4210 sic
1455 4169 1520 4213 haec
1528 4179 1556 4212 ae
1570 4153 1618 4213 ha·

377 4243 448 4284 bent:
459 4240 569 4284 “nullum
580 4240 633 4283 fere
645 4238 793 4282 intermittit
802 4239 924 4282 feriatum
935 4237 1011 4290 diem,
1022 4249 1072 4291 qno
1083 4243 1109 4280 et
1120 4249 1195 4282 mane
1206 4244 1232 4282 et
1239 4239 1342 4292 vesperi
1353 4240 1502 4284 concionem
1512 4251 1561 4284 non
1569 4241 1617 4284 ha·

379 4313 449 4366 beat,
460 4323 510 4356 non
519 4312 574 4356 sine
589 4311 748 4356 audientium
764 4309 892 4364 frequenti
909 4320 1037 4354 concursu
1051 4315 1077 4352 et
1092 4309 1234 4364 profectu,
1249 4309 1371 4354 Litterae
1384 4311 1616 4368 Quadrimesrres,

379 4389 401 4428 t.
411 4395 448 4436 ur,
459 4396 519 4438 pag.
530 4385 578 4429 716.

421 4456 434 4489 ⁴
460 4456 526 4508 Quid
535 4457 576 4500 his
587 4455 675 4500 verbis
685 4453 720 4498 Et
730 4465 790 4499 cum
801 4453 862 4506 sibi,
872 4455 931 4504 cic„
940 4452 1088 4507 significare
1103 4455 1217 4499 voluerit
1233 4452 1360 4499 Polaneua
1375 4456 1511 4511 nescimus,
1522 4467 1569 4500 nec
1581 4457 1617 4500 al·

380 4528 440 4574 mlle
450 4527 510 4583 qnid
521 4529 558 4570 ele
568 4534 608 4572 eat
619 4528 643 4571 ln
654 4527 750 4571 litteris
758 4526 847 4571 Patria
858 4525 986 4580 Alpbonsl
994 4526 1025 4568 de
1036 4525 1143 4578 Zarate,
1156 4526 1223 4570 unde
1231 4527 1349 4581 qnaehic
1359 4535 1509 4580 narrantur,
1518 4528 1618 4572 desum-

378 4605 425 4652 pta
432 4605 500 4644 aunt.
508 4599 575 4644 Vide
586 4598 706 4643 Litterae
714 4597 944 4651 Quadrimestres,
954 4603 972 4641 t.
984 4607 1021 4650 nr,
1032 4609 1092 4652 pag.
1101 4598 1141 4641 278
1150 4605 1177 4641 et
1184 4597 1498 4653 ast-sequenttatamen
1508 4599 1616 4652 exigere

379 4671 502 4716 videntur
512 4678 541 4715 ut
551 4670 716 4725 intelligatur
725 4671 879 4725 conjugatos
889 4669 1054 4713 existimasse
1065 4681 1100 4719 ae,
1110 4681 1161 4714 non
1170 4670 1277 4725 perinde
1287 4681 1319 4715 ac
1333 4672 1422 4723 soluti,
1431 4671 1552 4725 precibus
1560 4671 1616 4715 inn-

374 4743 471 4788 alendis
480 4743 589 4798 allisque
599 4744 706 4799 pietatis
716 4744 837 4798 operibus
845 4752 943 4786 vacare
950 4752 1035 4797 posse,
1045 4742 1187 4786 secundum
1196 4743 1260 4786 illud
1270 4742 1346 4786 Pauli
1356 4737 1373 4786 1·
1379 4742 1445 4798 Cor,
1455 4753 1502 4798 ru,
1509 4742 1616 4790 metet.
