3717 5400
806 485 870 544 Art.
892 485 963 544 rabo
1448 485 1503 544 lui

269 639 397 709 postea
408 629 579 707 Ducrs'sa,·
592 640 630 694 ut
642 630 807 705 diximus
820 631 1049 694 nibilominus
1065 631 1129 693 sub
1144 631 1225 693 anni
1240 630 1343 694 tinem
1360 632 1503 711 placata

269 747 334 815 est,
350 747 386 800 et
396 748 600 800 nostrorum
611 737 882 801 necessitatibus
893 755 932 799 se
945 739 1188 800 consulturum
1200 737 1374 816 promisit.
1390 735 1506 800 Dede·

269 844 444 906 raterium
455 845 627 907 auxilium
639 845 782 926 aliquod
794 845 997 924 adCollegii
1012 843 1222 918 aedificium.
1234 845 1327 925 quod
1339 854 1507 925 coeptum

270 961 358 1029 erat,
374 950 670 1032 prosequendum;
689 953 771 1033 quia
786 962 905 1016 tamen
919 969 992 1015 non
1005 952 1175 1015 mediocri
1188 952 1345 1016 subsidio
1358 952 1506 1016 intanta

270 1057 422 1121 caritate
436 1074 525 1138 opus
549 1069 639 1138 erat,
666 1059 763 1122 licuit
788 1075 851 1139 per
875 1059 993 1138 ipsam
1017 1058 1149 1121 uostris
1172 1068 1420 1139 paupertatem
1439 1060 1509 1121 hoc

271 1179 366 1227 anno
383 1165 539 1246 experiri
554 1182 597 1228 ac
612 1166 819 1246 patientiam
835 1183 1015 1229 exercere.

332 1269 377 1335 Et
391 1272 480 1335 haec
495 1271 538 1335 de
553 1271 758 1335 Florentino
774 1270 933 1351 Collegio
948 1272 1018 1335 sint
1033 1270 1141 1336 dicta.

600 1697 665 1761 DE
686 1696 923 1762 COLLEGIO
947 1695 1178 1762 GENUENSI

331 2017 402 2082 287.
447 2017 549 2081 Initio
566 2018 669 2098 hujus
683 2019 768 2081 anni
782 2015 821 2080 P.
836 2015 993 2098 Jacobus
1007 2018 1152 2097 Laynez
1174 2017 1320 2082 Genuae
1341 2020 1508 2082 versaba-

271 2137 339 2204 tur,
357 2136 392 2188 et
407 2124 483 2205 eJus
494 2141 603 2204 opera
614 2125 817 2205 praecipue,
830 2123 893 2187 sed
904 2124 983 2187 aliis
998 2124 1105 2188 etiam
1115 2142 1180 2205 pro
1193 2125 1287 2188 virili
1299 2135 1399 2204 parte
1412 2141 1507 2190 com—

269 2249 376 2296 muue
389 2231 522 2295 bonum
541 2231 845 2311 promoventibus,
871 2231 1042 2311 primaria
1066 2231 1232 2295 nobilitas
1252 2229 1328 2309 ejus
1348 2231 1508 2296 civitatis

268 2354 401 2419 magna
416 2339 604 2402 dilectione
619 2337 817 2417 Collegium
831 2346 992 2401 nostrum
1013 2339 1310 2417 prosequebatur;
1337 2337 1436 2418 cujus
1452 2356 1505 2402 ar·

268 2456 478 2525 gumentum
490 2456 568 2508 erat
583 2444 750 2525 frequens
764 2445 811 2507 ad
830 2444 924 2508 idem
950 2443 1149 2524 Collegium
1175 2461 1299 2508 eorum
1315 2445 1503 2521 adventus

267 2563 304 2616 et
317 2553 413 2634 quod
427 2552 526 2616 multi
541 2569 674 2625 eorum,
691 2562 897 2616 nostrorum
911 2553 1097 2632 colloquiis
1113 2553 1159 2616 ad
1183 2555 1351 2616 virtutem
1377 2571 1420 2616 ac
1437 2553 1507 2618 Dei

270 2673 428 2725 amorem
442 2660 738 2724 accendebantur.
756 2659 857 2724 Multi
871 2661 980 2723 etiam
993 2674 1139 2725 usuram
1151 2660 1256 2742 (quod
1270 2660 1394 2725 vitium
1410 2661 1445 2725 in
1461 2677 1504 2725 ea

269 2769 357 2831 urbe
380 2769 551 2831 latissime
575 2767 732 2848 patebat)
756 2769 1002 2847 relinquebant
1027 2786 1070 2831 ac
1096 2768 1340 2847 repudiabant.
1369 2768 1423 2833 Ea
1449 2770 1506 2833 bis

269 2886 400 2954 autern,
417 2875 477 2955 qui
487 2874 597 2937 totius
610 2874 709 2938 uitae¹
721 2877 927 2954 generalem
942 2874 1201 2939 confessionem
1214 2874 1252 2937 P.
1265 2875 1400 2959 Jacobo
1413 2877 1504 2957 Lay-

269 2981 521 3060 iterfecerunt,
539 2984 593 3045 vir
606 2980 751 3062 quidam
761 2998 893 3062 magna
905 2982 1110 3062 integritate
1122 2980 1316 3063 praeditus,
1332 2984 1399 3046 hoc
1411 3000 1507 3047 auno

269 3086 354 3153 Dux
368 3089 470 3153 urbis
484 3089 664 3152 communi
679 3090 836 3152 omnium
854 3106 1032 3153 consensu
1052 3098 1195 3153 creatus
1214 3099 1269 3153 est
1291 3087 1312 3148 ¹.
1336 3088 1437 3154 Multi
1458 3092 1504 3155 ad

266 3195 408 3276 frugem
422 3195 603 3259 meliorem
625 3211 663 3259 se
679 3204 906 3275 receperunt,
928 3206 963 3259 et
982 3196 1060 3276 ipso
1081 3195 1180 3259 initio
1205 3196 1289 3261 anni
1305 3206 1378 3260 tres
1399 3208 1503 3261 erant

268 3303 373 3379 (inter
387 3320 478 3383 quos
491 3302 636 3382 quidam
651 3302 716 3366 Dr.
732 3303 916 3383 utriusque
929 3302 1031 3383 JuriS‚
1049 3300 1135 3385 [qui]
1158 3302 1272 3366 officio
1285 3301 1414 3382 judicis
1428 3304 1505 3368 lun·

264 3408 440 3491 gebatur),
459 3407 544 3490 [qui]
560 3407 731 3474 Societati
744 3426 823 3473 sese
839 3408 995 3489 adjicere
1015 3410 1218 3490 cupiebant.

325 3514 397 3580 288.
441 3515 530 3580 Cum
545 3527 663 3579 autem
685 3534 731 3579 ex
751 3517 984 3580 concionibus
1004 3516 1191 3581 Adventus
1213 3504 1381 3581 commoti
1405 3518 1506 3582 cives

266 3639 477 3702 genuenses
500 3624 537 3686 in
552 3622 836 3703 Quadragesima
857 3602 962 3704 hujus
985 3624 1068 3687 anni
1088 3624 1251 3687 eumdem
1272 3624 1425 3689 retinere
1447 3627 1503 3689 lit·

267 3732 354 3795 teris
368 3730 518 3794 Romam
532 3730 650 3793 missis
665 3741 849 3803 curarent.
870 3748 992 3794 mense
1011 3730 1181 3812 Januario
1203 3732 1340 3795 litteras
1363 3732 1502 3812 accepit

267 3835 306 3901 Ρ.
322 3838 479 3918 Laynez,
494 3838 623 3918 quibus
638 3838 675 3900 in
690 3836 923 3901 Germaniam
938 3837 990 3900 ire
1006 3854 1087 3900 cum
1097 3837 1247 3918 Legato,
1261 3849 1299 3901 ut
1310 3839 1466 3903 diximus
1476 3838 1502 3918 ¹,

267 3944 428 4023 debebat,
444 3956 479 4007 et
493 3944 653 4025 aequiori
673 3946 793 4007 animo
816 3953 961 4024 propter
984 3962 1171 4008 commune
1191 3945 1323 4009 bouum
1345 3947 1502 4011 tulerunt

266 4063 466 4132 genuenses
481 4052 576 4132 quod
595 4050 640 4114 ab
659 4051 712 4113 eis
730 4051 914 4115 recederet
934 4051 970 4114 in
993 4050 1222 4116 Germaniam
1244 4069 1350 4133 quam
1372 4053 1404 4116 si
1424 4051 1503 4117 Flo·

266 4159 418 4222 rentiam
432 4174 471 4221 se
486 4158 704 4222 contulisset.
724 4156 857 4221 Habuit
871 4167 991 4223 autem
1007 4158 1216 4222 concionem
1234 4170 1316 4223 ante
1330 4176 1435 4225 suum
1448 4173 1502 4225 re·

265 4272 406 4329 cessum
419 4264 466 4327 ad
480 4264 727 4342 scholasticos,
744 4266 801 4327 cui
815 4264 1014 4344 Episcopus
1029 4263 1277 4344 suffraganeus
1293 4264 1316 4342 ⁵,
1331 4268 1506 4348 multique

306 4435 315 4468 t
344 4434 404 4479 Dux
421 4435 470 4478 boc
487 4444 555 4477 anno
562 4432 730 4488 Reipublicae
742 4432 885 4477 Genueusls
897 4435 997 4477 electus
1017 4434 1065 4478 luit
1081 4434 1244 4488 Augustinus
1261 4435 1368 4489 Plnello.
1388 4433 1500 4492 Philippi

264 4503 342 4549 ullus.
358 4504 503 4556 Rumori.
520 4504 695 4559 Descrtpaon
712 4504 868 4549 historica...
883 4505 916 4548 de
933 4504 1049 4559 Genava,
1064 4516 1124 4560 cup.
1143 4508 1285 4551 xxm-“ad
1304 4509 1329 4552 di
1345 4508 1463 4564 Gennajo
1478 4510 1505 4553 lu

265 4576 348 4621 cletto
356 4574 431 4631 Doge
441 4577 570 4631 Agostlno
580 4576 689 4630 Pinello,
698 4576 741 4621 del
749 4576 776 4619 lu
786 4573 913 4630 Filippo„
923 4574 1029 4630 Cusum,
1039 4576 1141 4621 Annali
1152 4578 1182 4621 di
1193 4578 1309 4631 Genaua,
1319 4591 1360 4623 an.
1372 4590 1453 4624 nutv.

304 4646 318 4680 ἱ
346 4646 509 4703 sturmen.
522 4648 544 4701 8,
555 4658 580 4691 u.
590 4648 612 4692 8.

307 4718 321 4752 ⁸
347 4720 415 4765 Vide
424 4730 512 4776 supra.
524 4726 543 4763 t.
556 4730 592 4775 tv,
602 4730 663 4775 m.
672 4720 708 4777 83,
718 4721 838 4767 mota.
