3717 5400
385 488 442 547 544
845 488 972 547 Cueou.
993 487 1072 547 Soc.
1092 488 1163 562 Jus.

387 631 517 713 oppido
537 631 747 695 Xarandilla
770 631 790 707 ¹,
811 633 906 712 quod
931 632 1067 697 duobus
1089 633 1199 697 leucis
1219 632 1328 695 distat
1347 631 1392 693 ab
1412 632 1617 696 eremitorio

387 740 427 803 B.
443 738 688 818 Magdalenae,
706 738 800 818 quod
815 737 1016 819 Episcopus
1030 738 1257 804 Placentinus
1272 738 1422 819 collegio
1433 755 1499 801 suo
1515 737 1616 801 dede·

387 855 444 909 rat
469 846 492 924 ¹,
519 846 577 907 ubi
602 843 641 908 P.
668 844 883 908 Franciscus
908 846 1064 909 residere
1089 862 1222 925 magna
1247 845 1332 909 anni
1357 853 1457 925 parte
1486 845 1616 909 consti·

385 962 515 1017 tuerat.

449 1057 537 1123 1487.
581 1058 760 1123 Suadebat
774 1070 893 1123 autem
908 1058 1036 1123 Comes
1049 1068 1098 1137 ut,
1115 1061 1194 1122 loco
1208 1060 1302 1123 illius
1315 1058 1521 1138 eremitorii,
1543 1059 1616 1122 col-

387 1166 519 1245 legium
533 1164 763 1229 Xarandillae
779 1166 846 1229 sibi
861 1165 1071 1244 desumeret,
1088 1166 1205 1245 ibique
1219 1167 1268 1229 illi
1279 1167 1486 1243 residerent,
1503 1166 1615 1247 quiin

387 1272 569 1353 praedicto
585 1272 789 1335 eremitorio
806 1272 999 1335 habitaturi
1014 1282 1128 1335 erant:
1144 1290 1228 1336 nam
1242 1273 1278 1335 id
1292 1274 1408 1352 magis
1423 1273 1616 1337 convenire

388 1388 509 1445 nostro
534 1378 696 1442 Instituto
718 1378 846 1443 Comes
868 1379 1053 1453 sentiebat;
1078 1390 1113 1441 et
1138 1380 1325 1459 plusquam
1346 1380 1616 1460 quadringentis

388 1488 505 1550 aureis
521 1486 629 1549 annui
644 1486 779 1550 reditus
792 1485 878 1550 illud
894 1484 1018 1550 dotare
1034 1496 1181 1565 paratus
1196 1496 1285 1561 erat;
1302 1497 1336 1548 et
1355 1486 1523 1567 quamvis
1541 1504 1615 1549 ere·

386 1594 566 1657 mitorium
580 1594 719 1672 gratius
734 1593 857 1656 suisset
872 1591 909 1655 P.
927 1592 1141 1670 Francisco,
1163 1593 1257 1672 quod
1275 1593 1321 1656 ad
1340 1592 1451 1672 ipsius
1465 1610 1615 1673 propen-

383 1701 524 1765 sionem
539 1701 675 1777 attinet,
692 1702 774 1780 quia
797 1698 985 1779 collegium
1004 1699 1121 1779 magis
1139 1716 1335 1762 consonum
1355 1700 1542 1763 videbatur
1563 1699 1615 1763 In·

384 1808 508 1871 stituto
524 1806 723 1883 SocietatiS,
741 1824 826 1871 suae
842 1806 1126 1889 consolationiid
1141 1822 1361 1887 praeponere
1377 1807 1571 1885 cogitabat.

449 1912 537 1977 1488.
581 1914 739 1977 Tertium
754 1914 861 1977 etiam
876 1914 1067 1991 collegium
1082 1912 1272 1977 comitissa
1287 1911 1298 1943 ⁸
1319 1913 1356 1975 in
1370 1912 1524 1993 quodam
1545 1913 1615 1975 alio

386 2038 452 2085 suo
478 2021 619 2102 oppidu,
647 2037 738 2101 quae
762 2028 928 2100 separata
954 2030 989 2082 et
1013 2019 1142 2083 dotalis
1162 2030 1240 2084 erat
1265 2020 1371 2098 ditio,
1397 2019 1536 2099 erigere
1557 2037 1614 2083 cu·

386 2129 506 2208 plebat
525 2126 547 2191 ⁴.

448 2234 535 2299 1489.
580 2234 711 2299 Omnes
726 2234 776 2297 illi
791 2250 922 2313 magna
937 2236 1127 2315 religione,
1148 2235 1279 2315 pietate
1300 2251 1342 2297 ac
1364 2234 1461 2298 omni
1483 2234 1616 2297 virtute

385 2344 504 2407 ornati
519 2361 540 2405 a
555 2342 711 2406 Domino
728 2352 841 2405 erant.

451 2449 537 2513 1490.
584 2448 650 2513 14.1
665 2449 783 2512 Martii
799 2448 1020 2514 Placentiam
1035 2447 1074 2511 P.
1089 2449 1306 2513 Franciscus
1320 2449 1429 2526 venit,
1448 2448 1507 2512 ubi
1522 2464 1616 2511 novo

385 2575 466 2620 curn
481 2558 610 2637 spiritu
625 2573 667 2619 ac
683 2556 823 2620 fervore
838 2558 958 2637 populi
973 2556 1199 2620 devotionem
1214 2556 1466 2635 inflammavit;
1483 2565 1518 2618 et
1532 2554 1614 2636 quia

385 2665 430 2729 de
458 2665 564 2729 rebus
593 2674 667 2729 tarn
696 2664 836 2745 Hispali
865 2682 972 2745 quam
1006 2662 1210 2728 Placentiae
1243 2664 1333 2728 actis
1366 2663 1529 2743 superius
1561 2673 1616 2726 est

386 2781 516 2850 actum,
533 2791 604 2836 non
620 2773 677 2834 bic
693 2773 728 2834 in
744 2773 795 2834 eis
817 2772 1046 2835 immorabor.
1069 2771 1139 2834 23.ι
1158 2770 1278 2834 Martii
1301 2772 1453 2834 nuncius
1471 2770 1614 2851 quidam

387 2877 562 2958 Principis
589 2877 748 2959 Joannae
779 2877 997 2941 Placentiam
1025 2895 1157 2958 magna
1185 2895 1267 2940 cum
1295 2878 1475 2940 celeritate
1503 2877 1613 2953 venit,

383 3003 477 3066 quae
493 2987 619 3048 litteris
634 2984 670 3048 P.
689 2985 922 3048 Franciscum
937 2985 1087 3064 urgebat
1101 2985 1189 3047 utin
1208 2985 1376 3064 oppidum
1399 2983 1616 3047 Tordesillas

386 3101 616 3173 properaret,
648 3093 706 3154 ubi
735 3092 872 3170 Regina
901 3092 1061 3174 Joanna,
1089 3091 1209 3155 Caroli
1233 3091 1462 3171 Imperatoris
1488 3099 1613 3168 mater,

383 3200 493 3262 morti
506 3200 625 3262 vicina
642 3217 719 3261 esse
735 3199 919 3261 dicebatur
935 3197 958 3260 ⁵.

449 3307 536 3369 1491.
581 3307 668 3369 Cum
684 3306 864 3370 Granatae
881 3306 1036 3386 quidam,
1054 3307 1267 3386 cognomine
1278 3307 1386 3385 illata,
1402 3305 1614 3386 quadrigen-

387 3483 598 3492 ψ-

425 3582 432 3613 ¹
460 3582 633 3638 jurandum:
643 3581 780 3636 collegium
791 3582 839 3625 hoc
850 3591 980 3636 uunquam
990 3587 1106 3624 erectum
1117 3588 1165 3624 est.

425 3653 436 3686 ¹
464 3655 530 3698 Vide
541 3667 628 3709 supra,
640 3663 658 3698 t.
670 3666 704 3704 iv,
714 3665 773 3708 pag.
783 3653 831 3708 490,
844 3665 870 3698 n.
885 3653 1014 3697 luae-“le
1024 3653 1090 3696 dono
1101 3654 1178 3696 desae
1189 3653 1340 3697 Valladolld
1354 3653 1445 3703 (doade
1454 3659 1577 3697 entoncoe
1585 3665 1615 3697 se

383 3728 504 3776 ballaba]
515 3733 591 3770 entre
602 3734 675 3770 otras
685 3727 837 3779 beredades,
849 3728 874 3769 la
887 3737 936 3780 que
947 3727 1046 3769 llamrn
1055 3726 1086 3769 de
1097 3727 1123 3769 la
1134 3725 1298 3779 Magdalena,
1308 3725 1423 3768 distante
1433 3736 1506 3769 como
1517 3735 1569 3769 vna
1579 3726 1615 3768 le·

385 3809 436 3853 gua
445 3799 477 3842 de
488 3800 512 3841 el
523 3795 679 3842 Monasterlo
690 3798 721 3840 de
732 3799 770 3840 los
781 3796 880 3840 Padres
890 3797 921 3840 de
933 3797 985 3840 San
996 3795 1146 3852 Geronymo
1155 3796 1187 3838 de
1197 3796 1278 3839 Iuste.
1294 3797 1363 3839 Avia
1373 3795 1428 3839 sido
1439 3796 1543 3850 aquella
1552 3807 1616 3840 casa

384 3883 401 3926 y
412 3870 539 3913 hazieada
549 3869 683 3913 convento
694 3869 724 3912 de
735 3868 836 3923 llonjas
846 3869 914 3912 dela
924 3867 1039 3911 Tercera
1049 3867 1132 3922 Regln
1141 3868 1172 3911 de
1189 3866 1241 3911 San
1257 3866 1408 3918 Francisco,
1423 3867 1537 3912 sellom
1545 3868 1615 3922 prin·

383 3940 489 3995 cipales.
504 3953 520 3997 y
536 3942 643 3984 muchas
657 3942 688 3984 de
703 3941 769 3984 elias
785 3940 921 3992 parientes
936 3941 968 3982 de
984 3939 1096 3984 Nuestro
1114 3939 1267 3983 Fundador:
1282 3940 1307 3982 el
1321 3941 1390 3993 qual,
1400 3939 1432 3982 de
1448 3941 1539 3983 vuelta
1548 3939 1580 3983 de
1590 3941 1615 3983 el

384 4011 509 4060 Concilio.
520 4013 559 4054 las
570 4013 632 4056 avia
647 4012 760 4066 passado
775 4015 791 4055 a
807 4011 960 4068 Zarayzejo,
974 4013 1053 4066 lugar
1064 4011 1094 4054 de
1109 4023 1141 4056 su
1155 4011 1268 4055 Camere
1285 4009 1431 4064 Episcopal,
1448 4021 1464 4065 y
1479 4011 1510 4054 de
1526 4012 1616 4055 alll'se

384 4085 551 4128 trarlerlaron
561 4097 577 4127 a
588 4087 613 4127 la
624 4084 722 4128 Cludad
734 4085 765 4127 de
775 4083 892 4126 Truxillo
903 4114 915 4136 „
927 4085 1059 4134 Auclzaa,
1070 4082 1245 4134 Chronolrist„
1258 4083 1319 4126 Dec.
1329 4092 1357 4136 rr,
1368 4093 1419 4136 aa„
1428 4081 1450 4130 ⁶.
1459 4093 1516 4136 cap.
1527 4083 1570 4137 ug
1589 4083 1613 4129 9.

423 4156 435 4188 ³
463 4155 529 4200 Dua.
541 4156 648 4200 Beatrix
659 4158 691 4199 de
702 4155 808 4211 Monroy
819 4163 845 4199 et
854 4157 875 4198 A
879 4156 951 4211 yala.
963 4154 1029 4198 Vide
1039 4166 1127 4209 supra,
1138 4161 1156 4198 t.
1167 4166 1204 4206 ιν,
1213 4165 1272 4208 pag.
1281 4154 1334 4198 587.

425 4229 437 4261 ⁴
464 4228 602 4272 Comitissa
614 4229 677 4272 baec
689 4229 719 4271 de
731 4226 846 4280 Oropesa
857 4233 914 4269 erat
925 4226 1055 4280 “neganda
1064 4226 1175 4269 condesa
1186 4227 1216 4269 de
1231 4225 1374 4274 Deleitosa.
1385 4227 1479 4268 sefiora
1488 4226 1520 4269 de
1528 4227 1568 4269 lau
1578 4227 1618 4270 vl·

383 4303 434 4344 llas
447 4299 478 4343 de
495 4299 591 4352 Belvls,
607 4301 739 4354 Almaraz,
755 4298 868 4346 Cebolla.
879 4299 1002 4352 Cervera,
1014 4297 1175 4353 Mejoraday
1191 4297 1344 4351 Segurllla.„
1355 4297 1466 4350 Burcos,
1475 4298 1494 4340 1.
1506 4309 1536 4348 c..
1548 4303 1568 4342 t.
1579 4309 1616 4348 ιν,

383 4383 443 4426 pag.
453 4370 559 4414 295.-1n
570 4382 619 4425 quo
629 4379 717 4414 autern
727 4381 816 4414 eorum
826 4369 977 4424 oppidorum
986 4368 1129 4422 Collegium
1137 4370 1273 4413 instituere
1284 4371 1374 4422 vellet,
1382 4379 1433 4412 uon
1439 4375 1558 4424 apparet,
1567 4381 1615 4414 nec

383 4445 409 4487 in
420 4454 508 4487 eorum
519 4444 570 4486 ullo
581 4454 692 4497 unquam
705 4443 851 4486 institutum
861 4448 910 4486 est.

422 4514 435 4546 ⁸
462 4513 517 4566 llis,
528 4525 593 4568 quae
604 4521 695 4558 narrat
707 4513 839 4557 Poeaucus
850 4519 904 4558 tum
919 4514 970 4568 hle,
981 4521 1036 4557 tum
1046 4514 1123 4566 inira,
1134 4525 1159 4560 n.
1173 4515 1231 4564 1496,
1242 4521 1268 4558 et
1279 4514 1346 4562 allis.
1356 4525 1422 4570 quae
1433 4513 1509 4558 affert
1519 4511 1615 4556 Robur·

384 4597 446 4629 curz
457 4585 548 4638 Vrtur,
563 4585 599 4628 La
615 4585 704 4628 Reina
719 4585 796 4628 Dorio
810 4585 903 4640 Juana
918 4586 946 4628 lo
961 4586 1029 4638 lora,
1040 4587 1083 4629 lib.
1093 4598 1128 4640 rx,
1138 4586 1153 4640 ᾖ
1164 4587 1185 4640 ¹2,
1200 4587 1375 4630 emendandus
1392 4584 1559 4641 Cienfuegos,
1570 4585 1614 4639 qul
1664 4573 1674 4592 ’

382 4657 428 4700 alt:
438 4655 534 4710 “Llego
546 4659 562 4700 a
572 4656 729 4700 Tordeslllae
740 4659 763 4700 el
775 4657 854 4700 Santo
865 4657 945 4711 Borja
954 4659 971 4700 a
981 4659 1019 4700 los
1033 4658 1138 4702 ultimos
1148 4659 1179 4702 de
1193 4657 1307 4703 Febrero
1318 4663 1333 4702 o
1348 4657 1489 4712 principles
1503 4657 1534 4700 de
1545 4655 1616 4700 Mar·

382 4739 434 4782 zo„
451 4727 517 4772 Vt'da
528 4727 572 4771 del
579 4727 682 4780 grande
694 4727 748 4772 San
760 4729 903 4772 Frarrcr'sco
915 4729 948 4771 de
961 4727 1055 4782 Borja,
1065 4731 1108 4774 lib.
1121 4742 1157 4784 ιν,
1169 4743 1225 4784 cap.
1236 4731 1269 4784 13,
1280 4729 1295 4782 ξ
1308 4732 1327 4774 1.
