3717 5400
392 503 452 563 508
847 500 978 563 Chaos.
1003 501 1080 561 Soc.
1105 503 1176 575 Jss.

461 647 549 711 1335.
593 648 692 711 Licet
708 657 826 711 autem
841 648 1066 712 Universitas
1081 646 1263 710 Granatae
1285 647 1344 726 sit,
1367 646 1402 709 in
1424 646 1556 709 scholis
1578 657 1631 709 ta·

395 773 478 819 men
498 755 649 836 publicis
668 756 898 817 humaniores
917 757 1056 818 litterae
1075 773 1147 818 non
1167 754 1397 833 docebantur,
1420 754 1483 817 sed
1503 771 1524 817 a
1542 754 1629 816 ludi·

396 862 580 943 magistris
596 862 746 942 privatis
767 861 801 923 id
820 863 1072 942 praestabatur
1093 862 1114 925 ¹.
1138 862 1198 925 Ad
1218 861 1287 924 hoc
1308 877 1409 939 ergo,
1432 861 1524 923 inter
1544 862 1625 939 alia,

395 986 544 1049 operam
560 967 749 1031 Societatis
768 968 1008 1049 requirebant.
1031 968 1126 1032 luter
1145 970 1348 1049 neophytos
1373 967 1384 998 ¹
1409 976 1537 1046 autem,
1564 968 1626 1031 lin-

396 1093 507 1155 guam
533 1093 654 1139 eorum
676 1076 857 1138 arabicam
879 1076 1095 1139 addiscendo
1116 1086 1152 1139 et
1171 1078 1334 1156 exemplo
1353 1076 1524 1138 virtutum
1546 1092 1627 1139 con·

395 1183 571 1247 firmando
598 1202 655 1259 ea,
675 1201 767 1263 quae
786 1183 854 1263 ipsi
873 1182 1098 1259 docerentur,
1122 1183 1261 1247 fructus
1280 1184 1387 1247 etiam
1408 1200 1480 1245 non
1499 1182 1628 1246 medio·

395 1291 470 1353 cris
484 1291 706 1371 sperabatur.

461 1394 549 1461 1386.
593 1398 775 1474 intereos
793 1398 853 1477 qui
872 1407 1058 1475 venerant,
1079 1396 1117 1462 P.
1139 1397 1326 1461 Navarrus
1344 1399 1442 1461 solus
1460 1399 1630 1462 sacerdos

395 1512 487 1581 erat,
505 1515 538 1567 et
554 1522 634 1567 cum
650 1504 760 1568 fratre
775 1517 896 1568 nostro
912 1501 1109 1568 Marcello⁸
1130 1504 1332 1584 theologiae
1352 1504 1548 1567 audiendae
1569 1522 1628 1567 va·

396 1611 515 1674 cahat.
539 1610 586 1674 At
608 1612 913 1691 Archiepiscopus
934 1611 1039 1675 simul
1060 1622 1166 1692 atque
1186 1612 1236 1675 illi
1257 1622 1443 1689 venerunt,
1464 1612 1629 1674 curiones

396 1734 522 1780 omnes
538 1735 580 1780 ac
603 1718 774 1781 beneficia
796 1719 1040 1782 ecclesiastica
1062 1718 1235 1782 habentes
1256 1718 1458 1796 accersivit,
1482 1727 1517 1780 et
1537 1718 1628 1780 inter

398 1835 556 1903 caetera,
578 1843 668 1905 quae
689 1844 733 1889 ex
754 1827 943 1889 occasione
966 1823 1141 1889 adventus
1160 1827 1274 1889 nostri
1294 1825 1521 1905 significavit,
1544 1824 1629 1888 illud

355 1928 357 1935 '
399 1930 481 1995 suit:
496 1931 590 1995 hanc
605 1934 769 1996 nimirum
785 1930 1000 1997 Societatem
1014 1933 1099 2016 Jesu
1114 1952 1136 1995 a
1151 1934 1228 1996 Deo
1243 1933 1452 1995 suscitatam
1467 1950 1510 1995 eo
1522 1932 1628 2012 potis·

397 2040 528 2103 simum
543 2049 701 2121 tempore
716 2039 838 2118 luisse,
863 2021 933 2119 quo
953 2039 1138 2103 charitatis
1157 2040 1278 2102 servor
1299 2040 1393 2121 apud
1415 2040 1630 2102 christianos

399 2148 549 2209 multum
567 2148 782 2227 intepuerat;
800 2158 834 2210 et
850 2147 899 2209 ita
914 2164 977 2209 eos
993 2146 1203 2210 adhortatus
1217 2155 1270 2209 est
1291 2147 1337 2209 ad
1355 2164 1457 2210 suum
1478 2145 1629 2209 officium

397 2264 543 2317 strenue
558 2252 772 2331 faciendum,
789 2272 833 2316 ne
853 2253 992 2315 externi
1013 2254 1208 2317 necessarii
1227 2254 1337 2317 fuisse
1358 2253 1563 2316 viderentur
1584 2252 1631 2315 ad

396 2377 442 2423 ea
458 2361 685 2441 praestanda,
704 2361 750 2423 ad
765 2379 855 2441 quae
876 2361 944 2441 ipsi
965 2360 1097 2441 alioqui
1116 2370 1330 2424 tenerentur.
1352 2360 1396 2423 Et
1415 2360 1631 2441 quandoqui-

396 2467 480 2530 dem
505 2466 572 2530 Dei
599 2468 713 2546 pietas
738 2466 926 2531 Societatis
954 2468 1116 2531 homines
1143 2466 1341 2530 Granatam
1370 2468 1562 2545 attulisset,
1592 2478 1631 2530 ut

398 2574 511 2636 vitam
526 2592 627 2635 suam
644 2574 688 2637 ad
705 2577 903 2655 exemplum
919 2591 1042 2637 eorum
1057 2575 1093 2638 in
1111 2592 1247 2636 morum
1269 2592 1312 2636 ac
1333 2575 1504 2637 virtutum
1520 2576 1632 2654 splen·

396 2681 485 2745 dore
501 2682 734 2745 instituerent.
757 2682 845 2746 Cum
866 2693 983 2746 autem
1001 2682 1243 2760 intellexisset,
1264 2682 1366 2762 quasi
1386 2681 1481 2745 aliud
1501 2696 1629 2760 agenS,

399 2798 542 2852 nostros
558 2789 715 2852 subsidio
730 2791 917 2869 temporali
938 2790 1109 2868 indigere,
1130 2789 1297 2853 frumenti
1317 2801 1351 2852 et
1372 2788 1544 2867 pecuniae
1563 2789 1631 2851 ele·

396 2913 607 2976 emosynam
624 2898 675 2959 cis
691 2897 795 2959 misit.
813 2896 842 2959 F
845 2899 1035 2959 acuitatem
1048 2897 1154 2959 ctiam
1167 2915 1187 2958 a
1201 2897 1342 2958 casibus
1354 2897 1421 2958 sibi
1438 2896 1632 2959 reservatis

398 2999 633 3083 [absolvendi]
658 3005 789 3066 nostris
814 3003 1001 3082 concessit;
1028 3012 1062 3065 et
1087 3021 1168 3066 cum
1188 3019 1268 3066 eum
1288 3003 1401 3066 nostri
1418 3003 1630 3082 invisebant,

401 3127 473 3172 non
489 3111 716 3173 mediocriter
727 3129 849 3173 eorum
865 3111 1263 3190 adspectu‘laetabatur.

443 3216 532 3280 1387.
576 3217 791 3295 Facultates
808 3218 950 3297 quaein
966 3217 1206 3281 Universitate
1220 3216 1434 3280 Granatensi
1459 3217 1632 3281 doceban-

401 3333 460 3388 tur
475 3343 517 3387 eo
547 3334 704 3404 tempore
730 3342 799 3405 quo
824 3324 940 3386 nostri
964 3333 1211 3402 accesserunt,
1244 3334 1346 3386 erant
1374 3324 1630 3404 philosophiae,

400 3433 602 3511 theologiae
618 3443 652 3494 et
669 3431 758 3512 juris
779 3433 954 3510 canonici;
980 3432 1044 3495 sed
1068 3433 1290 3495 conabantur
1315 3433 1384 3494 illis
1404 3431 1534 3494 addere
1555 3431 1631 3494 reli·

398 3557 501 3620 quas,
520 3539 666 3617 scilicet,
677 3537 766 3618 juris
779 3537 958 3617 Caesarei,
976 3539 1172 3602 medicinae
1181 3549 1215 3602 et
1227 3539 1441 3618 linguarum,
1455 3539 1493 3600 in
1507 3539 1632 3617 quibus

401 3719 545 3727 ———
552 3719 613 3726 -—

397 3822 484 3864 buena
494 3819 525 3863 de
536 3820 607 3872 coler
617 3832 634 3876 y
644 3822 712 3874 quan
728 3819 866 3862 sazonada.
876 3817 915 3862 La
929 3823 1007 3871 gente
1023 3817 1101 3860 desea
1113 3816 1206 3860 macho
1216 3817 1292 3861 (larse
1302 3829 1320 3874 y
1335 3817 1437 3873 ayudar
1447 3820 1463 3859 a
1474 3827 1522 3871 que
1539 3826 1567 3859 se
1577 3815 1633 3859 dea·

397 3899 480 3948 truya
489 3893 515 3935 la
525 3891 618 3935 cludad
628 3891 660 3934 de
669 3891 762 3943 Jerleu.
772 3891 811 3934 No
822 3889 911 3933 sabrla
922 3889 993 3932 dezlr
1003 3891 1100 3943 quanto
1110 3899 1156 3932 sea
1165 3890 1189 3932 el
1199 3890 1276 3933 deseo
1287 3901 1335 3943 que
1346 3889 1431 3932 tleuen
1442 3893 1480 3932 loa
1495 3888 1569 3932 desta
1581 3888 1633 3932 clu·

395 3965 450 4008 <lad
460 3964 491 4007 de
500 3975 548 4018 que
557 3975 660 4017 vengan
671 3966 731 4017 aqul
744 3963 841 4007 Padres
852 3963 967 4006 muchos.
978 3961 1170 4016 Pregdntanme
1180 3963 1305 4015 doqulera
1313 3973 1361 4016 que
1369 3972 1421 4016 voy
1430 3961 1532 4014 quando
1540 3959 1634 4003 vienen

399 4037 439 4078 los
449 4034 555 4088 Padres,
567 4037 716 4078 mostrando
727 4036 785 4078 bien
796 4047 826 4077 en
838 4035 887 4077 ello
898 4035 923 4076 la
935 4033 1058 4077 deuocion
1068 4045 1117 4087 que
1128 4034 1215 4076 tienen
1226 4034 1276 4076 ala
1287 4031 1439 4086 Compadla,
1449 4042 1481 4074 no
1496 4031 1633 4074 auleudoae

399 4107 484 4150 hecho
494 4119 525 4150 eu
537 4109 587 4150 ella
599 4109 622 4150 lo
634 4119 681 4160 que
694 4119 723 4150 en
736 4109 775 4150 las
789 4115 861 4150 otras
873 4112 963 4160 partes
973 4106 1007 4149 ha
1017 4105 1131 4150 eauwdo
1141 4106 1167 4149 la
1178 4105 1280 4159 opinion
1294 4105 1420 4161 ycredlto
1435 4114 1485 4157 que
1499 4103 1568 4146 della
1583 4103 1635 4145 han

398 4179 513 4233 tomado;
524 4191 588 4234 pues
599 4191 630 4222 no
641 4190 675 4235 ay
687 4181 745 4232 aqui
754 4179 810 4221 sino
821 4183 915 4232 quatro
925 4178 1108 4231 barrenderoa,
1118 4177 1150 4220 de
1161 4178 1201 4219 los
1211 4177 1302 4230 quales
1312 4187 1373 4230 pues
1383 4187 1411 4219 se
1421 4173 1531 4218 edifican
1539 4185 1556 4230 y
1564 4174 1636 4228 algu·

398 4261 482 4294 nosse
493 4252 668 4305 aproueehan,
679 4252 709 4293 dc
722 4261 797 4294 creer
807 4261 835 4293 es
846 4261 904 4305 que,
915 4249 1017 4304 quande
1028 4259 1079 4305 aya
1088 4249 1165 4303 quien
1176 4250 1215 4292 los
1230 4249 1387 4304 despiertey
1400 4247 1523 4290 hombres
1537 4256 1586 4299 que
1597 4245 1636 4289 los

399 4323 566 4368 leuanten.se
578 4324 630 4366 han
640 4322 671 4366 de
683 4321 789 4366 edifitar
805 4323 898 4366 macho
912 4337 929 4379 y
945 4321 1110 4376 aprouechar
1124 4331 1155 4364 eu
1170 4323 1195 4363 el
1210 4321 1321 4364 serulclo
1336 4321 1378 4362 del
1393 4319 1499 4372 Senon„
1514 4316 1638 4360 Litterae

397 4395 506 4448 Quadri
509 4399 630 4446 moseres,
641 4403 660 4438 t.
669 4405 706 4448 ut,
717 4407 776 4449 pag.
787 4395 828 4439 497
838 4401 863 4438 et
875 4393 925 4438 ⁴98.

442 4469 449 4502 ¹
479 4469 546 4512 Vide
558 4469 632 4512 inira.
643 4481 666 4511 n.
678 4469 736 4513 1:387.

440 4541 452 4572 ¹
479 4541 546 4584 Vide
557 4553 644 4595 supra,
655 4553 679 4584 n.
693 4541 752 4584 1381.

440 4613 452 4646 ⁸
480 4615 553 4658 Hunc
565 4626 620 4657 esse
632 4623 752 4668 putamus
762 4613 914 4657 Marcellum
924 4611 956 4655 de
968 4611 1085 4663 Salazar,
1096 4612 1139 4667 qul
1150 4622 1217 4654 anno
1230 4597 1398 4665 praecedenti
1414 4607 1551 4652 Cordubae
1565 4604 1636 4649 'rhe-

397 4686 511 4730 toricam
529 4687 696 4740 interpretari
716 4687 881 4740 auspicatus,
902 4693 1009 4739 propter
1024 4684 1163 4728 adversam
1179 4683 1354 4727 valetudinem
1371 4683 1404 4725 ab
1420 4693 1452 4724 ea
1466 4677 1637 4734 supersedit...

400 4757 467 4801 Vide
477 4767 565 4813 supra,
575 4763 594 4803 t.
605 4769 710 4814 1v,pag.
721 4759 770 4810 tto,
781 4769 805 4802 n.
815 4759 864 4802 953.
