3717 5400
354 484 411 545 568
812 486 940 547 Cuaoa.
959 486 1036 547 Soc.
1057 486 1128 561 Jns.

357 643 411 695 ter
432 632 621 696 admodum
642 633 768 696 institit
790 643 828 697 ut
848 632 1103 709 admitteretur;
1124 642 1256 697 etcum
1276 646 1408 711 magna
1429 631 1597 694 civitatis

359 738 603 805 aedificatione
615 750 650 803 et
664 741 907 804 consolatione
923 741 1100 805 admissus
1114 738 1202 804 est¹.
1577 752 1583 761 ·

401 845 489 910 1561.
534 847 662 912 Comes
675 847 898 912 Castadedae
911 847 934 927 ¹,
947 848 1007 928 qui
1018 848 1113 929 apud
1127 847 1263 928 Regem
1279 849 1398 928 gratia
1412 856 1447 909 et
1466 853 1588 909 aucto-

358 953 463 1017 ritate
483 956 630 1019 multum
650 956 813 1032 valebat,
835 974 921 1037 prae
941 956 1093 1020 caeteris
1112 955 1189 1037 ejus
1213 954 1341 1019 Curiae
1366 953 1589 1035 proceribus,

359 1062 524 1127 assiduus
543 1061 734 1127 admodum
759 1072 836 1127 erat
858 1064 893 1129 in
920 1064 1072 1128 ecclesia
1093 1060 1154 1127 Sil
1174 1060 1299 1141 Rochi,
1319 1072 1393 1125 tam
1414 1060 1450 1124 in
1469 1076 1593 1123 sacra·

358 1178 559 1235 mentorum
584 1169 807 1235 confessione
829 1170 853 1249 ⁸,
880 1188 988 1252 quam
1007 1172 1044 1235 in
1069 1172 1300 1235 concionibus
1323 1166 1527 1247 audiendis,
1553 1180 1589 1231 et

357 1277 477 1341 statim
492 1276 538 1339 ad
551 1277 726 1343 Palatium
741 1295 779 1340 se
795 1278 995 1356 conterens,
1016 1296 1078 1342 ore
1091 1280 1197 1359 pleno
1216 1278 1260 1341 de
1278 1276 1457 1340 Societate
1477 1276 1589 1338 multa

358 1385 600 1464 praedicabat,
618 1398 652 1450 et
672 1386 804 1449 nullam
824 1402 902 1449 esse
924 1385 1021 1448 vitae
1040 1386 1214 1449 rationem
1231 1384 1378 1465 perinde
1396 1380 1590 1463 iucundam

360 1510 403 1556 ac
417 1492 511 1573 piam
528 1491 739 1571 affirmabat,
756 1510 862 1573 quam
874 1510 998 1557 eorum
1011 1494 1073 1573 qui
1094 1492 1188 1572 apud
1215 1491 1309 1556 Sim
1323 1491 1485 1555 Rochum
1504 1491 1593 1553 assi·

359 1599 427 1663 due
441 1609 682 1675 versarentur;
700 1610 734 1663 et
750 1598 824 1678 ejus
840 1600 1065 1663 devotionem
1086 1617 1157 1663 non
1176 1610 1315 1664 tantum
1330 1600 1442 1681 ipsius
1463 1601 1591 1664 domus

359 1714 482 1769 secuta
497 1716 562 1785 est,
575 1707 637 1770 sed
652 1716 688 1770 et
703 1708 764 1770 alii
778 1708 920 1787 plurimi
935 1723 981 1768 ex
995 1707 1215 1787 proceribus

422 1812 510 1877 1562.
552 1811 691 1899 Regina
702 1815 844 1893 quidem
859 1814 1144 1877 benevolentiam
1157 1830 1222 1894 pro
1242 1832 1308 1878 suo
1329 1832 1428 1878 more
1447 1814 1590 1878 exhibe·

360 1920 432 1999 bat;
449 1930 483 1984 et
498 1938 579 1984 cum
594 1919 671 1985 Rex
690 1920 900 1985 beneficium
920 1918 1064 2001 aliquod
1087 1920 1294 1984 conterebat
1315 1918 1497 1999 Societati,
1513 1922 1592 2002 ipsa

361 2027 513 2091 sollicita
528 2036 605 2091 crat
619 2038 657 2091 ut
672 2027 823 2092 ministri
839 2026 950 2108 Regis
964 2026 1001 2091 id
1015 2028 1137 2091 statim
1156 2037 1427 2107 exequerentur.
1448 2026 1492 2091 Et
1508 2044 1591 2107 qua-

362 2134 417 2197 vis
430 2135 619 2199 occasione
645 2145 813 2215 accepta,
827 2152 952 2200 coram
965 2133 1064 2215 Rege
1078 2136 1189 2199 multa
1210 2136 1253 2200 de
1273 2154 1315 2198 eo
1336 2134 1455 2199 fructu
1475 2136 1593 2215 loque·

361 2241 476 2320 batur,
491 2257 597 2322 quem
611 2259 675 2322 per
689 2241 879 2308 Societatis
894 2243 1079 2324 operarios
1094 2242 1268 2307 Dominus
1279 2243 1456 2323 capiebat.

424 2347 512 2413 1563.
555 2348 633 2413 Rex
648 2350 755 2414 etiam
769 2368 871 2413 suam
879 2349 1165 2414 benevolentiam
1173 2368 1280 2430 opere
1291 2361 1327 2413 et
1338 2350 1458 2414 verbis
1474 2356 1592 2412 osten-

363 2455 479 2533 debat,
496 2458 581 2520 utin
593 2456 751 2537 collegio
763 2456 888 2537 Regali
900 2458 1193 2532 Conimbricensi,
1209 2456 1253 2519 de
1264 2475 1335 2538 quo
1346 2456 1495 2521 interius
1510 2472 1594 2535 age·

361 2574 419 2626 tur
432 2561 456 2642 ⁴,
472 2564 558 2627 etin
574 2564 654 2627 aliis
667 2564 771 2628 facile
786 2556 1010 2660 cernebatur.
1026 2564 1122 2628 Idem
1136 2564 1181 2628 de
1194 2563 1345 2652 Infantis
1364 2564 1567 2628 cardinalis
1583 2561 1597 2593 ⁸

362 2670 621 2750 benevolentia,
644 2671 751 2736 immo
772 2672 946 2736 charitate
966 2671 1136 2754 peculiari
1162 2688 1249 2753 erga
1274 2670 1500 2750 Societatem,
1524 2669 1596 2735 dici

364 2787 493 2858 potest.
510 2777 580 2859 Ipsi
595 2780 702 2842 etiam
718 2781 843 2844 classis
858 2781 1057 2844 maritimae
1071 2790 1106 2843 et
1121 2779 1182 2843 alii
1193 2780 1229 2843 id
1241 2797 1356 2860 genus
1366 2780 1527 2843 homines
1542 2778 1595 2841 sic

365 2885 544 2965 principes
559 2885 595 2948 in
610 2887 856 2950 benevolentia
872 2887 1112 2964 imitabantur,
1126 2897 1164 2949 ut
1176 2903 1258 2951 cum
1271 2887 1378 2950 unica
1390 2896 1528 2950 tantum
1542 2903 1595 2948 es·

365 3001 419 3056 set
434 2993 538 3055 navis
552 3010 597 3056 ex
612 2993 667 3056 his
682 2993 824 3073 quaein
839 2993 974 3057 Indiam
994 2988 1323 3074 proficiscebantur,
1341 2994 1377 3056 in
1392 3011 1461 3074 qua
1478 2992 1598 3056 nullus

366 3116 412 3162 ex
426 3099 557 3162 nostris
572 3099 772 3179 veheretur,
789 3099 864 3180 eius
879 3098 952 3163 dux
971 3101 1031 3164 vel
1045 3099 1249 3180 praelectus
1270 3101 1414 3164 domum
1436 3109 1596 3164 nostram

367 3206 464 3270 venit
478 3215 513 3269 et
527 3207 701 3271 instanter
716 3205 907 3270 admodum
921 3208 1063 3288 petebat
1086 3216 1124 3270 ut
1149 3207 1257 3287 aliqui
1277 3207 1385 3270 etiam
1400 3223 1444 3270 ex
1467 3207 1610 3270 nostris·

366 3315 402 3376 in
417 3313 528 3394 ipsius
543 3314 650 3377 etiam
669 3315 753 3377 navi
773 3315 1003 3394 navigarent3
1025 3323 1060 3377 et
1080 3315 1166 3395 quia
1185 3315 1304 3378 nullus
1322 3315 1355 3376 ei
1373 3314 1451 3377 dari
1472 3314 1597 3394 potuit,

367 3419 478 3484 tristis
495 3430 529 3484 et
543 3421 798 3501 propemodum
813 3421 896 3486 fletu
912 3423 949 3485 id
963 3421 1155 3485 ostendens
1168 3421 1329 3485 recessit.

429 3527 517 3591 1564.
560 3527 648 3590 Illud
667 3537 785 3592 autem
806 3527 871 3592 suit
895 3530 1123 3593 observatum
1146 3526 1252 3608 quod,
1273 3544 1355 3592 cum
1375 3529 1411 3592 in
1436 3527 1598 3592 domibus

367 3634 537 3698 nobilium
551 3634 644 3698 bono
659 3635 793 3700 nomini
809 3634 998 3700 Societatis
1013 3636 1271 3714 detraheretur,
1284 3645 1323 3699 ut
1334 3634 1488 3699 diximus
1498 3651 1602 3716 prae·

368 3741 472 3804 dictis
487 3741 665 3806 mensibus
680 3739 703 3820 ⁰,
721 3741 920 3806 confutavit
940 3741 1115 3806 Dominus
1130 3735 1253 3806 eorum
1274 3741 1402 3806 falsam
1421 3742 1608 3806 existima·

409 3947 417 3980 ¹
445 3945 512 3990 Vlde
523 3946 645 3991 Litterae
655 3947 885 4001 Quadrimestres.
896 3955 914 3991 t.
925 3958 964 3999 ut,
974 3959 1034 4002 pag.
1043 3947 1092 3992 514.

408 4016 419 4047 ¹
446 4017 497 4072 Slc;
507 4025 546 4062 est
557 4025 644 4062 tamen
653 4019 683 4062 de
693 4018 874 4063 Castanbelre.
884 4019 952 4062 Vide
960 4017 1081 4062 Litterae
1088 4005 1318 4070 Qreadrtmestres,
1328 4026 1347 4060 t.
1359 4029 1395 4070 ut,
1404 4017 1510 4072 pagate
1517 4019 1600 4062 etbtb.

407 4087 418 4120 Ι
447 4089 496 4136 Slc:
507 4091 602 4133 rectius
614 4099 700 4133 temen
711 4091 842 4133 diceretur
853 4103 881 4132 en
894 4093 1064 4133 sacramento
1078 4089 1267 4145 consessionis,
1277 4091 1319 4133 vel
1328 4093 1355 4133 in
1362 4089 1547 4144 paenitentiae
1561 4099 1612 4132 sa·

369 4164 516 4212 eramento,
526 4161 568 4205 vel
579 4162 607 4204 ire
618 4161 786 4217 consessione
796 4162 870 4217 apud
886 4164 992 4204 nostros
1000 4160 1144 4217 sarienda,
1157 4167 1204 4205 ant
1214 4160 1274 4214 quld
1290 4161 1323 4204 lle
1333 4161 1426 4204 slmile.
1438 4159 1535 4210 Verba,
1550 4162 1607 4214 qul·

369 4235 416 4278 bus
425 4233 490 4276 haec
501 4232 665 4287 respondent,
674 4233 700 4275 ln
711 4231 832 4276 Litterae
842 4231 1074 4285 Quadrtmestres,
1084 4233 1101 4274 1.
1112 4243 1143 4284 c.,
1154 4239 1223 4274 eunt:
1232 4231 1278 4274 'El
1287 4230 1388 4284 {Comes
1402 4231 1434 4273 de
1450 4229 1603 4274 Castenbtl·

368 4307 435 4360 re)y
446 4305 471 4348 la
481 4301 542 4347 cas'a
553 4313 580 4346 ee
591 4313 624 4346 an
636 4314 700 4347 nore
710 4304 866 4356 comeneado
878 4305 894 4347 a
905 4304 1023 4347 contem
1034 4313 1081 4347 con
1091 4310 1236 4355 absonos„
1517 4311 1520 4314 ’

409 4377 421 4410 1
450 4374 688 4420 An.1620adloti.

410 4447 422 4482 ⁸
451 4447 565 4492 Henrlcl.

412 4518 425 4552 ⁸
453 4520 524 4564 Nlhll
532 4519 684 4575 praedictis
696 4519 833 4562 mensibus
849 4519 959 4562 dixerat
969 4519 1001 4561 de
1011 4518 1052 4562 hle
1067 4517 1202 4570 Polencum
1217 4519 1262 4562 eed
1273 4519 1291 4562 li
1306 4518 1428 4562 dixerant
1443 4517 1484 4572 qul
1499 4517 1613 4561 litterae

371 4593 507 4648 scripsere,
519 4603 549 4635 ex
561 4592 653 4646 qulbus
663 4591 728 4634 haec
741 4589 844 4634 Polancl
857 4591 980 4634 librarius
990 4590 1137 4634 exscribere
1146 4590 1234 4644 lunens
1243 4596 1310 4633 erat.
1322 4589 1390 4633 Vide
1400 4587 1521 4633 Litterae
1535 4587 1605 4641 Qua·

372 4664 542 4714 (trimestres,
553 4671 571 4706 t.
583 4673 620 4712 ra,
631 4673 691 4716 pag.
702 4661 743 4704 513
753 4671 778 4704 et
789 4663 837 4712 su,
846 4663 890 4705 ubl
900 4661 966 4705 lieee
974 4662 1043 4705 inter
1054 4661 1109 4706 elle
1119 4662 1244 4715 reperies:
1258 4663 1369 4716 “parque
1381 4661 1414 4704 de
1424 4661 1533 4715 elgnnoe
1547 4659 1612 4704 dies

373 4739 448 4781 etrite
457 4748 482 4780 se
491 4737 567 4780 aulan
577 4735 716 4787 eneendldo
728 4735 820 4778 mucho
832 4735 870 4778 las
881 4735 1029 4788 lenguaeen
1040 4743 1187 4778 murmurat
1196 4734 1227 4778 de
1235 4730 1468 4786 eetaceeetSenctl
1476 4731 1612 4784 Romuli„
