3717 5400
352 467 409 532 606
811 465 939 526 caron.
960 463 1038 526 Soc.
1057 465 1128 538 jas.

416 611 590 691 Secundo,
617 612 792 677 consuluit
819 629 865 676 an
886 611 1111 676 circumcisio
1130 609 1360 691 Aethiopum,
1386 610 1588 678 devotionis

355 719 472 801 gratia
488 719 584 783 facta
598 730 633 784 et
646 719 693 783 ad
708 717 841 784 Christi
852 718 1096 796 imitationem,
1113 728 1208 784 esset
1228 717 1443 784 damnanda.

416 825 548 908 Tertio,
572 837 747 908 quatenus
767 826 911 890 tolerari
936 836 1079 907 possent
1105 826 1195 889 ritus
1218 842 1372 905 graecae
1396 826 1587 907 ecclesiae,

355 951 446 1016 quos
459 933 649 1014 Aethiopia
668 933 832 1014 suscepit.

416 1041 564 1122 Quarto,
581 1042 682 1105 salva
707 1043 855 1105 materia
876 1053 911 1104 et
930 1041 1044 1105 forma
1069 1035 1390 1123 sacramentorum,
1408 1052 1585 1123 quatenus

356 1149 546 1214 diversitas
562 1150 867 1214 caeremoniarum
883 1149 1028 1212 deberet
1041 1150 1199 1214 tolerari.

417 1257 559 1336 Quinto,
574 1274 654 1321 cum
670 1257 719 1320 illi
734 1257 959 1339 baptizentur
974 1258 1126 1336 singulis
1139 1259 1255 1336 annia,
1271 1277 1317 1322 ex
1328 1258 1529 1337 devotione,
1546 1268 1589 1322 ut

282 1365 285 1371 '
356 1365 466 1446 ajunt,
483 1383 529 1428 an
545 1365 581 1429 id
596 1365 773 1446 baptisma
792 1365 906 1446 possit
918 1365 1088 1445 permitti.

416 1470 536 1550 Sexto,
553 1489 633 1536 curn
647 1472 838 1536 observent
852 1473 958 1537 simul
973 1487 1055 1536 cum
1070 1473 1128 1536 die
1143 1471 1320 1537 dominico
1335 1473 1429 1538 mem
1442 1474 1585 1537 sabbati

356 1597 402 1644 ex
416 1579 615 1656 devotione,
632 1589 666 1642 et
681 1579 857 1660 quaedam
872 1579 944 1643 alia
958 1581 1101 1659 legalia,
1117 1597 1164 1642 an
1178 1581 1259 1642 talis
1274 1581 1505 1659 consuetudo,
1518 1582 1588 1644 sal-

356 1695 428 1751 tem
444 1685 488 1750 ad
505 1697 654 1767 tempus
672 1697 766 1749 esset
781 1686 977 1765 toleranda,
994 1703 1041 1750 an
1056 1686 1176 1750 statim
1190 1687 1422 1767 prohibenda.

422 1793 589 1874 Septim0,
607 1811 652 1857 an
668 1794 704 1856 in
720 1793 868 1856 materia
882 1791 1128 1858 Eucharistiae
1142 1804 1177 1856 et
1193 1794 1298 1858 modo
1318 1811 1397 1858 eam
1418 1792 1585 1873 faciendi,

357 1901 441 1964 etin
453 1900 583 1964 Missae
598 1899 984 1980 caeremoniis,aliquid
996 1901 1191 1965 condonari
1202 1900 1448 1965 consuetudini
1458 1917 1584 1967 eorum

358 2018 491 2090 posset,
514 2025 595 2072 cum
614 2025 680 2072 nec
700 2008 842 2085 amictu,
864 2025 929 2071 nec
955 2009 1146 2089 manipulo,
1169 2026 1235 2072 nec
1262 2010 1404 2088 cingulo
1426 2017 1583 2074 utantur.

420 2115 569 2194 Octav0,
594 2132 675 2179 cum
697 2115 852 2197 quotidie
877 2131 999 2178 omnes
1021 2117 1283 2180 communicent
1304 2115 1340 2179 in
1359 2114 1510 2178 ecclesia
1523 2116 1584 2195 qui

359 2222 405 2286 ad
420 2239 498 2286 eam
513 2222 698 2300 accedunt,
712 2231 747 2286 et
762 2231 863 2286 extra
879 2223 1067 2287 ecclesiam
1083 2239 1198 2300 nemo,
1212 2225 1294 2286 licet
1308 2221 1484 2300 infirmus;
1499 2221 1585 2303 quid

358 2331 395 2394 in
410 2331 478 2394 hac
491 2339 594 2409 parte
613 2329 801 2408 agendum.

419 2435 533 2516 Nono,
562 2454 608 2500 an
635 2437 780 2501 tolerari
814 2437 982 2502 deberent
1012 2439 1239 2503 matrimonia
1268 2436 1521 2502 canonicorum
1549 2447 1588 2501 et

359 2546 514 2612 aliorum
534 2545 779 2624 sacerdotum,
810 2554 953 2625 praeter
973 2546 1186 2624 monachoS,
1210 2562 1292 2609 cum
1320 2545 1389 2609 illis
1415 2554 1587 2608 consueta

360 2653 442 2721 sint.

417 2760 516 2825 Haec
531 2776 618 2839 ergo
634 2778 655 2823 a
670 2757 760 2823 Sede
778 2757 985 2840 Apostolica
1009 2761 1125 2826 decidi
1146 2761 1283 2841 optavit
1296 2760 1504 2840 designatus
1522 2758 1586 2822 Pa·

359 2867 528 2945 triarcha,
544 2867 709 2947 quamvis
725 2876 868 2947 propter
888 2867 1040 2931 duorum
1054 2866 1265 2932 Pontificum
1277 2878 1429 2931 mortem
1443 2879 1479 2931 et
1499 2866 1588 2931 Pan·

358 2975 388 3039 li
399 2973 451 3039 IV
462 2975 499 3039 in
509 2974 608 3040 initio
622 2972 851 3039 Pontificatus
862 2977 1129 3053 occupationes,
1141 2975 1209 3038 hoc
1225 2992 1319 3041 anno
1329 2974 1416 3038 nihil
1427 2974 1496 3039 fuit
1505 2991 1588 3038 con·

359 3082 518 3147 stitutum
538 3081 558 3146 ¹.

422 3186 509 3251 1670.
552 3186 620 3267 Qui
642 3188 743 3251 electi
759 3188 900 3253 fuerunt
915 3198 952 3252 ut
968 3190 1004 3253 in
1022 3187 1249 3270 Aethiopiam
1263 3190 1587 3271 proficiscerentur,

359 3307 501 3377 praeter
525 3294 563 3359 P.
576 3295 749 3378 Joannem
763 3295 896 3371 Nunez,
919 3296 956 3358 hi
971 3295 1114 3361 suerunt
1133 3296 1247 3361 Roma
1267 3297 1408 3377 quidem
1433 3297 1588 3378 quinque

359 3404 457 3469 missi
477 3403 499 3484 ¹,
520 3403 670 3468 scilicet:
691 3402 757 3465 PP.
778 3402 945 3467 Andreas
963 3404 1007 3467 de
1028 3404 1164 3469 Oviedo
1183 3413 1218 3467 et
1238 3403 1410 3468 Melchior
1428 3403 1589 3469 Carnero

358 3530 439 3577 cum
454 3510 618 3577 Patribus
633 3509 787 3574 Antonio
803 3508 951 3590 Bochiu,
963 3510 1103 3575 flandro
1120 3509 1143 3590 ⁸,
1159 3521 1193 3575 et
1210 3510 1382 3575 Michaele
1398 3511 1518 3588 Batul,
1534 3512 1589 3575 hi·

356 3636 480 3701 spano,
496 3628 531 3681 et
547 3617 685 3681 Thoma
695 3616 875 3695 Pasitano,
889 3620 986 3698 italo;
1000 3620 1059 3699 qui
1071 3620 1283 3698 simulatque
1293 3627 1472 3681 venerunt
1481 3618 1588 3699 Ulys-

360 3726 532 3807 siponam,
557 3724 603 3787 ad
628 3722 763 3803 Regem
788 3723 1014 3788 salutandum
1037 3743 1118 3789 cum
1138 3724 1176 3788 Ρ.
1199 3726 1359 3790 Gonzalo
1379 3726 1423 3789 de
1447 3724 1586 3789 Silvera

358 3832 459 3898 missi
474 3840 567 3909 sunt,
584 3840 619 3893 et
635 3831 679 3894 ab
694 3848 736 3894 eo
749 3848 881 3912 magna
897 3848 978 3895 cum
989 3832 1123 3897 laetitia
1137 3832 1281 3897 fuerunt
1295 3833 1444 3912 accepti.

399 4003 409 4037 ¹
437 4002 536 4047 Horum
547 4002 681 4046 dubiorum
691 4002 744 4046 ella
752 4013 797 4056 per
805 4002 985 4057 theologorum
993 4014 1153 4058 consensum,
1163 4004 1216 4048 alia
1225 4013 1288 4047 vero
1296 4015 1343 4059 per
1353 4004 1514 4049 summorum
1523 4003 1591 4047 Pon·

359 4075 457 4121 tlflcutn
467 4074 609 4119 decisiones
619 4080 645 4117 et
656 4074 847 4119 declarationes
857 4076 942 4119 soluta
950 4076 1004 4129 jam
1013 4082 1083 4126 aunt,
1092 4084 1121 4119 nr
1130 4075 1220 4119 videre
1231 4082 1271 4120 eet
1285 4074 1354 4130 apud
1363 4081 1493 4131 auctores,
1502 4075 1544 4130 qui
1554 4074 1587 4117 de

358 4147 399 4192 hla
409 4148 486 4191 rebus
497 4145 578 4189 ineius
586 4151 676 4196 arunt.

398 4220 410 4251 ¹
438 4217 527 4262 Verba
535 4221 648 4272 praeter
656 4218 686 4261 P.
693 4217 827 4272 joannem
836 4216 940 4269 Nutler,
948 4216 1175 4273 hiacrlpaltmauu
1182 4218 1371 4267 soaPolancus.
1379 4218 1431 4273 qul,
1440 4224 1470 4263 ut
1476 4217 1590 4270 ridetur,

358 4296 459 4335 textum
469 4290 625 4333 emendavit.
637 4288 699 4333 Cum
710 4288 778 4333 enlm
788 4290 914 4344 scriptum
924 4294 1002 4332 essert
1013 4289 1076 4341 “Qui
1086 4290 1162 4333 electi
1173 4289 1276 4335 luerunt
1283 4295 1311 4333 ut
1319 4289 1346 4333 iu
1356 4290 1522 4344 Aethiopiam
1531 4298 1591 4341 pro·

357 4362 536 4408 delacerentur
547 4360 570 4405 X
579 4360 686 4415 (decem)
698 4372 802 4405 numero
813 4360 925 4414 luerunt,
937 4366 963 4404 et
974 4360 1057 4405 Roma
1067 4360 1171 4415 quldem
1186 4361 1296 4417 quinque
1306 4360 1378 4406 missi
1387 4367 1484 4415 erant„;
1499 4360 1592 4404 Polan·

358 4446 404 4479 cns
412 4434 491 4477 litura
499 4433 596 4476 delevit
605 4432 631 4475 X
637 4443 758 4483 numero,
765 4440 792 4476 et
801 4444 880 4488 supra
889 4433 996 4477 lituram
1003 4433 1109 4487 scripsit
1116 4432 1181 4477 iliud
1186 4436 1299 4487 praeter
1306 4433 1333 4476 Ρ.
1342 4432 1477 4487 Ioannem
1484 4430 1594 4483 quaen,

357 4506 396 4557 hl,
405 4505 552 4559 delevitque
563 4504 644 4549 etlam
654 4506 734 4548 erant
743 4510 802 4559 poet
814 4506 901 4548 utissi.

398 4576 409 4609 ³
436 4576 507 4629 Quod
520 4576 724 4620 tendemooruen
740 4583 798 4619 erat
811 4576 881 4621 bule?
894 4577 1032 4627 Antonius.
1042 4578 1163 4631 Joanoes,
1174 4578 1287 4623 Thomas
1295 4588 1331 4622 an
1340 4576 1452 4629 ,loannes
1461 4575 1588 4619 Tuomst

358 4647 424 4693 Nam
434 4647 475 4691 hle
485 4648 602 4691 omnibus
611 4648 772 4701 appellatum
781 4648 934 4702 reperimus.
945 4650 1012 4693 vido
1027 4662 1116 4705 supra,
1128 4657 1147 4695 t.
1156 4661 1191 4704 tv,
1202 4659 1262 4705 pap.
1273 4650 1322 4704 ⁶76,
1332 4661 1356 4693 u.
1369 4648 1422 4693 teat
1431 4657 1458 4692 et
1467 4653 1553 4691 annot.
1566 4648 1588 4701 ις

357 4724 384 4764 et
395 4730 454 4775 pap.
465 4720 513 4769 577.
524 4726 611 4763 annot.
622 4718 642 4762 2.
