3717 5400
373 455 426 514 126
837 452 965 514 Cuaou.
987 454 1063 514 Soc.
1085 455 1155 528 Jos.

370 611 514 683 propter
529 601 732 680 spirituales
744 601 1017 665 exercitationes
1030 599 1104 680 jam
1119 602 1245 680 dictas,
1258 611 1334 666 tum·
1343 613 1488 683 propter
1499 606 1605 669 scho-

370 709 487 772 larum
507 707 792 771 reflorescentem
808 708 1117 786 existimationem,
1141 710 1177 771 in
1199 709 1337 789 quibus
1360 711 1442 773 licet
1463 721 1603 776 tantum

370 827 490 880 essent
504 815 688 894 octoginta
703 814 918 887 scholastici,
935 815 970 876 hi
986 815 1178 878 nobiliores
1189 825 1224 878 et
1236 816 1468 880 studiosiores
1483 827 1601 899 erant,

370 933 405 986 et
420 923 559 986 difficile
573 935 608 984 et
623 939 703 985 cum
718 922 856 985 delectu
871 939 994 985 omnes
1015 922 1258 1000 admittebant,
1279 923 1386 988 immo
1400 923 1602 1004 Collegium

370 1031 415 1093 ab
429 1030 498 1092 illis
513 1029 767 1107 exonerabant,
784 1029 844 1108 qui
858 1047 896 1091 se
910 1045 1037 1108 parum
1053 1029 1201 1091 idoneos
1212 1031 1257 1093 ad
1269 1031 1466 1094 litterarum
1482 1023 1602 1096 studia

369 1137 615 1201 ostendebant.

426 1244 496 1306 352.
542 1243 582 1306 In
597 1254 728 1305 octava
748 1241 977 1306 Pentecostes
997 1243 1144 1306 latinam
1160 1244 1355 1307 orationem
1378 1247 1434 1307 vel
1461 1247 1600 1310 concio·

368 1369 449 1415 nem
464 1350 587 1413 habuit
602 1347 640 1412 P.
657 1349 882 1426 Franciscus,
900 1358 1086 1429 praesente
1101 1349 1278 1430 Episcopo
1293 1359 1328 1412 et
1348 1353 1455 1430 cleto,
1479 1353 1513 1415 in
1530 1371 1603 1433 quo

367 1457 603 1522 examinando
618 1466 653 1518 et
669 1457 884 1519 instituendo
900 1473 1046 1535 operam
1062 1473 1163 1520 suam
1178 1457 1352 1538 Episcopo
1370 1475 1477 1538 aegre
1489 1477 1595 1540 nega*

368 1584 407 1629 re
423 1573 573 1646 poterat,
590 1581 739 1643 quorum
759 1564 977 1625 concubinas
993 1581 1127 1642 omneS,
1144 1581 1291 1627 numero
1312 1583 1384 1628 non
1405 1583 1537 1645 paucas
1554 1567 1600 1630 ab

367 1673 419 1735 eis
433 1682 678 1751 separaverat,
694 1681 728 1732 et
743 1670 863 1732 multis
878 1670 992 1732 modis
1007 1669 1050 1732 de
1067 1672 1117 1732 eis
1129 1672 1345 1734 benemereri
1359 1674 1552 1737 studuerat.

427 1779 497 1841 353.
543 1779 597 1842 Da
621 1777 822 1840 concordiis
847 1777 1019 1856 plurimis,
1048 1795 1137 1857 quas
1162 1777 1238 1840 fieri
1257 1781 1414 1858 curavit,
1441 1781 1596 1860 singilla-

367 1886 430 1949 tim
446 1887 532 1948 nihil
547 1885 711 1948 scribam.

426 1993 496 2055 354.
541 1992 619 2056 Hoc
645 2010 739 2054 anno
765 1992 948 2055 Bononiae
971 1990 1184 2056 Societatem
1210 1993 1393 2070 ingressus
1415 2004 1468 2056 est
1490 1994 1599 2058 Geor·

365 2102 446 2181 gius
463 2100 598 2176 Passio,
612 2101 749 2178 sardus,
763 2102 821 2162 vel
836 2100 964 2178 potius,
979 2099 1062 2162 dum
1078 2099 1263 2163 confitetur
1279 2101 1317 2164 P.
1336 2101 1537 2181 Augustino
1553 2103 1598 2167 de

365 2207 468 2285 Riva,
487 2208 644 2270 animum
660 2207 705 2270 ad
720 2205 935 2270 Societatem
951 2208 1152 2286 applicanS,
1171 2206 1305 2271 Romae
1326 2209 1452 2273 deinde
1469 2209 1596 2274 admis-

365 2332 427 2378 sus
441 2324 506 2376 est.
658 2377 663 2389 ,

423 2421 494 2483 355.
540 2420 736 2500 Quemdam
758 2421 933 2484 flandrum
955 2421 1155 2500 squalidum
1178 2433 1212 2484 et
1228 2439 1437 2501 pannosum,
1461 2425 1521 2502 qui
1539 2441 1595 2503 pe-

364 2529 461 2592 tebat
476 2529 512 2590 in
526 2526 741 2591 Societatem
756 2545 795 2590 se
809 2528 961 2606 admitti,
985 2527 1022 2590 P.
1039 2527 1254 2591 Franciscus
1269 2529 1424 2592 Palmius
1441 2538 1478 2592 ut
1498 2528 1596 2609 adju·

363 2646 467 2699 varet
488 2651 649 2715 coquum,
675 2633 982 2697 commiseratione
1001 2643 1132 2713 motuS,
1154 2635 1306 2713 admisit;
1331 2637 1487 2717 quicum
1509 2646 1593 2700 stre·

362 2760 432 2807 nue
447 2752 481 2806 et
496 2744 687 2822 prudenter
702 2760 739 2805 se
754 2752 894 2821 gereret
908 2759 952 2803 ac
968 2742 1192 2805 devotionem
1208 2760 1250 2806 ac
1265 2744 1433 2822 pietatem
1449 2762 1535 2824 prae
1555 2760 1596 2809 se

361 2848 481 2924 ferret,
499 2851 578 2928 plus
592 2849 624 2910 ei
639 2866 745 2928 quam
760 2866 825 2928 par
844 2858 920 2910 erat
936 2847 1155 2923 confidendo
1179 2868 1248 2911 non
1270 2852 1384 2913 solum
1404 2852 1595 2915 induerunt

362 2956 521 3019 vestibus
546 2956 663 3034 hyemi
690 2956 966 3033 congruentibus
995 2956 1199 3031 (eratenim
1224 2956 1373 3036 hyems),
1394 2958 1456 3020 sed
1479 2961 1595 3021 solum

362 3064 469 3126 etiam
485 3064 579 3126 domi
594 3062 848 3142 relinquebant,
865 3062 948 3124 dum
964 3063 1024 3125 alii
1039 3064 1074 3125 in
1090 3064 1251 3138 ecclesia,
1269 3064 1329 3125 alii
1345 3065 1592 3127 aliisin1·ebus

363 3180 465 3233 erant
479 3170 654 3249 occupati.
672 3168 875 3248 Reliquerat
889 3168 1022 3231 Rector
1036 3170 1157 3231 claves
1172 3170 1304 3248 scrinii,
1328 3171 1386 3232 ubi
1406 3173 1593 3250 pecuniam

362 3278 526 3355 habebat,
542 3276 682 3339 abditas
696 3276 789 3339 intra
804 3276 992 3355 quemdam
1008 3276 1133 3338 librum
1147 3293 1154 3337 :
1168 3276 1250 3339 dum
1263 3288 1380 3339 autern
1393 3279 1449 3339 ille
1462 3280 1595 3341 lectum

361 3382 517 3463 ejusdem
543 3382 660 3445 Patris
686 3382 822 3457 sternit,
849 3384 987 3445 cunctis
1011 3384 1216 3463 exploratis
1246 3386 1367 3446 claves
1396 3386 1530 3447 invenit
1557 3393 1592 3447 et

360 3500 484 3570 aperto
496 3490 639 3568 scrinio,
653 3506 857 3552 crumenam
870 3486 1038 3569 [reperit],
1052 3490 1110 3551 ubi
1123 3499 1217 3553 totus
1230 3491 1416 3554 thesaurus
1428 3489 1593 3555 Rectoris

361 3606 449 3674 erat,
466 3596 525 3676 qui
540 3605 658 3659 tamen
677 3607 757 3658 octo
782 3598 837 3657 vel
858 3614 1138 3679 novemaureos
1156 3614 1228 3660 non
1247 3598 1453 3677 excedebat;
1476 3612 1510 3661 at
1533 3600 1592 3661 ille

360 3720 406 3766 ne
420 3704 562 3766 obolum
577 3702 718 3781 quidem
739 3678 942 3780 reliquit,'et
961 3720 1087 3765 ocreas
1108 3705 1292 3782 quasdam,
1316 3722 1406 3785 quae
1427 3706 1476 3769 ibi
1495 3724 1592 3770 com-

360 3808 464 3873 mode
488 3808 494 3839 ¹
519 3808 741 3884 videbantur,
765 3809 871 3871 etiam
891 3810 1033 3871 abstulit
1054 3822 1087 3872 et
1108 3812 1266 3873 recessit.
1284 3812 1328 3875 Et
1349 3811 1483 3875 frustra
1509 3831 1592 3877 eum

359 3918 564 3998 persequuti
579 3927 659 3978 sunt
674 3916 744 3977 duo
759 3934 804 3977 ox
818 3917 961 3995 nostris,
978 3917 1060 3996 quia
1076 3918 1119 3980 de
1135 3918 1192 3981 via
1208 3918 1411 3983 deflexerat.
1428 3919 1509 3984 Suis
1525 3922 1587 3984 ita·

360 4042 427 4105 que
441 4024 607 4103 expensis
622 4023 799 4103 quomodo
815 4023 946 4101 ignotis
961 4024 1161 4087 hominibus
1175 4040 1269 4089 esset
1287 4024 1464 4091 fidendum
1489 4024 1589 4108 [didi-

360 4128 510 4209 cerunti.

420 4237 490 4299 356.
534 4235 710 4316 Coeperat
724 4235 762 4298 P.
779 4234 1001 4315 Augustinus
1012 4236 1086 4315 jam
1102 4239 1217 4302 dictus
1232 4240 1471 4305 conscientiae
1484 4258 1592 4306 casus

360 4344 498 4423 publice
514 4342 549 4405 in
564 4343 726 4420 ecclesia,
743 4343 832 4406 satis
848 4360 989 4422 magna,
1008 4358 1044 4407 ut
1056 4346 1244 4409 satisfieret
1259 4348 1435 4411 voluntati
1447 4348 1591 4429 Episco-

359 4450 411 4530 pi,
427 4450 624 4527 explicare;
649 4450 713 4512 sed
727 4468 809 4513 cum
828 4468 897 4513 non
918 4460 1038 4531 posset
1063 4454 1231 4532 progredi
1257 4456 1293 4517 in
1317 4454 1516 4534 hujusmodi
1538 4456 1590 4519 in·

401 4692 410 4723 ¹
439 4690 490 4742 Sic;
500 4692 597 4733 rectius
607 4692 727 4736 fortassis
738 4694 793 4737 sibi
801 4698 962 4739 commodae.
