3717 5400
816 499 880 558 Aa.
903 499 973 558 1555
1457 499 1510 558 311

282 663 341 708 res
372 655 380 686 ¹
411 645 543 708 habere
570 646 606 708 in
636 663 701 708 sua
730 646 884 708 dioecesi
910 654 944 708 et
969 645 1064 726 quod
1089 645 1244 726 quotidie
1268 645 1513 708 mendicantes

280 752 590 832 conquerebantur
605 769 643 815 se
663 753 865 816 necessaria
888 754 934 816 ad
954 753 1087 816 victum
1111 751 1208 833 [non]
1230 754 1378 829 habere;
1400 755 1513 815 multo

280 869 400 922 tumen
426 859 545 923 mitius
571 877 677 940 quam
702 859 825 923 solitus
851 871 928 923 erat
952 861 1144 940 respondit.
1172 859 1358 924 Referebat
1384 859 1513 938 aliquis

281 967 376 1046 quod
391 967 496 1029 vellet
510 966 707 1047 Episcopus
722 966 992 1030 Cameracensis
1013 977 1203 1047 expectare
1219 984 1264 1030 an
1286 983 1401 1029 novus
1420 964 1510 1028 Pon·

281 1072 369 1136 tifex
384 1071 395 1103 ¹
410 1083 509 1136 tanto
524 1072 648 1136 favore
663 1083 806 1136 nostros
820 1083 1106 1154 prosequeretur,
1123 1091 1230 1153 quam
1252 1073 1365 1154 Julius
1385 1070 1513 1134 tertius

280 1179 657 1260 sueratprosequutus
1492 1179 1496 1194 “

340 1287 410 1351 847.
456 1288 571 1351 Aliter
585 1305 622 1350 se
638 1305 696 1351 res
710 1285 862 1352 habebat
877 1289 912 1351 in
927 1287 1144 1368 Episcopatu
1168 1286 1198 1348 T
1200 1287 1404 1365 ornacensi;
1426 1302 1511 1348 nam

283 1394 464 1474 VicariuS,
481 1413 551 1459 non
566 1397 680 1458 solum
695 1413 733 1459 se
747 1396 840 1458 nolle
851 1395 1022 1476 impedire
1033 1397 1122 1458 tales
1134 1395 1319 1475 operarios
1329 1405 1510 1473 tamquam

285 1503 400 1582 utileS,
427 1502 488 1566 sed
514 1504 760 1584 quodcumque
785 1513 905 1583 posset
931 1503 1102 1566 auxilium
1126 1520 1164 1565 se
1192 1503 1283 1564 velle
1309 1501 1512 1580 impendere

284 1609 495 1673 affirmabat.
512 1609 668 1688 Interim,
691 1621 772 1691 post
791 1611 1008 1674 creationem
1034 1609 1135 1672 Pauli
1158 1609 1220 1688 lV,
1243 1609 1382 1672 litterae
1406 1624 1510 1687 quae·

282 1717 363 1779 dam
390 1717 515 1780 aulicis
539 1715 828 1780 Bruxellensibus
842 1717 958 1793 datae,
984 1728 1019 1780 et
1043 1717 1088 1778 ab
1113 1717 1164 1780 eis
1189 1732 1336 1795 sparsae
1356 1713 1511 1790 fuerunt,

284 1823 410 1904 quibus
426 1823 493 1887 hoc
509 1823 772 1888 continebatur:
792 1825 889 1903 pium
905 1840 949 1887 ac
964 1825 1113 1904 probum
1134 1841 1199 1886 nos
1218 1822 1350 1885 babere
1369 1819 1510 1884 Pontifi-

282 1947 360 1993 cem
375 1929 524 1993 Paulum
538 1929 599 2007 IV,
617 1931 676 2010 qui
696 1947 819 1993 omnes
834 1931 1025 2009 religiones
1040 1929 1313 2010 approbaverat,
1327 1928 1435 1991 unica
1452 1943 1510 1989 ex·

282 2048 397 2117 cepta,
425 2037 462 2099 in
488 2055 558 2117 qua
584 2047 686 2100 erant
711 2038 856 2100 maximi
879 2037 1100 2118 hypocritae,
1118 2053 1224 2117 quam
1244 2035 1387 2099 omnino
1402 2034 1511 2096 deleri

281 2145 405 2230 voluit3
423 2154 457 2207 et
473 2145 541 2207 hae
556 2145 693 2208 litterae
708 2145 951 2207 discurrerunt
963 2161 1026 2224 per
1037 2155 1149 2207 totum
1164 2143 1344 2223 oppidum,
1362 2151 1397 2204 et
1411 2142 1511 2206 multi

282 2268 404 2314 earum
420 2253 619 2330 exemplum
635 2261 815 2332 ceperunt,
837 2263 870 2314 et
886 2252 947 2332 qui
966 2251 1072 2314 amici
1093 2248 1281 2314 Societatis
1305 2257 1418 2328 erant,
1434 2249 1511 2312 irri-

283 2359 412 2436 sioneS,
431 2368 626 2420 scommata
642 2368 676 2421 et
690 2357 838 2438 injurias
852 2376 923 2421 non
937 2375 1073 2438 paucas
1086 2357 1180 2421 ferre
1199 2357 1395 2437 oportebat.

340 2463 411 2527 848.
456 2464 611 2528 Tornaci
627 2467 734 2529 etiam
749 2477 783 2528 et
799 2465 881 2528 alibi
896 2481 1017 2528 rumor
1032 2466 1090 2528 ille
1110 2463 1373 2550 increbrescere
1387 2479 1510 2542 coepe·

283 2579 351 2650 rat,
368 2570 427 2634 ubi
442 2573 547 2651 paulo
562 2582 644 2635 ante
659 2571 792 2635 diversi
807 2572 866 2635 alii
882 2588 1043 2635 rumores
1070 2570 1421 2647 circumferebantur,
1445 2570 1511 2632 sci-

282 2678 376 2757 licet,
391 2677 599 2742 Pontificem
614 2695 692 2742 esse
707 2678 750 2742 de
765 2687 889 2743 nostra
904 2677 1093 2757 Societate,
1110 2686 1145 2742 et
1161 2677 1253 2759 quod
1267 2676 1405 2741 factura
1417 2686 1510 2741 esset

281 2784 444 2849 Societas
459 2785 627 2867 quidquid
641 2788 758 2849 vellet.
776 2784 847 2850 Sed
862 2787 899 2849 hi
913 2786 993 2849 falsi
1009 2802 1171 2850 rumores
1184 2784 1289 2848 facile
1305 2804 1327 2847 a
1348 2785 1512 2848 veritatis

284 2894 364 2955 luce
379 2892 613 2972 dissipantur;
635 2909 700 2956 nec
722 2902 911 2973 propterea
932 2892 1080 2956 deerant
1104 2910 1150 2955 ex
1174 2891 1388 2972 primoribus
1412 2893 1512 2954 multi

177 3066 178 3069 ,
281 2998 448 3077 Tornaci,
466 2999 525 3080 qui
540 3016 710 3079 magnum
727 3000 885 3064 favorem
902 3000 1035 3064 nostris
1053 3000 1309 3080 impenderent.
1330 2998 1384 3062 De
1403 3001 1511 3062 colle-

280 3107 341 3185 gio
358 3116 477 3169 tamen
492 3106 540 3169 ibi
554 3106 770 3170 instituendo
786 3108 883 3170 nulla
898 3108 1031 3170 mentio
1046 3107 1164 3184 fiebat,
1180 3123 1246 3170 nec
1257 3107 1386 3169 mirum
1396 3105 1433 3169 id
1443 3116 1507 3182 est,

280 3231 361 3277 cum
377 3213 422 3277 ab
437 3213 654 3294 Imperatore
669 3214 827 3277 nondum
842 3224 935 3277 esset
956 3214 1109 3278 facultas
1128 3214 1271 3277 obtenta
1292 3225 1332 3276 ut
1351 3211 1514 3277 Societas

279 3321 316 3383 in
330 3320 399 3384 illis
413 3319 488 3399 ejus
503 3320 695 3384 ditionibus
710 3322 850 3384 radices
865 3331 1004 3401 ageret,
1020 3331 1082 3384 aut
1096 3322 1169 3384 ulla
1182 3321 1324 3384 stabilia
1338 3320 1429 3383 bona
1446 3320 1508 3383 ha·

281 3428 392 3491 beret.

342 3534 414 3597 849.
459 3534 809 3613 Congratulabantur
831 3544 950 3599 autent
971 3536 1104 3599 nostris
1125 3535 1168 3598 de
1191 3530 1399 3614 perutilibus
1421 3538 1509 3615 ipso·

282 3658 360 3704 rum
379 3641 569 3718 laboribuS,
585 3649 619 3703 et
635 3642 691 3704 vir
706 3642 849 3722 quidam
865 3658 1018 3721 magnae
1034 3641 1258 3705 auctoritatis
1273 3642 1404 3704 nostris
1418 3652 1513 3704 retu*

283 3750 322 3811 lit
348 3764 386 3811 se
406 3749 497 3812 mira
519 3748 699 3812 audivisse
720 3749 844 3828 spargi
864 3749 907 3811 de
927 3748 1071 3827 nostriS,
1091 3760 1166 3811 tam
1186 3767 1208 3811 a
1227 3747 1511 3827 tornacensibus,

283 3872 389 3935 quam
415 3856 460 3917 ab
486 3856 655 3933 externis,
683 3855 880 3919 dicentibus
904 3873 943 3918 se
968 3854 1070 3935 quasi
1091 3852 1369 3945 novam-faciem
1388 3854 1510 3917 videre

282 3960 358 4041 ejus
374 3961 530 4024 civitatis
544 3972 579 4025 et
590 3961 741 4025 aliorum
755 3964 925 4039 locorum,
939 3962 976 4025 in
986 3962 1115 4042 quibus
1125 3961 1238 4024 nostri
1250 3961 1384 4023 versati
1395 3970 1509 4037 erant,

283 4078 318 4131 et
333 4068 471 4131 felicem
487 4085 567 4131 esse
582 4068 775 4147 civitatem,
791 4085 883 4148 quae
905 4070 995 4131 tales
1018 4068 1164 4131 haberet
1185 4068 1454 4131 concionatores
1475 4078 1511 4129 et

279 4174 477 4255 operarios
507 4172 629 4251 Aliqui
652 4185 771 4238 tamen
795 4174 972 4255 religiosi,
999 4192 1042 4237 ac
1063 4175 1253 4254 praecipue
1281 4172 1509 4252 franciscani,

277 4292 421 4344 nostros
435 4281 663 4359 exercebant,
679 4282 871 4362 praecipue
892 4290 972 4361 post
986 4279 1232 4343 Commissarii
1246 4278 1430 4360 cujusdam
1450 4282 1512 4345 ad-

278 4397 438 4465 ventum,
454 4388 565 4468 quiin
580 4388 806 4451 monasteriis
821 4404 965 4451 suarum
987 4387 1192 4451 monialium
1215 4397 1356 4451 nostros
1370 4388 1511 4452 concio-

321 4664 327 4696 Ι
357 4664 582 4708 Praedicatorum
594 4666 673 4710 babet
684 4664 729 4708 bis.

319 4737 330 4767 ¹
359 4734 455 4780 Paulus
465 4736 511 4780 IV.
