3717 5400
354 461 392 522 22
813 467 940 525 Canon.
961 466 1038 526 Soc.
1059 468 1128 540 Jss.

355 625 460 672 usum
476 611 739 689 aegrotantium
755 613 929 676 instructa
945 622 1010 690 est,
1036 613 1080 676 D.
1105 613 1274 677 Torrensi
1299 612 1319 693 ¹,
1346 613 1408 694 qui
1428 614 1589 678 medicus

354 727 444 794 erat,
473 717 622 781 sollicite
644 718 732 781 haec
756 719 935 798 praesidia
960 720 1181 784 infirmorum
1206 729 1371 799 curante,
1394 729 1429 783 et
1449 720 1588 801 primus

357 822 657 902 pharmacopolae
673 825 786 889 officio
799 825 940 890 iunctus
951 827 1018 890 fuit
1029 826 1233 892 Ludovicus
1244 829 1386 907 quidam
1399 828 1587 900 lusitanus,

360 928 463 1010 hujus
479 931 567 994 artis
582 931 732 1011 peritus,
756 934 915 1013 quicum
937 933 1120 998 Bernardo
1140 934 1334 1017 Japonensi
1355 934 1505 997 Romam
1525 951 1585 997 ve·

354 1046 469 1100 nerat.

414 1142 466 1208 34.
511 1143 627 1208 Vinea
644 1145 749 1208 etiam
765 1145 801 1208 iu
814 1145 995 1210 Aventino
1014 1157 1134 1227 empta
1154 1155 1219 1209 est.
1242 1145 1379 1210 Domus
1399 1148 1518 1227 ampla
1538 1148 1585 1209 ad

356 1251 596 1330 collegialium
624 1253 882 1316 recreationem
910 1262 945 1316 et
973 1254 1266 1318 exercitationem
1294 1271 1340 1316 ex
1364 1255 1588 1344 praescripto

354 1355 393 1419 P.
410 1357 540 1437 Ignatii
556 1370 682 1437 coepta
700 1370 764 1438 est;
787 1360 845 1422 cui
868 1361 969 1440 operi
986 1361 1159 1440 praefecit
1181 1360 1218 1424 Ρ.
1242 1360 1456 1424 Madridium
1480 1359 1503 1439 ²,
1525 1362 1587 1442 qui

353 1463 512 1528 nondum
527 1464 698 1529 Societati
712 1483 751 1528 se
766 1467 923 1546 dederat;
941 1477 975 1531 et
990 1469 1154 1547 quamvis
1174 1485 1307 1548 magua
1327 1479 1420 1532 esset
1439 1469 1586 1542 caritate,

354 1580 394 1633 ut
408 1571 575 1646 diximuS,
597 1573 701 1636 nullis
724 1575 890 1654 expensis
910 1575 1128 1654 parcendum
1146 1592 1224 1637 esse
1246 1576 1392 1655 putabat
1413 1575 1583 1654 ignatius

355 1686 394 1741 ut
419 1680 752 1743 convalescentibus
776 1697 818 1742 ac
843 1680 1113 1744 valetudinariis
1131 1682 1246 1761 primo
1267 1699 1405 1762 quoque
1427 1693 1588 1762 tempore

357 1784 484 1849 domus
498 1786 685 1850 commoda
700 1795 826 1868 parata
842 1796 935 1850 esset
954 1786 978 1853 ³.

414 1891 465 1956 35.
512 1891 615 1970 Quod
637 1893 683 1955 ad
706 1894 893 1972 collegium
907 1905 1068 1959 nostrum
1089 1896 1224 1974 attinet,
1249 1897 1317 1959 hoc
1332 1913 1425 1958 anno
1440 1903 1585 1976 praeter

356 2007 436 2062 octo
450 2001 583 2064 classes
594 2008 655 2062 aut
667 2017 807 2079 novem,
821 2001 997 2082 inquibus
1011 2002 1149 2065 litterae
1163 2003 1391 2066 humaniores
1406 2003 1512 2066 trium
1522 2002 1587 2065 lin-

355 2122 508 2185 guarum
524 2106 753 2184 docebantur,
770 2117 843 2170 tres
857 2107 1102 2188 philosophiae
1117 2109 1270 2172 lectores
1284 2119 1386 2172 erant
1401 2110 1584 2186 ordinarii3

357 2213 419 2276 sed
436 2223 583 2293 quartus
599 2212 706 2276 etiam
721 2212 991 2294 adjungebatur,
1008 2224 1046 2278 ut
1060 2233 1151 2296 quae
1167 2216 1210 2279 ab
1229 2215 1418 2279 ordinariis
1432 2216 1585 2279 triennio

355 2320 514 2400 praelegi
539 2336 611 2382 nou
637 2329 818 2399 poterant,
846 2321 890 2382 ab
915 2338 957 2384 eo
982 2322 1160 2401 explicata
1185 2322 1402 2386 audirentur.
1433 2321 1586 2402 Quintus

354 2427 459 2489 etiam
475 2425 672 2490 accedebat
687 2428 800 2490 lector
815 2427 1100 2507 mathematicus,
1117 2428 1176 2509 qui
1191 2427 1366 2510 frequenti
1381 2447 1462 2493 cum
1488 2431 1587 2494 audi·

357 2534 450 2596 torio
465 2533 654 2613 diligenter
670 2533 862 2597 admodum
877 2533 992 2596 officio
1006 2552 1072 2598 suo
1091 2535 1304 2615 fungebatur
1325 2534 1347 2599 ⁸.
1370 2535 1459 2598 Tres
1481 2548 1583 2600 erant

353 2645 552 2658 ———--

395 2702 403 2734 ¹
431 2702 520 2756 Patre,
531 2703 639 2755 scilicet,
651 2704 821 2747 Baithassare
832 2704 863 2747 de
876 2700 980 2747 Turres.
989 2704 1056 2747 Vide
1066 2716 1153 2759 supra,
1166 2713 1184 2747 t.
1199 2716 1237 2756 ur,
1248 2717 1307 2759 pag.
1318 2703 1339 2758 8,
1350 2718 1374 2748 n.
1384 2708 1406 2749 6.

395 2776 406 2807 Ξ
434 2774 463 2817 Ρ.
473 2773 689 2827 christophorum
702 2774 811 2818 hiadrld.

396 2848 407 2877 ³
435 2846 473 2890 “A
483 2847 564 2890 vlnha
574 2858 588 2888 e
597 2847 649 2890 hila
660 2847 751 2900 quinta
761 2858 808 2899 que
818 2856 892 2889 nosso
902 2858 952 2901 pae
963 2846 1001 2889 iez
1012 2857 1133 2900 comprar
1141 2859 1179 2890 em
1191 2854 1277 2902 tempo
1286 2849 1317 2892 de
1328 2850 1410 2893 multa
1420 2851 1587 2896 necessldade

354 2922 383 2962 so
393 2929 441 2972 por
451 2918 493 2961 lhe
504 2928 613 2972 parerer
624 2918 772 2961 necessaria
782 2928 845 2972 pera
856 2928 871 2961 a
882 2918 962 2961 sande
974 2918 1019 2960 dos
1029 2918 1133 2967 irmaos.
1147 2930 1194 2973 que
1205 2929 1252 2972 por
1266 2931 1351 2963 serem
1361 2931 1393 2964 no
1404 2920 1520 2976 collegio
1535 2923 1585 2966 Ro·

354 3000 431 3033 mano
448 2990 542 3033 multos
559 3002 572 3032 e
592 2990 624 3033 de
643 3001 703 3045 muy
721 2990 869 3033 differentes
884 2994 987 3042 uacoes,
1005 3001 1019 3032 e
1036 2989 1118 3033 Roma
1134 2996 1225 3045 muyto
1242 2991 1336 3035 nociva
1352 2993 1552 3047 especialmente
1569 3006 1586 3038 a

355 3061 532 3115 estrangeiros
543 3061 621 3104 remia
633 3061 775 3105 adoeeesen
786 3072 803 3103 a
817 3062 903 3104 miuda
914 3073 927 3103 e
938 3067 1117 3115 grai-emente.
1129 3060 1198 3105 Para
1213 3068 1268 3105 este
1280 3062 1322 3107 fim
1333 3063 1372 3107 lez
1386 3075 1435 3118 que
1451 3073 1527 3108 antes
1537 3077 1587 3120 que

355 3144 370 3176 a
382 3133 472 3187 quinta
483 3144 509 3175 se
521 3144 669 3186 comprasse
680 3132 747 3175 losse
759 3142 806 3175 ver
821 3132 906 3176 ositlo
916 3131 949 3175 Μ.
969 3132 1127 3175 Alessandro
1141 3132 1291 3186 (Petronio),
1308 3146 1357 3188 que
1367 3146 1413 3179 era
1428 3147 1442 3178 o
1458 3136 1587 3192 principa}

356 3205 455 3249 medico
470 3206 501 3247 de
518 3202 606 3254 Roma,
624 3214 689 3257 pera
707 3204 793 3257 iulgar
806 3214 834 3248 se
850 3204 919 3247 seria
933 3204 1019 3255 sadio,
1035 3215 1049 3247 e
1063 3214 1112 3258 por
1125 3205 1150 3247 le
1164 3216 1274 3257 pareeer
1289 3207 1369 3251 multo
1386 3209 1445 3251 bom
1462 3219 1479 3255 ι
1496 3215 1584 3253 tomou

356 3274 403 3321 N.⁰
414 3275 464 3327 Pu,
475 3275 552 3318 ainda
563 3286 611 3327 que
622 3274 711 3328 depols
721 3286 736 3317 a
748 3274 910 3327 experiencia
926 3281 1042 3318 mostrou
1052 3286 1067 3317 o
1081 3276 1234 3323 contrario..
1247 3275 1274 3318 P.
1288 3274 1436 3321 Lunovrcus
1451 3278 1588 3323 Gouzasaz

355 3358 391 3391 os
406 3346 526 3398 Causas,
546 3346 572 3389 ln
590 3344 682 3389 Codice
699 3346 800 3399 aiguas
814 3356 918 3397 cousus,
929 3348 988 3396 etr„
1004 3345 1205 3389 ms.—“Nuestro
1222 3346 1315 3395 Padre.
1328 3360 1376 3391 con
1394 3357 1466 3393 estar
1483 3350 1523 3394 los
1539 3363 1588 3405 que

355 3418 389 3463 V.
401 3418 432 3462 R.
443 3418 501 3473 dejci,
511 3429 542 3460 en
553 3418 635 3461 Roma
645 3430 662 3474 y
671 3416 728 3461 bien
739 3424 811 3461 otros
822 3416 908 3461 veinte
919 3417 950 3460 de
961 3429 1017 3461 mas
1031 3417 1174 3461 resclbldos
1184 3417 1292 3471 despues
1306 3419 1337 3462 de
1352 3432 1381 3464 su
1398 3422 1511 3475 partlda,
1522 3423 1589 3467 haee

355 3489 471 3534 lubricat
481 3501 513 3532 en
524 3496 616 3533 cuatro
626 3495 716 3543 partes
725 3490 853 3543 diversas,
863 3501 881 3545 y
892 3500 940 3533 con
949 3500 980 3533 su
995 3490 1061 3533 boen
1076 3490 1162 3533 auimo
1178 3489 1201 3532 le
1217 3489 1250 3533 da
1265 3492 1282 3533 a
1297 3491 1379 3543 todos,
1396 3492 1522 3537 haelendo
1537 3505 1589 3549 que

356 3561 477 3605 miramus
488 3563 503 3603 a
514 3562 539 3603 lo
551 3560 648 3609 divino.
659 3572 691 3603 en
701 3562 726 3603 lo
737 3562 798 3615 qual
808 3572 854 3604 nos
865 3561 1063 3614 eusanchamos,
1073 3573 1090 3616 y
1101 3572 1133 3603 no
1144 3562 1159 3603 a
1171 3561 1197 3603 lo
1207 3561 1328 3611 humano,
1346 3562 1428 3606 doude
1443 3576 1489 3608 uos
1505 3571 1586 3608 estre·

355 3633 469 3685 chamos,
481 3644 514 3675 no
525 3632 654 3686 pudiendo
665 3644 716 3676 aun
725 3633 764 3675 los
774 3633 842 3675 ricos
852 3632 937 3676 ahora
946 3633 1050 3675 valerse
1060 3642 1091 3675 en
1102 3632 1184 3675 cierto
1194 3634 1269 3675 modo
1279 3644 1345 3687 para
1356 3634 1426 3677 vivir
1436 3647 1468 3678 en
1481 3636 1589 3689 Roma„

356 3704 494 3753 Polancus.
503 3714 536 3747 ex
548 3714 625 3757 com„
634 3704 708 3749 Patri
719 3703 876 3757 Hieronymo
886 3704 980 3755 Nadal,
992 3704 1027 3746 l.⁸
1037 3703 1136 3757 Aprilis
1147 3704 1302 3747 libb-Vide
1313 3704 1501 3761 RrasnsuaraA,
1518 3706 1586 3751 Vida

355 3779 388 3821 da
400 3778 456 3821 San
465 3777 576 3830 rgnacro
586 3778 620 3820 de
630 3776 737 3831 Loyola,
748 3778 790 3821 lib.
803 3788 829 3829 v,
841 3788 898 3831 cap.
909 3788 946 3821 rx.
957 3776 1087 3819 “Estando
1097 3788 1149 3820 una
1156 3788 1203 3819 νει
1213 3777 1283 3828 (issu)
1294 3789 1324 3819 en
1335 3780 1434 3831 grande
1449 3780 1551 3834 aprleto
1560 3781 1587 3823 la

355 3849 448 3893 cludad
460 3849 491 3893 de
502 3847 624 3901 Romam„

397 3923 407 3953 δ
433 3920 470 3965 Ut
480 3921 550 3963 clare
563 3926 691 3975 appareat
700 3920 789 3975 quanti
802 3920 867 3964 haec
881 3919 968 3963 studia
978 3919 1076 3962 faceret
1086 3918 1211 3972 Ignatius,
1223 3920 1342 3972 quamvis
1351 3932 1383 3963 ea
1393 3922 1478 3965 studio
1489 3920 1588 3966 Sacrae

356 3992 507 4047 scripturae
517 3999 542 4035 et
555 3990 712 4045 Theologiae
723 3998 890 4045 postponeret
900 3997 925 4033 et
936 3991 1125 4038 subordinaret.
1134 3991 1211 4046 Juvat
1222 4001 1255 4034 ex
1265 3992 1388 4045 pluribus,
1399 4004 1465 4046 quae
1476 3994 1501 4036 in
1511 3992 1589 4037 Nova

355 4066 435 4117 ipsius
445 4064 604 4105 litterarum
614 4066 686 4106 serie
694 4063 771 4106 edere
783 4063 946 4113 intendimus,
955 4062 1020 4105 haec
1028 4063 1082 4117 jam
1097 4072 1163 4105 nune
1173 4063 1334 4105 exscribere:
1352 4062 1387 4105 “11
1404 4064 1511 4107 Dotrore
1527 4065 1589 4109 Tor·

357 4146 406 4183 res.
417 4135 478 4178 olim
488 4134 595 4187 medico,
607 4134 701 4177 adesso
712 4135 834 4188 religioso
845 4142 870 4177 et
884 4136 980 4177 lettore
996 4134 1022 4177 di
1038 4132 1226 4177 Mathematlea
1240 4141 1266 4177 et
1284 4134 1452 4189 Philosophia
1468 4139 1590 4181 naturale

357 4206 397 4247 nel
408 4214 497 4248 nostro
514 4203 632 4257 Colleglo
647 4205 672 4249 di
690 4204 780 4254 Roma.
798 4206 833 4249 ha
849 4206 932 4249 inteso
947 4205 995 4247 che
1011 4205 1028 4247 ll
1045 4211 1134 4247 nostro
1152 4204 1305 4248 charissimo
1321 4205 1397 4249 Mtro.
1412 4206 1542 4251 Giovanni
1557 4208 1589 4251 de

357 4274 434 4319 Roals
444 4277 510 4319 tiene
522 4276 587 4319 certi
598 4276 765 4321 instrumenti
777 4289 791 4320 o
802 4276 883 4330 figure
894 4276 961 4318 delle
973 4275 1089 4319 theorice
1098 4276 1124 4318 di
1135 4276 1238 4330 planete
1249 4278 1329 4320 molto
1338 4279 1412 4331 bone;
1423 4283 1449 4320 et
1463 4279 1590 4322 accaden-

358 4347 447 4389 rioche
459 4346 495 4391 lul
506 4357 537 4389 ne
549 4346 583 4390 ha
594 4347 620 4390 di
631 4347 738 4400 bisogno
748 4359 795 4401 per
806 4350 910 4402 leggere
921 4347 994 4390 dette
1010 4346 1135 4399 theorice,
1154 4348 1177 4391 cl
1195 4348 1229 4391 ha
1245 4348 1312 4391 fatto
1329 4349 1455 4393 instantia
1472 4361 1518 4404 per
1533 4362 1589 4404 pre·

357 4429 421 4470 gare
432 4428 480 4461 sua
491 4417 611 4472 Signoria
622 4429 651 4461 ce
663 4418 686 4461 le
697 4419 778 4473 presti
788 4430 834 4473 per
844 4429 878 4462 un
889 4429 953 4473 poco
964 4418 988 4462 dl
1002 4425 1098 4471 tempo.
1113 4418 1210 4462 Vestra
1226 4418 1371 4463 Rlverenza
1388 4420 1455 4464 vecla
1470 4432 1497 4463 se
1513 4424 1589 4474 porra

357 4500 435 4534 senza
444 4490 618 4533 discommodo
626 4491 755 4543 prestarle
767 4498 793 4533 et
803 4492 968 4534 mandarcele
975 4501 1023 4544 per
1033 4490 1142 4544 qualche
1152 4492 1296 4545 vecturalm
1305 4491 1352 4534 che
1360 4492 1385 4534 dl
1396 4502 1446 4545 qua
1457 4492 1478 4535 si
1487 4494 1589 4545 pagara

359 4562 385 4603 la
394 4571 470 4614 spesa
481 4561 532 4603 allo
544 4561 626 4603 ander
636 4569 662 4604 et
674 4566 773 4605 tornat.
784 4562 817 4605 Se
826 4572 890 4615 pure
901 4564 924 4605 le
936 4561 1102 4615 adopertae,
1112 4570 1127 4605 ο
1139 4572 1202 4605 vero
1211 4564 1233 4604 si
1249 4570 1359 4605 temesae
1371 4572 1423 4605 non
1435 4563 1458 4605 sl
1468 4572 1590 4616 guastus-

358 4632 423 4685 slno,
435 4642 482 4675 non
494 4631 622 4676 accadera
640 4634 773 4676 mandarle
789 4666 801 4685 „
816 4634 952 4684 Polancus,
970 4645 1003 4675 ex
1017 4644 1092 4685 com„
1110 4633 1181 4676 Patri
1196 4633 1328 4677 Ludovico
1343 4634 1377 4676 du
1393 4633 1521 4689 Coudrey,
1537 4634 1589 4677 Re-

360 4704 428 4745 ctori
440 4702 546 4756 Collegll
557 4702 710 4757 Florentiui,
720 4706 756 4747 5.·
766 4704 882 4757 Januarrl
896 4705 954 4747 1555.
