<?xml version="1.0" encoding="UTF-8"?>
<!DOCTYPE html PUBLIC "-//W3C//DTD XHTML 1.0 Transitional//EN"
    "http://www.w3.org/TR/xhtml1/DTD/xhtml1-transitional.dtd">
<html xmlns="http://www.w3.org/1999/xhtml" xml:lang="en" lang="en">
 <head>
  <title>
</title>
<meta http-equiv="Content-Type" content="text/html;charset=utf-8" />
  <meta name='ocr-system' content='tesseract 3.04.00' />
  <meta name='ocr-capabilities' content='ocr_page ocr_carea ocr_par ocr_line ocrx_word'/>
</head>
<body>
  <div class='ocr_page' id='page_1' title='image "./vitaignatiiloio01polagoog_0139.png"; bbox 0 0 3717 5400; ppageno 0'>
   <div class='ocr_carea' id='block_1_1' title="bbox 850 515 1548 578">
    <p class='ocr_par' dir='ltr' id='par_1_1' title="bbox 850 515 1548 578">
     <span class='ocr_line' id='line_1_1' title="bbox 850 515 1548 578; baseline -0.001 -1"><span class='ocrx_word' id='word_1_1' title='bbox 850 518 915 578; x_wconf 85' lang='lat' dir='ltr'>Au.</span> <span class='ocrx_word' id='word_1_2' title='bbox 943 519 1013 578; x_wconf 71' lang='lat' dir='ltr'>l&#39;abb</span> <span class='ocrx_word' id='word_1_3' title='bbox 1496 515 1548 576; x_wconf 80' lang='lat'>133</span> 
     </span>
    </p>
   </div>
   <div class='ocr_carea' id='block_1_2' title="bbox 296 663 1549 4817">
    <p class='ocr_par' dir='ltr' id='par_1_2' title="bbox 306 663 1549 1158">
     <span class='ocr_line' id='line_1_2' title="bbox 310 663 1549 744; baseline -0.002 -15"><span class='ocrx_word' id='word_1_4' title='bbox 310 676 445 729; x_wconf 81' lang='lat' dir='ltr'>contra</span> <span class='ocrx_word' id='word_1_5' title='bbox 458 682 558 728; x_wconf 82' lang='lat' dir='ltr'>arma</span> <span class='ocrx_word' id='word_1_6' title='bbox 575 665 799 729; x_wconf 89' lang='lat' dir='ltr'>inimicorum</span> <span class='ocrx_word' id='word_1_7' title='bbox 818 665 1024 744; x_wconf 79' lang='lat' dir='ltr'>gestabant,</span> <span class='ocrx_word' id='word_1_8' title='bbox 1048 681 1114 727; x_wconf 93' lang='lat' dir='ltr'>nec</span> <span class='ocrx_word' id='word_1_9' title='bbox 1136 664 1318 727; x_wconf 88' lang='lat' dir='ltr'>daemonis</span> <span class='ocrx_word' id='word_1_10' title='bbox 1338 663 1487 726; x_wconf 88' lang='lat' dir='ltr'>vulnera</span> <span class='ocrx_word' id='word_1_11' title='bbox 1509 663 1549 726; x_wconf 90' lang='lat' dir='ltr'>ti·</span> 
     </span>
     <span class='ocr_line' id='line_1_3' title="bbox 310 771 1548 854; baseline -0.002 -18"><span class='ocrx_word' id='word_1_12' title='bbox 310 774 470 836; x_wconf 84' lang='lat' dir='ltr'><strong>mebant.</strong></span> <span class='ocrx_word' id='word_1_13' title='bbox 486 773 601 836; x_wconf 85' lang='lat' dir='ltr'>Mater</span> <span class='ocrx_word' id='word_1_14' title='bbox 615 773 792 853; x_wconf 83' lang='lat' dir='ltr'>quaedam</span> <span class='ocrx_word' id='word_1_15' title='bbox 806 773 987 854; x_wconf 82' lang='lat' dir='ltr'>propriam</span> <span class='ocrx_word' id='word_1_16' title='bbox 1002 771 1109 835; x_wconf 87' lang='lat' dir='ltr'>filiam</span> <span class='ocrx_word' id='word_1_17' title='bbox 1131 772 1166 834; x_wconf 91' lang='lat' dir='ltr'>in</span> <span class='ocrx_word' id='word_1_18' title='bbox 1187 772 1281 851; x_wconf 86' lang='lat' dir='ltr'>turpi</span> <span class='ocrx_word' id='word_1_19' title='bbox 1301 772 1376 834; x_wconf 88' lang='lat' dir='ltr'>vita</span> <span class='ocrx_word' id='word_1_20' title='bbox 1398 771 1548 834; x_wconf 84' lang='lat' dir='ltr'><strong>similem</strong></span> 
     </span>
     <span class='ocr_line' id='line_1_4' title="bbox 306 877 1546 960; baseline -0.003 -16"><span class='ocrx_word' id='word_1_21' title='bbox 306 878 493 944; x_wconf 79' lang='lat' dir='ltr'>effecerat.</span> <span class='ocrx_word' id='word_1_22' title='bbox 511 878 581 944; x_wconf 88' lang='lat' dir='ltr'>Sed</span> <span class='ocrx_word' id='word_1_23' title='bbox 593 880 671 960; x_wconf 90' lang='lat' dir='ltr'>ipsa</span> <span class='ocrx_word' id='word_1_24' title='bbox 683 878 729 943; x_wconf 92' lang='lat' dir='ltr'>ad</span> <span class='ocrx_word' id='word_1_25' title='bbox 738 879 995 960; x_wconf 88' lang='lat' dir='ltr'>poenitentiam</span> <span class='ocrx_word' id='word_1_26' title='bbox 1006 877 1158 942; x_wconf 89' lang='lat' dir='ltr'>adducta</span> <span class='ocrx_word' id='word_1_27' title='bbox 1171 889 1206 942; x_wconf 91' lang='lat' dir='ltr'>et</span> <span class='ocrx_word' id='word_1_28' title='bbox 1218 887 1424 942; x_wconf 87' lang='lat' dir='ltr'>constanter</span> <span class='ocrx_word' id='word_1_29' title='bbox 1434 877 1546 941; x_wconf 89' lang='lat' dir='ltr'>variis</span> 
     </span>
     <span class='ocr_line' id='line_1_5' title="bbox 306 985 1547 1067; baseline -0.002 -17"><span class='ocrx_word' id='word_1_30' title='bbox 306 986 639 1067; x_wconf 79' lang='lat' dir='ltr'>oppugnationibus</span> <span class='ocrx_word' id='word_1_31' title='bbox 649 987 831 1064; x_wconf 80' lang='lat' dir='ltr'>resistenS,</span> <span class='ocrx_word' id='word_1_32' title='bbox 851 985 898 1049; x_wconf 89' lang='lat' dir='ltr'>ad</span> <span class='ocrx_word' id='word_1_33' title='bbox 916 985 1010 1048; x_wconf 87' lang='lat' dir='ltr'>filiae</span> <span class='ocrx_word' id='word_1_34' title='bbox 1029 985 1286 1050; x_wconf 88' lang='lat' dir='ltr'>restitutionem</span> <span class='ocrx_word' id='word_1_35' title='bbox 1307 985 1547 1049; x_wconf 89' lang='lat' dir='ltr'>inhonestum</span> 
     </span>
     <span class='ocr_line' id='line_1_6' title="bbox 322 1093 981 1158; baseline 0.003 -2"><span class='ocrx_word' id='word_1_36' title='bbox 322 1095 418 1158; x_wconf 87' lang='lat' dir='ltr'>vitae</span> <span class='ocrx_word' id='word_1_37' title='bbox 432 1103 564 1157; x_wconf 89' lang='lat' dir='ltr'>statum</span> <span class='ocrx_word' id='word_1_38' title='bbox 575 1093 724 1157; x_wconf 85' lang='lat' dir='ltr'>sollicite</span> <span class='ocrx_word' id='word_1_39' title='bbox 737 1111 777 1156; x_wconf 91' lang='lat' dir='ltr'>se</span> <span class='ocrx_word' id='word_1_40' title='bbox 791 1096 981 1158; x_wconf 88' lang='lat' dir='ltr'>convertit.</span> 
     </span>
    </p>

    <p class='ocr_par' dir='ltr' id='par_1_3' title="bbox 302 1198 1547 3196">
     <span class='ocr_line' id='line_1_7' title="bbox 375 1198 1547 1281; baseline -0.002 -17"><span class='ocrx_word' id='word_1_41' title='bbox 375 1200 448 1265; x_wconf 80' lang='lat'><strong>376.</strong></span> <span class='ocrx_word' id='word_1_42' title='bbox 491 1199 637 1264; x_wconf 88' lang='lat' dir='ltr'>Plurimi</span> <span class='ocrx_word' id='word_1_43' title='bbox 657 1201 694 1264; x_wconf 90' lang='lat' dir='ltr'>in</span> <span class='ocrx_word' id='word_1_44' title='bbox 716 1200 849 1280; x_wconf 90' lang='lat' dir='ltr'>palatio</span> <span class='ocrx_word' id='word_1_45' title='bbox 874 1200 929 1263; x_wconf 90' lang='lat' dir='ltr'>his</span> <span class='ocrx_word' id='word_1_46' title='bbox 955 1201 1190 1264; x_wconf 81' lang='lat' dir='ltr'>sacramentis</span> <span class='ocrx_word' id='word_1_47' title='bbox 1215 1200 1348 1281; x_wconf 86' lang='lat' dir='ltr'>expiati</span> <span class='ocrx_word' id='word_1_48' title='bbox 1374 1207 1408 1263; x_wconf 92' lang='lat' dir='ltr'>et</span> <span class='ocrx_word' id='word_1_49' title='bbox 1423 1198 1547 1264; x_wconf 83' lang='lat' dir='ltr'>reiecti</span> 
     </span>
     <span class='ocr_line' id='line_1_8' title="bbox 306 1306 1545 1388; baseline -0.002 -16"><span class='ocrx_word' id='word_1_50' title='bbox 306 1317 408 1388; x_wconf 75' lang='lat' dir='ltr'>sunt,</span> <span class='ocrx_word' id='word_1_51' title='bbox 423 1306 487 1371; x_wconf 89' lang='lat' dir='ltr'>sed</span> <span class='ocrx_word' id='word_1_52' title='bbox 501 1306 652 1372; x_wconf 89' lang='lat' dir='ltr'>duarum</span> <span class='ocrx_word' id='word_1_53' title='bbox 665 1323 829 1371; x_wconf 90' lang='lat' dir='ltr'>sororum</span> <span class='ocrx_word' id='word_1_54' title='bbox 848 1323 954 1370; x_wconf 89' lang='lat' dir='ltr'>casus</span> <span class='ocrx_word' id='word_1_55' title='bbox 969 1307 1118 1386; x_wconf 90' lang='lat' dir='ltr'>insignis</span> <span class='ocrx_word' id='word_1_56' title='bbox 1129 1307 1206 1371; x_wconf 84' lang='lat' dir='ltr'>suit:</span> <span class='ocrx_word' id='word_1_57' title='bbox 1219 1307 1287 1370; x_wconf 88' lang='lat' dir='ltr'>hae</span> <span class='ocrx_word' id='word_1_58' title='bbox 1298 1307 1462 1388; x_wconf 87' lang='lat' dir='ltr'>geminae</span> <span class='ocrx_word' id='word_1_59' title='bbox 1473 1323 1545 1371; x_wconf 90' lang='lat' dir='ltr'>uno</span> 
     </span>
     <span class='ocr_line' id='line_1_9' title="bbox 314 1413 1545 1496; baseline -0.002 -17"><span class='ocrx_word' id='word_1_60' title='bbox 314 1423 421 1496; x_wconf 90' lang='lat' dir='ltr'>partu</span> <span class='ocrx_word' id='word_1_61' title='bbox 435 1415 551 1479; x_wconf 89' lang='lat' dir='ltr'>editae</span> <span class='ocrx_word' id='word_1_62' title='bbox 564 1416 715 1489; x_wconf 74' lang='lat' dir='ltr'>fuerant,</span> <span class='ocrx_word' id='word_1_63' title='bbox 737 1423 838 1478; x_wconf 88' lang='lat' dir='ltr'>tanto</span> <span class='ocrx_word' id='word_1_64' title='bbox 863 1431 902 1496; x_wconf 86' lang='lat' dir='ltr'>se</span> <span class='ocrx_word' id='word_1_65' title='bbox 926 1430 1049 1477; x_wconf 88' lang='lat' dir='ltr'>amore</span> <span class='ocrx_word' id='word_1_66' title='bbox 1064 1414 1269 1494; x_wconf 86' lang='lat' dir='ltr'>diligebant,</span> <span class='ocrx_word' id='word_1_67' title='bbox 1286 1422 1325 1477; x_wconf 93' lang='lat' dir='ltr'>ut</span> <span class='ocrx_word' id='word_1_68' title='bbox 1344 1413 1436 1478; x_wconf 90' lang='lat' dir='ltr'>idem</span> <span class='ocrx_word' id='word_1_69' title='bbox 1453 1413 1545 1478; x_wconf 87' lang='lat' dir='ltr'>velle</span> 
     </span>
     <span class='ocr_line' id='line_1_10' title="bbox 309 1520 1544 1603; baseline 0.001 -17"><span class='ocrx_word' id='word_1_70' title='bbox 309 1535 353 1586; x_wconf 77' lang='lat' dir='ltr'>ct</span> <span class='ocrx_word' id='word_1_71' title='bbox 366 1520 460 1586; x_wconf 88' lang='lat' dir='ltr'>idem</span> <span class='ocrx_word' id='word_1_72' title='bbox 473 1524 567 1586; x_wconf 91' lang='lat' dir='ltr'>nolle</span> <span class='ocrx_word' id='word_1_73' title='bbox 582 1522 668 1603; x_wconf 90' lang='lat' dir='ltr'>ipsis</span> <span class='ocrx_word' id='word_1_74' title='bbox 682 1531 787 1601; x_wconf 86' lang='lat' dir='ltr'>esset,</span> <span class='ocrx_word' id='word_1_75' title='bbox 803 1538 869 1586; x_wconf 92' lang='lat' dir='ltr'>nec</span> <span class='ocrx_word' id='word_1_76' title='bbox 881 1531 1031 1585; x_wconf 89' lang='lat' dir='ltr'>mortem</span> <span class='ocrx_word' id='word_1_77' title='bbox 1046 1522 1158 1584; x_wconf 90' lang='lat' dir='ltr'>altera</span> <span class='ocrx_word' id='word_1_78' title='bbox 1171 1522 1372 1602; x_wconf 82' lang='lat' dir='ltr'>recusabat,</span> <span class='ocrx_word' id='word_1_79' title='bbox 1384 1523 1415 1586; x_wconf 92' lang='lat' dir='ltr'>si</span> <span class='ocrx_word' id='word_1_80' title='bbox 1427 1525 1544 1588; x_wconf 90' lang='lat' dir='ltr'>sorori</span> 
     </span>
     <span class='ocr_line' id='line_1_11' title="bbox 316 1627 1544 1711; baseline 0.002 -19"><span class='ocrx_word' id='word_1_81' title='bbox 316 1630 520 1711; x_wconf 89' lang='lat' dir='ltr'>placuisset,</span> <span class='ocrx_word' id='word_1_82' title='bbox 535 1630 654 1708; x_wconf 86' lang='lat' dir='ltr'>immo,</span> <span class='ocrx_word' id='word_1_83' title='bbox 671 1645 737 1692; x_wconf 90' lang='lat' dir='ltr'>nec</span> <span class='ocrx_word' id='word_1_84' title='bbox 751 1645 878 1692; x_wconf 90' lang='lat' dir='ltr'>manns</span> <span class='ocrx_word' id='word_1_85' title='bbox 888 1627 925 1691; x_wconf 92' lang='lat' dir='ltr'>in</span> <span class='ocrx_word' id='word_1_86' title='bbox 941 1629 1090 1692; x_wconf 87' lang='lat' dir='ltr'>alteram</span> <span class='ocrx_word' id='word_1_87' title='bbox 1105 1627 1261 1710; x_wconf 90' lang='lat' dir='ltr'>injicere,</span> <span class='ocrx_word' id='word_1_88' title='bbox 1283 1629 1314 1692; x_wconf 93' lang='lat' dir='ltr'>si</span> <span class='ocrx_word' id='word_1_89' title='bbox 1333 1647 1375 1692; x_wconf 91' lang='lat' dir='ltr'>ea</span> <span class='ocrx_word' id='word_1_90' title='bbox 1390 1631 1544 1711; x_wconf 87' lang='lat' dir='ltr'>postula·</span> 
     </span>
     <span class='ocr_line' id='line_1_12' title="bbox 313 1735 1543 1815; baseline 0.002 -15"><span class='ocrx_word' id='word_1_91' title='bbox 313 1745 379 1800; x_wconf 89' lang='lat' dir='ltr'>ret.</span> <span class='ocrx_word' id='word_1_92' title='bbox 395 1737 472 1800; x_wconf 91' lang='lat' dir='ltr'>Has</span> <span class='ocrx_word' id='word_1_93' title='bbox 485 1737 593 1800; x_wconf 90' lang='lat' dir='ltr'>rudes</span> <span class='ocrx_word' id='word_1_94' title='bbox 607 1737 682 1800; x_wconf 91' lang='lat' dir='ltr'>suis</span> <span class='ocrx_word' id='word_1_95' title='bbox 705 1735 843 1799; x_wconf 86' lang='lat' dir='ltr'>insidiis</span> <span class='ocrx_word' id='word_1_96' title='bbox 867 1735 1030 1800; x_wconf 89' lang='lat' dir='ltr'>diabolus</span> <span class='ocrx_word' id='word_1_97' title='bbox 1055 1737 1106 1799; x_wconf 92' lang='lat' dir='ltr'>sic</span> <span class='ocrx_word' id='word_1_98' title='bbox 1121 1736 1354 1815; x_wconf 89' lang='lat' dir='ltr'>cribraverat,</span> <span class='ocrx_word' id='word_1_99' title='bbox 1377 1748 1416 1801; x_wconf 90' lang='lat' dir='ltr'>ut</span> <span class='ocrx_word' id='word_1_100' title='bbox 1431 1741 1543 1803; x_wconf 88' lang='lat' dir='ltr'>altera</span> 
     </span>
     <span class='ocr_line' id='line_1_13' title="bbox 305 1843 1543 1925; baseline 0.002 -18"><span class='ocrx_word' id='word_1_101' title='bbox 305 1861 447 1924; x_wconf 80' lang='lat' dir='ltr'>earum,</span> <span class='ocrx_word' id='word_1_102' title='bbox 464 1844 608 1908; x_wconf 91' lang='lat' dir='ltr'>conscia</span> <span class='ocrx_word' id='word_1_103' title='bbox 620 1860 755 1921; x_wconf 88' lang='lat' dir='ltr'>sorore,</span> <span class='ocrx_word' id='word_1_104' title='bbox 770 1843 897 1923; x_wconf 88' lang='lat' dir='ltr'>laqueo</span> <span class='ocrx_word' id='word_1_105' title='bbox 912 1860 951 1906; x_wconf 90' lang='lat' dir='ltr'>se</span> <span class='ocrx_word' id='word_1_106' title='bbox 962 1845 999 1907; x_wconf 92' lang='lat' dir='ltr'>in</span> <span class='ocrx_word' id='word_1_107' title='bbox 1011 1844 1100 1906; x_wconf 88' lang='lat' dir='ltr'>cella</span> <span class='ocrx_word' id='word_1_108' title='bbox 1110 1843 1250 1907; x_wconf 90' lang='lat' dir='ltr'>vinaria</span> <span class='ocrx_word' id='word_1_109' title='bbox 1262 1843 1496 1925; x_wconf 90' lang='lat' dir='ltr'>suspenderit,</span> <span class='ocrx_word' id='word_1_110' title='bbox 1509 1856 1543 1909; x_wconf 91' lang='lat' dir='ltr'>et</span> 
     </span>
     <span class='ocr_line' id='line_1_14' title="bbox 312 1949 1540 2034; baseline 0.002 -19"><span class='ocrx_word' id='word_1_111' title='bbox 312 1969 396 2015; x_wconf 89' lang='lat' dir='ltr'>cum</span> <span class='ocrx_word' id='word_1_112' title='bbox 409 1951 485 2015; x_wconf 83' lang='lat' dir='ltr'>sere</span> <span class='ocrx_word' id='word_1_113' title='bbox 500 1952 589 2015; x_wconf 91' lang='lat' dir='ltr'>duas</span> <span class='ocrx_word' id='word_1_114' title='bbox 603 1950 711 2014; x_wconf 87' lang='lat' dir='ltr'>horas</span> <span class='ocrx_word' id='word_1_115' title='bbox 721 1967 894 2031; x_wconf 88' lang='lat' dir='ltr'>suspensa</span> <span class='ocrx_word' id='word_1_116' title='bbox 909 1950 1044 2030; x_wconf 84' lang='lat' dir='ltr'>suisset,</span> <span class='ocrx_word' id='word_1_117' title='bbox 1061 1969 1082 2014; x_wconf 91' lang='lat' dir='ltr'>a</span> <span class='ocrx_word' id='word_1_118' title='bbox 1098 1949 1300 2016; x_wconf 91' lang='lat' dir='ltr'>domesticis</span> <span class='ocrx_word' id='word_1_119' title='bbox 1315 1953 1461 2016; x_wconf 89' lang='lat' dir='ltr'>inventa</span> <span class='ocrx_word' id='word_1_120' title='bbox 1475 1963 1540 2034; x_wconf 91' lang='lat' dir='ltr'>est,</span> 
     </span>
     <span class='ocr_line' id='line_1_15' title="bbox 305 2057 1542 2140; baseline 0.002 -18"><span class='ocrx_word' id='word_1_121' title='bbox 305 2058 766 2139; x_wconf 88' lang='lat' dir='ltr'>-etalaqueodeposita,ubi</span> <span class='ocrx_word' id='word_1_122' title='bbox 772 2057 846 2138; x_wconf 82' lang='lat' dir='ltr'>jnm</span> <span class='ocrx_word' id='word_1_123' title='bbox 858 2058 1011 2138; x_wconf 91' lang='lat' dir='ltr'>speciem</span> <span class='ocrx_word' id='word_1_124' title='bbox 1021 2057 1214 2138; x_wconf 88' lang='lat' dir='ltr'>propriam,</span> <span class='ocrx_word' id='word_1_125' title='bbox 1225 2062 1542 2140; x_wconf 85' lang='lat' dir='ltr'>corruptosangui-</span> 
     </span>
     <span class='ocr_line' id='line_1_16' title="bbox 312 2153 1542 2248; baseline 0.002 -19"><span class='ocrx_word' id='word_1_126' title='bbox 312 2183 358 2230; x_wconf 89' lang='lat' dir='ltr'>ne</span> <span class='ocrx_word' id='word_1_127' title='bbox 373 2165 419 2230; x_wconf 86' lang='lat' dir='ltr'>ad</span> <span class='ocrx_word' id='word_1_128' title='bbox 438 2167 577 2230; x_wconf 84' lang='lat' dir='ltr'>vultum</span> <span class='ocrx_word' id='word_1_129' title='bbox 598 2174 830 2244; x_wconf 88' lang='lat' dir='ltr'>congregat0,</span> <span class='ocrx_word' id='word_1_130' title='bbox 857 2165 1036 2228; x_wconf 88' lang='lat' dir='ltr'>amiserat.</span> <span class='ocrx_word' id='word_1_131' title='bbox 1056 2153 1231 2246; x_wconf 81' lang='lat' dir='ltr'>Expedita</span> <span class='ocrx_word' id='word_1_132' title='bbox 1256 2183 1344 2246; x_wconf 92' lang='lat' dir='ltr'>ergo</span> <span class='ocrx_word' id='word_1_133' title='bbox 1369 2184 1390 2229; x_wconf 88' lang='lat' dir='ltr'>a</span> <span class='ocrx_word' id='word_1_134' title='bbox 1415 2168 1542 2248; x_wconf 89' lang='lat' dir='ltr'>laqueo</span> 
     </span>
     <span class='ocr_line' id='line_1_17' title="bbox 305 2270 1539 2356; baseline 0.002 -19"><span class='ocrx_word' id='word_1_135' title='bbox 305 2274 455 2352; x_wconf 84' lang='lat' dir='ltr'>·revixit;</span> <span class='ocrx_word' id='word_1_136' title='bbox 471 2273 534 2336; x_wconf 89' lang='lat' dir='ltr'>sed</span> <span class='ocrx_word' id='word_1_137' title='bbox 544 2274 650 2354; x_wconf 86' lang='lat' dir='ltr'>paulo</span> <span class='ocrx_word' id='word_1_138' title='bbox 664 2281 745 2354; x_wconf 91' lang='lat' dir='ltr'>post</span> <span class='ocrx_word' id='word_1_139' title='bbox 756 2270 831 2352; x_wconf 87' lang='lat' dir='ltr'>ejus</span> <span class='ocrx_word' id='word_1_140' title='bbox 846 2289 949 2336; x_wconf 88' lang='lat' dir='ltr'>soror</span> <span class='ocrx_word' id='word_1_141' title='bbox 961 2272 1006 2335; x_wconf 91' lang='lat' dir='ltr'>ab</span> <span class='ocrx_word' id='word_1_142' title='bbox 1021 2271 1101 2351; x_wconf 92' lang='lat' dir='ltr'>hac,</span> <span class='ocrx_word' id='word_1_143' title='bbox 1122 2289 1213 2353; x_wconf 87' lang='lat' dir='ltr'>quae</span> <span class='ocrx_word' id='word_1_144' title='bbox 1238 2289 1276 2336; x_wconf 90' lang='lat' dir='ltr'>se</span> <span class='ocrx_word' id='word_1_145' title='bbox 1295 2275 1539 2356; x_wconf 89' lang='lat' dir='ltr'>suspenderat,</span> 
     </span>
     <span class='ocr_line' id='line_1_18' title="bbox 311 2378 1540 2461; baseline 0.002 -17"><span class='ocrx_word' id='word_1_146' title='bbox 311 2381 506 2461; x_wconf 90' lang='lat' dir='ltr'>postulavit</span> <span class='ocrx_word' id='word_1_147' title='bbox 520 2381 608 2443; x_wconf 90' lang='lat' dir='ltr'>utin</span> <span class='ocrx_word' id='word_1_148' title='bbox 623 2397 661 2443; x_wconf 92' lang='lat' dir='ltr'>se</span> <span class='ocrx_word' id='word_1_149' title='bbox 676 2395 803 2443; x_wconf 88' lang='lat' dir='ltr'>manus</span> <span class='ocrx_word' id='word_1_150' title='bbox 816 2378 992 2442; x_wconf 88' lang='lat' dir='ltr'>violentas</span> <span class='ocrx_word' id='word_1_151' title='bbox 1014 2378 1185 2459; x_wconf 90' lang='lat' dir='ltr'>injiceret,</span> <span class='ocrx_word' id='word_1_152' title='bbox 1202 2397 1283 2443; x_wconf 89' lang='lat' dir='ltr'>nam</span> <span class='ocrx_word' id='word_1_153' title='bbox 1303 2391 1339 2444; x_wconf 91' lang='lat' dir='ltr'>et</span> <span class='ocrx_word' id='word_1_154' title='bbox 1357 2381 1436 2461; x_wconf 91' lang='lat' dir='ltr'>ipsa</span> <span class='ocrx_word' id='word_1_155' title='bbox 1451 2399 1540 2447; x_wconf 90' lang='lat' dir='ltr'>mor·</span> 
     </span>
     <span class='ocr_line' id='line_1_19' title="bbox 305 2485 1540 2570; baseline 0.002 -19"><span class='ocrx_word' id='word_1_156' title='bbox 305 2497 385 2551; x_wconf 68' lang='lat' dir='ltr'>‘tem</span> <span class='ocrx_word' id='word_1_157' title='bbox 409 2487 477 2550; x_wconf 88' lang='lat' dir='ltr'>sibi</span> <span class='ocrx_word' id='word_1_158' title='bbox 500 2488 725 2551; x_wconf 89' lang='lat' dir='ltr'>consciscere</span> <span class='ocrx_word' id='word_1_159' title='bbox 749 2485 903 2550; x_wconf 91' lang='lat' dir='ltr'>volebat.</span> <span class='ocrx_word' id='word_1_160' title='bbox 929 2487 1029 2550; x_wconf 89' lang='lat' dir='ltr'>Haec</span> <span class='ocrx_word' id='word_1_161' title='bbox 1055 2497 1172 2550; x_wconf 90' lang='lat' dir='ltr'>autem</span> <span class='ocrx_word' id='word_1_162' title='bbox 1196 2505 1277 2551; x_wconf 92' lang='lat' dir='ltr'>cum</span> <span class='ocrx_word' id='word_1_163' title='bbox 1304 2490 1413 2552; x_wconf 90' lang='lat' dir='ltr'>nollet</span> <span class='ocrx_word' id='word_1_164' title='bbox 1435 2507 1540 2570; x_wconf 89' lang='lat' dir='ltr'>nega-</span> 
     </span>
     <span class='ocr_line' id='line_1_20' title="bbox 307 2593 1541 2677; baseline 0.002 -18"><span class='ocrx_word' id='word_1_165' title='bbox 307 2613 352 2659; x_wconf 86' lang='lat' dir='ltr'>·re</span> <span class='ocrx_word' id='word_1_166' title='bbox 374 2595 468 2676; x_wconf 91' lang='lat' dir='ltr'>quod</span> <span class='ocrx_word' id='word_1_167' title='bbox 486 2595 697 2674; x_wconf 85' lang='lat' dir='ltr'>rogabatur,</span> <span class='ocrx_word' id='word_1_168' title='bbox 721 2593 855 2657; x_wconf 89' lang='lat' dir='ltr'>sororis</span> <span class='ocrx_word' id='word_1_169' title='bbox 876 2605 1001 2674; x_wconf 90' lang='lat' dir='ltr'>pectus</span> <span class='ocrx_word' id='word_1_170' title='bbox 1018 2594 1131 2657; x_wconf 91' lang='lat' dir='ltr'>tribus</span> <span class='ocrx_word' id='word_1_171' title='bbox 1152 2594 1356 2659; x_wconf 89' lang='lat' dir='ltr'>vulneribus</span> <span class='ocrx_word' id='word_1_172' title='bbox 1380 2598 1541 2677; x_wconf 86' lang='lat' dir='ltr'>graviter</span> 
     </span>
     <span class='ocr_line' id='line_1_21' title="bbox 312 2701 1540 2783; baseline 0.002 -16"><span class='ocrx_word' id='word_1_173' title='bbox 312 2704 427 2782; x_wconf 89' lang='lat' dir='ltr'>laesit,</span> <span class='ocrx_word' id='word_1_174' title='bbox 440 2720 506 2766; x_wconf 89' lang='lat' dir='ltr'>nec</span> <span class='ocrx_word' id='word_1_175' title='bbox 519 2714 637 2766; x_wconf 93' lang='lat' dir='ltr'>tamen</span> <span class='ocrx_word' id='word_1_176' title='bbox 652 2701 793 2777; x_wconf 91' lang='lat' dir='ltr'>occidit,</span> <span class='ocrx_word' id='word_1_177' title='bbox 806 2702 896 2765; x_wconf 89' lang='lat' dir='ltr'>forte</span> <span class='ocrx_word' id='word_1_178' title='bbox 919 2719 1040 2765; x_wconf 89' lang='lat' dir='ltr'>amore</span> <span class='ocrx_word' id='word_1_179' title='bbox 1065 2703 1198 2766; x_wconf 87' lang='lat' dir='ltr'>sororis</span> <span class='ocrx_word' id='word_1_180' title='bbox 1223 2703 1446 2783; x_wconf 89' lang='lat' dir='ltr'>impediente.</span> <span class='ocrx_word' id='word_1_181' title='bbox 1463 2705 1540 2769; x_wconf 90' lang='lat' dir='ltr'>Hae</span> 
     </span>
     <span class='ocr_line' id='line_1_22' title="bbox 302 2809 1539 2892; baseline 0.002 -18"><span class='ocrx_word' id='word_1_182' title='bbox 302 2810 401 2874; x_wconf 83' lang='lat' dir='ltr'>duae</span> <span class='ocrx_word' id='word_1_183' title='bbox 414 2810 523 2890; x_wconf 91' lang='lat' dir='ltr'>igitur</span> <span class='ocrx_word' id='word_1_184' title='bbox 538 2810 584 2873; x_wconf 89' lang='lat' dir='ltr'>ad</span> <span class='ocrx_word' id='word_1_185' title='bbox 595 2810 782 2891; x_wconf 91' lang='lat' dir='ltr'>quemdam</span> <span class='ocrx_word' id='word_1_186' title='bbox 797 2827 842 2872; x_wconf 84' lang='lat' dir='ltr'>ex</span> <span class='ocrx_word' id='word_1_187' title='bbox 854 2810 985 2872; x_wconf 91' lang='lat' dir='ltr'>nostris</span> <span class='ocrx_word' id='word_1_188' title='bbox 996 2809 1179 2888; x_wconf 88' lang='lat' dir='ltr'>deductae,</span> <span class='ocrx_word' id='word_1_189' title='bbox 1196 2810 1378 2892; x_wconf 87' lang='lat' dir='ltr'>eidemque</span> <span class='ocrx_word' id='word_1_190' title='bbox 1403 2813 1539 2877; x_wconf 85' lang='lat' dir='ltr'>confes·</span> 
     </span>
     <span class='ocr_line' id='line_1_23' title="bbox 310 2915 1539 2999; baseline 0.002 -17"><span class='ocrx_word' id='word_1_191' title='bbox 310 2934 384 2996; x_wconf 86' lang='lat' dir='ltr'>sae,</span> <span class='ocrx_word' id='word_1_192' title='bbox 408 2934 537 2981; x_wconf 88' lang='lat' dir='ltr'>cavere</span> <span class='ocrx_word' id='word_1_193' title='bbox 552 2916 734 2980; x_wconf 91' lang='lat' dir='ltr'>daemonis</span> <span class='ocrx_word' id='word_1_194' title='bbox 745 2915 888 2980; x_wconf 82' lang='lat' dir='ltr'>fraudes</span> <span class='ocrx_word' id='word_1_195' title='bbox 904 2917 950 2979; x_wconf 88' lang='lat' dir='ltr'>ab</span> <span class='ocrx_word' id='word_1_196' title='bbox 965 2934 1007 2980; x_wconf 92' lang='lat' dir='ltr'>eo</span> <span class='ocrx_word' id='word_1_197' title='bbox 1023 2916 1231 2992; x_wconf 88' lang='lat' dir='ltr'>didicerunt,</span> <span class='ocrx_word' id='word_1_198' title='bbox 1254 2928 1289 2980; x_wconf 93' lang='lat' dir='ltr'>et</span> <span class='ocrx_word' id='word_1_199' title='bbox 1312 2920 1539 2999; x_wconf 87' lang='lat' dir='ltr'>purissimam</span> 
     </span>
     <span class='ocr_line' id='line_1_24' title="bbox 310 3022 1541 3107; baseline 0.002 -19"><span class='ocrx_word' id='word_1_200' title='bbox 310 3026 433 3103; x_wconf 88' lang='lat' dir='ltr'>vitam,</span> <span class='ocrx_word' id='word_1_201' title='bbox 458 3042 539 3087; x_wconf 92' lang='lat' dir='ltr'>cum</span> <span class='ocrx_word' id='word_1_202' title='bbox 564 3040 695 3102; x_wconf 89' lang='lat' dir='ltr'>magna</span> <span class='ocrx_word' id='word_1_203' title='bbox 719 3025 902 3087; x_wconf 89' lang='lat' dir='ltr'>voluntate</span> <span class='ocrx_word' id='word_1_204' title='bbox 926 3022 1004 3087; x_wconf 92' lang='lat' dir='ltr'>Deo</span> <span class='ocrx_word' id='word_1_205' title='bbox 1036 3023 1265 3103; x_wconf 88' lang='lat' dir='ltr'>inserviendi,</span> <span class='ocrx_word' id='word_1_206' title='bbox 1294 3025 1332 3087; x_wconf 91' lang='lat' dir='ltr'>in</span> <span class='ocrx_word' id='word_1_207' title='bbox 1359 3037 1541 3107; x_wconf 90' lang='lat' dir='ltr'>posterum</span> 
     </span>
     <span class='ocr_line' id='line_1_25' title="bbox 313 3132 551 3196; baseline -0.017 0"><span class='ocrx_word' id='word_1_208' title='bbox 313 3132 551 3196; x_wconf 90' lang='lat' dir='ltr'>instituerunt.</span> 
     </span>
    </p>

    <p class='ocr_par' dir='ltr' id='par_1_4' title="bbox 301 3234 1540 3748">
     <span class='ocr_line' id='line_1_26' title="bbox 370 3234 1540 3316; baseline 0.001 -14"><span class='ocrx_word' id='word_1_209' title='bbox 370 3238 441 3302; x_wconf 81' lang='lat'><strong>377.</strong></span> <span class='ocrx_word' id='word_1_210' title='bbox 484 3236 564 3303; x_wconf 91' lang='lat' dir='ltr'>Duo</span> <span class='ocrx_word' id='word_1_211' title='bbox 577 3236 695 3316; x_wconf 73' lang='lat' dir='ltr'>iudaei</span> <span class='ocrx_word' id='word_1_212' title='bbox 709 3236 950 3316; x_wconf 85' lang='lat' dir='ltr'>compluribus</span> <span class='ocrx_word' id='word_1_213' title='bbox 966 3234 1089 3301; x_wconf 90' lang='lat' dir='ltr'>diebus</span> <span class='ocrx_word' id='word_1_214' title='bbox 1109 3254 1131 3301; x_wconf 92' lang='lat' dir='ltr'>a</span> <span class='ocrx_word' id='word_1_215' title='bbox 1146 3239 1277 3302; x_wconf 89' lang='lat' dir='ltr'>nostris</span> <span class='ocrx_word' id='word_1_216' title='bbox 1292 3238 1443 3303; x_wconf 90' lang='lat' dir='ltr'>instituti</span> <span class='ocrx_word' id='word_1_217' title='bbox 1457 3248 1540 3304; x_wconf 90' lang='lat' dir='ltr'>sunt</span> 
     </span>
     <span class='ocr_line' id='line_1_27' title="bbox 301 3344 1538 3425; baseline 0.004 -21"><span class='ocrx_word' id='word_1_218' title='bbox 301 3346 345 3409; x_wconf 79' lang='lat' dir='ltr'>:in</span> <span class='ocrx_word' id='word_1_219' title='bbox 359 3345 553 3409; x_wconf 91' lang='lat' dir='ltr'>christiana</span> <span class='ocrx_word' id='word_1_220' title='bbox 569 3344 741 3421; x_wconf 90' lang='lat' dir='ltr'>doctrina,</span> <span class='ocrx_word' id='word_1_221' title='bbox 763 3360 913 3425; x_wconf 90' lang='lat' dir='ltr'>quorum</span> <span class='ocrx_word' id='word_1_222' title='bbox 936 3346 1025 3407; x_wconf 88' lang='lat' dir='ltr'>alter</span> <span class='ocrx_word' id='word_1_223' title='bbox 1039 3344 1239 3425; x_wconf 87' lang='lat' dir='ltr'>baptizatus</span> <span class='ocrx_word' id='word_1_224' title='bbox 1259 3346 1335 3425; x_wconf 88' lang='lat' dir='ltr'>suit,</span> <span class='ocrx_word' id='word_1_225' title='bbox 1356 3354 1391 3410; x_wconf 92' lang='lat' dir='ltr'>et</span> <span class='ocrx_word' id='word_1_226' title='bbox 1412 3358 1538 3411; x_wconf 90' lang='lat' dir='ltr'>sancta</span> 
     </span>
     <span class='ocr_line' id='line_1_28' title="bbox 313 3450 1536 3533; baseline 0.001 -16"><span class='ocrx_word' id='word_1_227' title='bbox 313 3461 538 3517; x_wconf 87' lang='lat' dir='ltr'>sacramenta</span> <span class='ocrx_word' id='word_1_228' title='bbox 556 3462 636 3532; x_wconf 90' lang='lat' dir='ltr'>post</span> <span class='ocrx_word' id='word_1_229' title='bbox 653 3451 869 3531; x_wconf 84' lang='lat' dir='ltr'>baptismum</span> <span class='ocrx_word' id='word_1_230' title='bbox 888 3450 1114 3531; x_wconf 85' lang='lat' dir='ltr'>frequentare</span> <span class='ocrx_word' id='word_1_231' title='bbox 1136 3454 1267 3533; x_wconf 90' lang='lat' dir='ltr'>coepit;</span> <span class='ocrx_word' id='word_1_232' title='bbox 1295 3455 1384 3517; x_wconf 90' lang='lat' dir='ltr'>alter</span> <span class='ocrx_word' id='word_1_233' title='bbox 1401 3472 1536 3532; x_wconf 90' lang='lat' dir='ltr'>eorum,</span> 
     </span>
     <span class='ocr_line' id='line_1_29' title="bbox 304 3556 1539 3640; baseline 0.002 -17"><span class='ocrx_word' id='word_1_234' title='bbox 304 3560 405 3640; x_wconf 89' lang='lat' dir='ltr'>quod</span> <span class='ocrx_word' id='word_1_235' title='bbox 419 3560 640 3623; x_wconf 89' lang='lat' dir='ltr'>institutione</span> <span class='ocrx_word' id='word_1_236' title='bbox 655 3556 781 3637; x_wconf 89' lang='lat' dir='ltr'>majori</span> <span class='ocrx_word' id='word_1_237' title='bbox 795 3557 981 3637; x_wconf 85' lang='lat' dir='ltr'>indigeret,</span> <span class='ocrx_word' id='word_1_238' title='bbox 998 3558 1154 3622; x_wconf 89' lang='lat' dir='ltr'>nondum</span> <span class='ocrx_word' id='word_1_239' title='bbox 1174 3560 1324 3640; x_wconf 89' lang='lat' dir='ltr'>adeptus</span> <span class='ocrx_word' id='word_1_240' title='bbox 1343 3559 1460 3624; x_wconf 81' lang='lat' dir='ltr'>iuerat</span> <span class='ocrx_word' id='word_1_241' title='bbox 1478 3560 1539 3625; x_wconf 88' lang='lat' dir='ltr'>ba-</span> 
     </span>
     <span class='ocr_line' id='line_1_30' title="bbox 303 3668 485 3748; baseline -0.022 -18"><span class='ocrx_word' id='word_1_242' title='bbox 303 3668 485 3748; x_wconf 90' lang='lat' dir='ltr'>ptismum.</span> 
     </span>
    </p>

    <p class='ocr_par' dir='ltr' id='par_1_5' title="bbox 296 3772 1539 4497">
     <span class='ocr_line' id='line_1_31' title="bbox 369 3772 1539 3855; baseline 0.003 -18"><span class='ocrx_word' id='word_1_243' title='bbox 369 3772 441 3838; x_wconf 80' lang='lat'><strong>378.</strong></span> <span class='ocrx_word' id='word_1_244' title='bbox 484 3774 604 3855; x_wconf 91' lang='lat' dir='ltr'>Aliqui</span> <span class='ocrx_word' id='word_1_245' title='bbox 615 3782 782 3854; x_wconf 89' lang='lat' dir='ltr'>parentes</span> <span class='ocrx_word' id='word_1_246' title='bbox 793 3772 1046 3854; x_wconf 87' lang='lat' dir='ltr'>discipulorum</span> <span class='ocrx_word' id='word_1_247' title='bbox 1058 3772 1206 3854; x_wconf 88' lang='lat' dir='ltr'>Collegii</span> <span class='ocrx_word' id='word_1_248' title='bbox 1216 3776 1339 3852; x_wconf 91' lang='lat' dir='ltr'>nostri,</span> <span class='ocrx_word' id='word_1_249' title='bbox 1354 3776 1438 3839; x_wconf 91' lang='lat' dir='ltr'>dum</span> <span class='ocrx_word' id='word_1_250' title='bbox 1448 3776 1539 3841; x_wconf 90' lang='lat' dir='ltr'>filios</span> 
     </span>
     <span class='ocr_line' id='line_1_32' title="bbox 307 3879 1535 3963; baseline 0 -17"><span class='ocrx_word' id='word_1_251' title='bbox 307 3880 597 3963; x_wconf 87' lang='lat' dir='ltr'>praeceptoribus</span> <span class='ocrx_word' id='word_1_252' title='bbox 611 3879 871 3959; x_wconf 89' lang='lat' dir='ltr'>commendant,</span> <span class='ocrx_word' id='word_1_253' title='bbox 888 3880 931 3944; x_wconf 92' lang='lat' dir='ltr'>de</span> <span class='ocrx_word' id='word_1_254' title='bbox 947 3880 1091 3961; x_wconf 87' lang='lat' dir='ltr'>propria</span> <span class='ocrx_word' id='word_1_255' title='bbox 1107 3880 1325 3945; x_wconf 89' lang='lat' dir='ltr'>conscientia</span> <span class='ocrx_word' id='word_1_256' title='bbox 1336 3898 1535 3963; x_wconf 87' lang='lat' dir='ltr'>expurgan-</span> 
     </span>
     <span class='ocr_line' id='line_1_33' title="bbox 299 3986 1535 4070; baseline 0.003 -20"><span class='ocrx_word' id='word_1_257' title='bbox 299 3986 353 4052; x_wconf 87' lang='lat' dir='ltr'>da</span> <span class='ocrx_word' id='word_1_258' title='bbox 365 3987 636 4052; x_wconf 82' lang='lat' dir='ltr'>commonefacti</span> <span class='ocrx_word' id='word_1_259' title='bbox 648 3988 693 4051; x_wconf 89' lang='lat' dir='ltr'>ab</span> <span class='ocrx_word' id='word_1_260' title='bbox 701 3987 763 4067; x_wconf 69' lang='grc' dir='ltr'>εἰς,</span> <span class='ocrx_word' id='word_1_261' title='bbox 777 3996 811 4051; x_wconf 90' lang='lat' dir='ltr'>et</span> <span class='ocrx_word' id='word_1_262' title='bbox 823 3988 948 4051; x_wconf 91' lang='lat' dir='ltr'>crebro</span> <span class='ocrx_word' id='word_1_263' title='bbox 961 3987 1006 4051; x_wconf 89' lang='lat' dir='ltr'>ad</span> <span class='ocrx_word' id='word_1_264' title='bbox 1028 3987 1286 4051; x_wconf 86' lang='lat' dir='ltr'>confessionem</span> <span class='ocrx_word' id='word_1_265' title='bbox 1306 3989 1535 4070; x_wconf 88' lang='lat' dir='ltr'>accedebant,</span> 
     </span>
     <span class='ocr_line' id='line_1_34' title="bbox 301 4093 1536 4175; baseline 0.002 -16"><span class='ocrx_word' id='word_1_266' title='bbox 301 4104 481 4159; x_wconf 85' lang='lat' dir='ltr'>etuxores</span> <span class='ocrx_word' id='word_1_267' title='bbox 495 4105 529 4158; x_wconf 91' lang='lat' dir='ltr'>et</span> <span class='ocrx_word' id='word_1_268' title='bbox 547 4093 761 4158; x_wconf 87' lang='lat' dir='ltr'>domesticos</span> <span class='ocrx_word' id='word_1_269' title='bbox 776 4093 903 4158; x_wconf 88' lang='lat' dir='ltr'>adhoc</span> <span class='ocrx_word' id='word_1_270' title='bbox 918 4094 1033 4175; x_wconf 92' lang='lat' dir='ltr'>ipsum</span> <span class='ocrx_word' id='word_1_271' title='bbox 1046 4095 1258 4158; x_wconf 86' lang='lat' dir='ltr'>alliciebant.</span> <span class='ocrx_word' id='word_1_272' title='bbox 1272 4095 1327 4159; x_wconf 86' lang='lat' dir='ltr'>Ex</span> <span class='ocrx_word' id='word_1_273' title='bbox 1348 4095 1403 4159; x_wconf 91' lang='lat' dir='ltr'>his</span> <span class='ocrx_word' id='word_1_274' title='bbox 1418 4106 1536 4161; x_wconf 91' lang='lat' dir='ltr'>autem</span> 
     </span>
     <span class='ocr_line' id='line_1_35' title="bbox 310 4202 1535 4285; baseline 0.002 -19"><span class='ocrx_word' id='word_1_275' title='bbox 310 4204 368 4285; x_wconf 92' lang='lat' dir='ltr'>qui</span> <span class='ocrx_word' id='word_1_276' title='bbox 382 4202 656 4284; x_wconf 83' lang='lat' dir='ltr'>frequentabant</span> <span class='ocrx_word' id='word_1_277' title='bbox 674 4210 911 4281; x_wconf 89' lang='lat' dir='ltr'>sacramenta,</span> <span class='ocrx_word' id='word_1_278' title='bbox 933 4202 1088 4282; x_wconf 88' lang='lat' dir='ltr'>quidam,</span> <span class='ocrx_word' id='word_1_279' title='bbox 1109 4202 1242 4265; x_wconf 88' lang='lat' dir='ltr'>saeculi</span> <span class='ocrx_word' id='word_1_280' title='bbox 1261 4202 1362 4267; x_wconf 89' lang='lat' dir='ltr'>bonis</span> <span class='ocrx_word' id='word_1_281' title='bbox 1381 4220 1420 4266; x_wconf 90' lang='lat' dir='ltr'>se</span> <span class='ocrx_word' id='word_1_282' title='bbox 1442 4205 1535 4268; x_wconf 88' lang='lat' dir='ltr'>abdi·</span> 
     </span>
     <span class='ocr_line' id='line_1_36' title="bbox 308 4307 1536 4390; baseline 0.002 -16"><span class='ocrx_word' id='word_1_283' title='bbox 308 4320 443 4387; x_wconf 91' lang='lat' dir='ltr'>cantes,</span> <span class='ocrx_word' id='word_1_284' title='bbox 460 4309 591 4374; x_wconf 88' lang='lat' dir='ltr'>Christi</span> <span class='ocrx_word' id='word_1_285' title='bbox 603 4307 728 4389; x_wconf 87' lang='lat' dir='ltr'>jugum</span> <span class='ocrx_word' id='word_1_286' title='bbox 738 4308 775 4371; x_wconf 93' lang='lat' dir='ltr'>in</span> <span class='ocrx_word' id='word_1_287' title='bbox 786 4309 958 4389; x_wconf 89' lang='lat' dir='ltr'>religione</span> <span class='ocrx_word' id='word_1_288' title='bbox 970 4308 1164 4388; x_wconf 89' lang='lat' dir='ltr'>subierunt;</span> <span class='ocrx_word' id='word_1_289' title='bbox 1176 4310 1351 4390; x_wconf 89' lang='lat' dir='ltr'>quaedam</span> <span class='ocrx_word' id='word_1_290' title='bbox 1362 4310 1454 4375; x_wconf 89' lang='lat' dir='ltr'>aliae</span> <span class='ocrx_word' id='word_1_291' title='bbox 1463 4329 1536 4376; x_wconf 90' lang='lat' dir='ltr'>mu·</span> 
     </span>
     <span class='ocr_line' id='line_1_37' title="bbox 296 4415 1127 4497; baseline -0.002 -17"><span class='ocrx_word' id='word_1_292' title='bbox 296 4416 414 4480; x_wconf 90' lang='lat' dir='ltr'>lieres</span> <span class='ocrx_word' id='word_1_293' title='bbox 430 4417 557 4480; x_wconf 88' lang='lat' dir='ltr'>horum</span> <span class='ocrx_word' id='word_1_294' title='bbox 571 4415 672 4496; x_wconf 91' lang='lat' dir='ltr'>sequi</span> <span class='ocrx_word' id='word_1_295' title='bbox 686 4416 839 4495; x_wconf 88' lang='lat' dir='ltr'>vestigia</span> <span class='ocrx_word' id='word_1_296' title='bbox 853 4426 1127 4497; x_wconf 89' lang='lat' dir='ltr'>proposuerunt.</span> 
     </span>
    </p>

    <p class='ocr_par' dir='ltr' id='par_1_6' title="bbox 298 4521 1535 4817">
     <span class='ocr_line' id='line_1_38' title="bbox 362 4521 1533 4605; baseline 0.003 -20"><span class='ocrx_word' id='word_1_297' title='bbox 362 4522 436 4585; x_wconf 72' lang='lat'><strong>379.</strong></span> <span class='ocrx_word' id='word_1_298' title='bbox 479 4522 600 4603; x_wconf 91' lang='lat' dir='ltr'>Aliqui</span> <span class='ocrx_word' id='word_1_299' title='bbox 624 4540 670 4586; x_wconf 87' lang='lat' dir='ltr'>ex</span> <span class='ocrx_word' id='word_1_300' title='bbox 690 4523 822 4585; x_wconf 91' lang='lat' dir='ltr'>nostris</span> <span class='ocrx_word' id='word_1_301' title='bbox 847 4522 955 4586; x_wconf 91' lang='lat' dir='ltr'>etiam</span> <span class='ocrx_word' id='word_1_302' title='bbox 980 4521 1132 4585; x_wconf 90' lang='lat' dir='ltr'>adversa</span> <span class='ocrx_word' id='word_1_303' title='bbox 1154 4525 1358 4589; x_wconf 85' lang='lat' dir='ltr'>valetudine</span> <span class='ocrx_word' id='word_1_304' title='bbox 1382 4534 1533 4605; x_wconf 80' lang='lat' dir='ltr'>utenteS,</span> 
     </span>
     <span class='ocr_line' id='line_1_39' title="bbox 300 4629 1534 4713; baseline 0.001 -19"><span class='ocrx_word' id='word_1_305' title='bbox 300 4629 533 4694; x_wconf 90' lang='lat' dir='ltr'>nihilominus</span> <span class='ocrx_word' id='word_1_306' title='bbox 547 4629 722 4693; x_wconf 88' lang='lat' dir='ltr'>charitate</span> <span class='ocrx_word' id='word_1_307' title='bbox 737 4629 890 4708; x_wconf 91' lang='lat' dir='ltr'>accensi,</span> <span class='ocrx_word' id='word_1_308' title='bbox 907 4640 942 4691; x_wconf 93' lang='lat' dir='ltr'>et</span> <span class='ocrx_word' id='word_1_309' title='bbox 956 4629 1002 4693; x_wconf 88' lang='lat' dir='ltr'>ad</span> <span class='ocrx_word' id='word_1_310' title='bbox 1017 4631 1242 4695; x_wconf 84' lang='lat' dir='ltr'>xenodochia</span> <span class='ocrx_word' id='word_1_311' title='bbox 1257 4641 1292 4695; x_wconf 90' lang='lat' dir='ltr'>et</span> <span class='ocrx_word' id='word_1_312' title='bbox 1312 4631 1358 4695; x_wconf 86' lang='lat' dir='ltr'>ad</span> <span class='ocrx_word' id='word_1_313' title='bbox 1372 4634 1534 4713; x_wconf 90' lang='lat' dir='ltr'>privatas</span> 
     </span>
     <span class='ocr_line' id='line_1_40' title="bbox 298 4734 1535 4817; baseline 0.002 -17"><span class='ocrx_word' id='word_1_314' title='bbox 298 4738 538 4817; x_wconf 90' lang='lat' dir='ltr'>quorumdam</span> <span class='ocrx_word' id='word_1_315' title='bbox 562 4736 824 4816; x_wconf 88' lang='lat' dir='ltr'>aegrotantium</span> <span class='ocrx_word' id='word_1_316' title='bbox 838 4736 963 4800; x_wconf 91' lang='lat' dir='ltr'>domos</span> <span class='ocrx_word' id='word_1_317' title='bbox 988 4734 1215 4815; x_wconf 85' lang='lat' dir='ltr'>accedebant,</span> <span class='ocrx_word' id='word_1_318' title='bbox 1239 4756 1304 4802; x_wconf 90' lang='lat' dir='ltr'>nec</span> <span class='ocrx_word' id='word_1_319' title='bbox 1324 4740 1438 4803; x_wconf 90' lang='lat' dir='ltr'>solum</span> <span class='ocrx_word' id='word_1_320' title='bbox 1452 4757 1535 4804; x_wconf 91' lang='lat' dir='ltr'>con-</span> 
     </span>
    </p>
   </div>
   <div class='ocr_carea' id='block_1_3' title="bbox 0 0 1864 5400">
    <p class='ocr_par' dir='ltr' id='par_1_7' title="bbox 0 0 1864 5400">
     <span class='ocr_line' id='line_1_41' title="bbox 0 0 1864 5400; baseline 0 5"><span class='ocrx_word' id='word_1_321' title='bbox 0 0 1864 5400; x_wconf 95' lang='lat' dir='ltr'> </span> 
     </span>
    </p>
   </div>
  </div>
 </body>
</html>
