3717 5400
798 484 862 542 An.
889 483 960 542 1555
1442 483 1491 540 101

261 629 383 692 vocati
398 638 517 692 autern
531 628 625 692 felici
640 631 738 692 exitu
752 627 856 710 hujus
870 630 1003 708 dialogi
1017 630 1053 693 iu
1069 630 1261 695 vernacula
1279 629 1399 710 lingua
1414 647 1491 710 pro·

260 734 426 812 nuntiati,
448 736 561 799 simile
582 738 824 817 spectaculum
843 738 920 818 ipso
941 735 997 800 die
1017 736 1267 817 Conceptionis
1286 735 1493 800 Immacula-

261 850 321 904 tae
335 841 498 920 Virginis
517 842 654 906 Mariae
667 843 865 920 ediderunt,
889 844 936 907 ad
955 842 1116 908 eamdem
1135 844 1211 908 sine
1232 843 1397 922 originali
1416 859 1495 922 pec·

261 957 343 1011 cato
358 947 635 1028 conceptionem
650 950 928 1030 approbandam.
946 951 1036 1032 Ipsis
1051 949 1176 1013 deinde
1196 949 1295 1013 feriis
1310 947 1371 1013 s.t¹
1388 947 1492 1030 Joan·

260 1056 319 1118 nis
332 1054 586 1134 Evangelistae
600 1056 644 1119 de
658 1057 780 1120 mundi
795 1068 1000 1138 contemptu
1019 1057 1184 1137 dialogus
1206 1056 1332 1119 tertius
1351 1056 1494 1118 habitus

260 1172 329 1238 est,
342 1161 527 1242 discipulis
540 1163 632 1226 inter
646 1181 686 1226 se
698 1162 852 1244 jucunde
866 1174 901 1227 et
916 1181 1048 1243 magno
1063 1165 1237 1244 applausu
1252 1161 1295 1225 de
1308 1163 1376 1226 hoc
1389 1179 1492 1242 argu-

261 1279 381 1334 mento
403 1269 675 1350 disputantibus
699 1279 737 1334 et
759 1280 859 1334 tanta
880 1269 1067 1334 multitudo
1090 1271 1336 1348 conveniebat,
1353 1278 1392 1332 ut
1414 1286 1493 1332 eam

261 1377 428 1456 templum
445 1393 517 1439 non
532 1387 688 1456 caperet.

320 1483 391 1546 272.
435 1481 737 1548 Scholasticorum
755 1501 925 1548 numerus
945 1483 991 1548 ad
1008 1483 1066 1547 130
1085 1483 1278 1548 accedebat
1293 1482 1395 1562 hujus
1410 1484 1494 1546 anni

259 1590 384 1670 primis
398 1591 590 1670 mensibus;
606 1591 669 1654 sed
684 1601 821 1655 aestate
835 1592 977 1656 ineunte
994 1591 1203 1656 decrescere
1217 1591 1344 1671 coepit,
1363 1591 1494 1670 partim

259 1707 405 1778 propter
420 1697 682 1777 aegritudinem
695 1709 910 1776 nostrorum,
924 1716 1032 1780 quam
1044 1698 1256 1762 videbantur
1269 1698 1492 1760 contraxisse

260 1822 306 1869 ex
320 1805 587 1885 consuetudine,
612 1822 719 1885 quam
738 1807 918 1870 habebant
941 1825 1022 1870 cum
1035 1805 1262 1887 pauperibus,
1280 1815 1314 1868 et
1336 1803 1426 1867 sorte
1449 1823 1493 1866 nc

260 1912 472 1991 contagiosa
490 1923 585 1976 esset
606 1912 807 1993 hujusmodi
828 1913 1015 1978 infirmitas
1037 1914 1224 1991 timebant,
1249 1912 1376 1991 partim
1399 1912 1493 1990 quod

258 2020 327 2100 ipsi
341 2029 594 2100 praeceptores
607 2023 770 2086 eamdem
786 2022 831 2084 ob
845 2038 1005 2097 causam,
1028 2021 1164 2083 scilicet
1186 2019 1310 2095 morbi,
1332 2037 1376 2080 ex
1392 2031 1493 2098 parte

258 2125 460 2205 deficerent;
474 2126 582 2190 immo
594 2127 751 2191 medicus
762 2129 893 2192 nostris
905 2129 1019 2192 suasit
1031 2138 1069 2191 ut
1082 2127 1285 2190 desinerent
1300 2127 1492 2206 eleemosy-

257 2250 343 2296 nam
356 2233 464 2312 illam,
482 2250 589 2313 quam
600 2234 696 2298 domi
705 2245 851 2299 nostrae
863 2235 1023 2299 solebant
1037 2233 1252 2315 pauperibus
1264 2231 1487 2308 distribuere,

256 2340 327 2404 illis
341 2341 466 2420 egenis
478 2357 523 2403 eo
537 2339 643 2404 modo
657 2342 755 2417 dare3
773 2352 807 2405 et
823 2343 872 2405 ita
888 2353 1054 2406 curatum
1069 2350 1134 2418 est,
1152 2349 1189 2402 ut
1205 2339 1283 2402 aliis
1305 2342 1311 2369 ¹
1329 2339 1490 2418 pauperi-

257 2447 323 2511 bus
337 2448 678 2528 subministraretur,
694 2466 741 2512 ne
754 2467 797 2511 ea
812 2451 983 2513 colluvies
999 2449 1242 2512 mendicorum
1257 2447 1400 2510 domum
1420 2445 1492 2508 infi-

257 2564 365 2631 ceret,
389 2554 542 2618 ubitam
565 2557 678 2633 multi,
700 2567 739 2619 ut
759 2557 912 2620 diximus
935 2555 958 2634 ²,
986 2555 1186 2636 periculose
1209 2563 1243 2616 et
1269 2553 1313 2614 ad
1339 2562 1490 2616 mortem

257 2677 370 2741 nsque
385 2671 674 2741 aegrotaverant.

315 2768 387 2831 273.
432 2768 500 2847 Qui
521 2768 648 2832 deinde
664 2770 854 2834 veniebant
874 2770 1080 2835 scholastici
1101 2769 1250 2847 externi,
1276 2768 1490 2850 praesertim

256 2876 316 2956 qui
322 2875 416 2939 inter
423 2892 486 2938 eos
497 2876 614 2940 minus
625 2887 726 2941 erant
737 2878 899 2951 modesti,
912 2878 1096 2958 negotium
1107 2876 1238 2940 nostris
1250 2875 1486 2953 facessebant,

256 3000 337 3046 cum
350 3000 418 3045 nec
428 2993 610 3046 corrector
624 2984 843 3048 inveniretur
855 2995 916 3048 aut
928 2984 1121 3048 sustentari
1136 2992 1267 3064 posset,
1286 3000 1351 3046 nec
1364 2982 1425 3046 alii
1444 2982 1490 3046 ab

254 3089 336 3152 aliis
345 3090 516 3168 castigari
530 3092 716 3154 commode
728 3100 885 3171 possent.
902 3090 1075 3171 Quamvis
1087 3100 1205 3153 autem
1217 3091 1356 3153 timeret
1370 3089 1407 3152 P.
1421 3087 1489 3153 Lu·

254 3196 405 3259 doricus
425 3196 520 3275 quod
541 3214 587 3260 ex
611 3198 738 3261 horum
759 3198 949 3261 insolentia
970 3197 1101 3277 aliquid
1121 3196 1323 3260 detrimenti
1343 3196 1489 3259 scholae

253 3312 472 3383 paterentur,
488 3303 584 3383 quod
596 3304 643 3367 ad
658 3305 787 3368 bonam
802 3322 925 3369 earum
942 3304 1244 3368 existimationem
1263 3304 1400 3381 attinet,
1418 3321 1486 3367 non

254 3411 392 3473 censuit
405 3420 525 3473 tamen
540 3408 579 3473 P.
595 3409 756 3491 ignatius
769 3428 832 3491 per
846 3420 991 3475 nostros
1006 3411 1175 3490 castigari
1195 3427 1257 3473 eos
1271 3410 1411 3506 debere.

314 3516 384 3579 274.
428 3515 507 3580 Hoc
522 3533 617 3580 anno
637 3528 801 3581 curatum
816 3528 869 3581 est
883 3518 1087 3582 Florentiae
1109 3526 1147 3581 ut
1167 3517 1292 3580 domus
1312 3517 1488 3597 quaedam

253 3624 285 3686 ei
299 3622 436 3702 similis,
453 3640 545 3704 quae
560 3625 626 3687 sub
641 3624 868 3689 invocatione
883 3624 967 3689 85²0
985 3624 1147 3688 Marthae
1163 3622 1297 3687 Rornae
1309 3622 1405 3687 iacta
1421 3633 1486 3701 est,

253 3729 507 3810 institueretur,
525 3740 561 3793 et
581 3729 656 3794 fere
675 3732 859 3811 octoginta
877 3731 1065 3811 foeminae,
1090 3732 1182 3793 bona
1203 3748 1248 3793 ex
1271 3742 1374 3811 parte
1393 3734 1486 3810 puel·

252 3838 320 3914 lae,
333 3854 375 3900 eo
388 3837 559 3900 redactae
570 3836 723 3901 fuerunt.
740 3836 839 3917 Quae
855 3848 975 3902 autern
986 3836 1091 3917 hujus
1100 3838 1150 3919 pii
1162 3839 1278 3918 operis
1288 3838 1487 3917 promotrix

251 3943 367 4007 fuerat
378 3954 413 4007 et
428 3943 471 4006 de
481 3943 585 4007 nobis
602 3944 708 4008 etiam
721 3944 853 4025 optime
864 3945 1002 4025 merita,
1020 3944 1183 4025 cupiebat
1200 3944 1351 4025 aliquem
1369 3962 1414 4007 ex
1426 3962 1485 4007 no-

252 4052 335 4113 stris
363 4066 488 4114 curam
511 4050 692 4133 suscipere
717 4050 979 4115 confessionum
1006 4050 1262 4115 audiendarum
1284 4048 1487 4131 hujusmodi

251 4264 384 4327 tionem
408 4263 490 4326 huic
511 4263 611 4326 oneri
637 4261 700 4345 [se]
722 4262 905 4344 subjicere,
928 4264 965 4328 id
986 4266 1100 4328 solum
1119 4265 1300 4328 obtentum
1320 4272 1373 4327 est
1394 4264 1487 4342 utin

252 4368 341 4433 sesto
356 4370 585 4435 Pentecostes
601 4388 724 4433 earum
738 4370 981 4437 confessiones
996 4372 1170 4439 audirent.

295 4648 304 4681 1
332 4646 383 4701 Sic3
395 4647 492 4691 rectius
503 4648 624 4692 tortuosis
634 4648 710 4693 aiibi.

295 4718 308 4749 ¹
336 4718 428 4775 Supra.
438 4720 618 4775 pagiietffi,
628 4732 651 4763 n.
663 4720 711 4765 2⁶1.
