3717 5400
800 419 864 477 Au.
892 421 962 478 labb
1029 437 1032 445 ⁴
1447 423 1500 482 103

261 565 378 626 sentia
393 575 535 628 nostros
554 564 760 632 florentinos
779 574 833 628 est
851 566 1070 639 consolatus;
1088 583 1160 630 non
1175 565 1263 629 vidit
1278 578 1399 630 tamen
1422 566 1499 636 Du-

263 671 407 748 cissam,
424 689 526 750 quae,
541 671 625 734 dum
640 671 687 735 ibi
700 682 805 749 esset,
822 670 931 734 filium
951 681 1152 752 pepererat.

325 778 396 842 279.
440 777 609 842 Exercuit
637 789 778 842 nostros
806 779 873 842 hoc
902 796 997 842 anno
1024 777 1228 854 Florentiae
1259 779 1389 844 Vitalis
1423 784 1498 862 qui·

262 886 347 950 dam
364 884 385 963 ¹,
402 887 473 965 qui,
491 903 572 950 cum
585 884 762 950 Societate
777 887 886 949 semel
897 902 1064 965 egressus
1079 887 1213 966 fuisset,
1226 889 1382 951 secundo
1397 905 1496 956 eum·
1597 915 1598 918 ¹

262 993 344 1057 dem
359 993 498 1057 admitti
512 993 547 1056 Ρ.
559 993 719 1073 {gnatius
730 993 900 1072 permisit:
917 991 1000 1073 [bic]
1016 1009 1089 1056 non
1104 994 1218 1057 solum
1233 996 1325 1057 male
1339 1013 1378 1058 se
1392 1011 1496 1074 gere·

260 1101 335 1180 bat,
348 1100 412 1163 sed
423 1101 512 1165 alios
522 1102 631 1164 etiam
641 1100 811 1164 seducere
822 1109 855 1162 et
867 1118 888 1163 a
899 1098 1076 1164 Societate
1088 1101 1242 1163 avellere
1254 1101 1445 1182 nitebatur,
1460 1112 1495 1166 et

261 1209 360 1271 velut
373 1218 509 1288 pestem
523 1207 714 1288 quamdam
728 1206 840 1270 nostri
854 1206 1036 1286 fovebant,
1050 1205 1134 1269 dum
1145 1207 1242 1270 illum
1254 1208 1419 1290 retinent;
1431 1209 1495 1272 sed

260 1313 432 1378 recedens
446 1315 614 1392 secundo,
629 1313 768 1395 hospite
787 1314 894 1377 etiarn
913 1313 1120 1394 insalutato,
1142 1330 1273 1393 magno
1293 1315 1494 1378 incommo-

260 1421 321 1498 do,
337 1421 420 1484 licet
434 1422 586 1499 occultu,
603 1419 816 1484 Societatem
830 1419 1006 1484 liberavit.
1061 1442 1063 1448 ’

273 1547 277 1559 ·
322 1526 395 1591 280.
426 1527 642 1608 Antequam
664 1527 843 1591 Florentia
865 1526 1047 1590 recederet
1070 1527 1263 1590 Lauretum
1282 1536 1318 1589 ct
1337 1526 1493 1592 Romam

258 1651 388 1700 versus
402 1634 439 1698 P.
456 1637 601 1716 Laynez
615 1633 639 1710 ¹,
656 1634 881 1698 commiserat
901 1635 934 1697 ei
953 1634 1036 1698 Dux
1055 1633 1259 1698 Florentiae
1280 1633 1430 1699 Cosmus
1453 1643 1492 1698 ut

259 1741 394 1822 Papam
414 1741 623 1806 Marcellum
643 1742 748 1820 (nam,
773 1741 855 1805 dum
876 1741 933 1805 ille
953 1741 1101 1819 viveret,
1122 1741 1305 1806 Florentia
1327 1743 1490 1820 recessit)

257 1867 323 1913 sno
338 1849 482 1914 nomine
495 1859 641 1929 rogaret
656 1859 694 1912 ut
713 1847 956 1912 reformationi
979 1847 1128 1911 fratrum
1148 1847 1435 1912 conventualium
1453 1849 1490 1912 in

256 1957 415 2020 dominio
430 1956 618 2020 florentino
633 1956 734 2019 daret
754 1936 910 2036 operam.
926 1953 1064 2018 Deinde
1079 1971 1161 2018 cum
1175 1962 1378 2035 assumptus
1394 1966 1489 2018 esset

255 2063 304 2126 ad
316 2062 562 2127 Pontificatum
574 2063 705 2126 Paulus
715 2061 776 2142 IV,
789 2060 943 2127 Ducissa
958 2060 1174 2140 significavit
1187 2069 1394 2142 pergratum
1405 2079 1487 2124 esse

259 2167 353 2233 Duci
377 2171 408 2233 si
436 2187 517 2234 cum
545 2170 670 2234 eodem
696 2169 740 2232 de
768 2170 836 2232 hoc
858 2168 1002 2247 negotio
1027 2176 1161 2248 ageret.
1188 2167 1404 2249 Alloquutus
1435 2178 1488 2232 est

256 2285 377 2340 autem
391 2277 611 2353 Pontificem,
627 2286 662 2340 et
674 2291 890 2357 propensum
904 2274 1009 2338 valde
1024 2275 1071 2339 ad
1088 2274 1181 2338 hanc
1196 2274 1486 2339 reformationem

257 2383 405 2462 invenit,
422 2383 613 2463 quodcum
626 2381 720 2446 Duci
734 2381 973 2462 significatum
993 2389 1087 2445 esset
1105 2399 1169 2461 per
1188 2380 1331 2445 Patrem
1352 2380 1487 2446 Salme·

257 2507 393 2568 ronem,
409 2491 469 2570 qui
482 2489 663 2554 Florentia
678 2489 908 2554 Germaniam
922 2505 1048 2551 versus
1063 2488 1248 2567 transibat,
1262 2496 1297 2553 et
1310 2490 1486 2568 quaedam

256 2596 376 2676 capita
401 2597 447 2660 ad
467 2597 561 2660 hanc
581 2596 867 2660 reformationem
885 2595 1097 2675 pertinentia
1119 2595 1297 2675 explicata
1318 2594 1483 2674 fuissent,

252 2705 459 2783 gratissima
473 2721 532 2767 res
546 2722 589 2767 ea
603 2703 734 2767 accidit
748 2702 856 2782 Duci;
872 2714 907 2765 et
922 2702 1063 2782 scripsit
1085 2700 1230 2766 Summo
1252 2700 1419 2773 Pontifici
1441 2721 1484 2768 ac

253 2808 350 2873 Patri
364 2810 520 2891 Laynez,
537 2810 657 2873 omnia
679 2828 722 2873 ea
742 2825 957 2889 magnopere
979 2810 1150 2889 probam,
1171 2826 1263 2889 quae
1287 2809 1320 2871 ei
1342 2809 1484 2873 fuerant

254 2918 453 2997 explicata;
469 2927 503 2981 et
517 2918 548 2981 si
562 2920 719 2999 placeret
736 2914 829 2980 Suae
847 2913 1051 2994 Sanctitati,
1073 2932 1145 2978 non
1165 2924 1354 2996 expectata
1377 2933 1484 2996 gene·

250 3024 320 3087 rali
333 3023 586 3088 reformatione
600 3024 756 3087 omnium
778 3023 1080 3102 conventualium,
1103 3040 1195 3103 quae
1216 3022 1306 3086 forte
1327 3040 1401 3086 non
1423 3042 1483 3104 pe·

253 3130 356 3195 rinde
379 3140 486 3211 grata
506 3130 625 3195 futura
644 3141 722 3195 erat
746 3129 908 3194 omnibus
932 3129 1149 3210 principibus
1176 3139 1283 3210 atque
1310 3130 1388 3210 ipsi,
1416 3149 1480 3211 pro

251 3240 415 3317 exemplo
439 3238 515 3302 fore
540 3239 630 3315 aliis,
656 3238 752 3318 quod
775 3236 811 3300 in
830 3237 1017 3300 florentino
1037 3236 1192 3300 dominio
1212 3236 1346 3300 factum
1374 3250 1480 3319 esset,

246 3344 439 3423 allegabat.
468 3343 651 3408 Secundas
678 3345 785 3408 etiam
815 3345 952 3407 litteras
981 3342 1026 3405 ad
1054 3344 1122 3407 hoc
1150 3343 1266 3423 ipsum
1294 3344 1478 3425 negotium

249 3468 370 3514 mense
392 3448 589 3531 Septembri
608 3450 754 3529 addidit,
777 3462 812 3514 et
830 3451 999 3514 facultate
1014 3450 1158 3513 obtenta
1174 3470 1195 3513 a
1217 3450 1386 3515 Pontifice
1402 3470 1477 3530 rem

248 3558 395 3637 egregie
410 3567 580 3622 executus
594 3568 659 3637 est,
676 3566 711 3621 et
724 3557 978 3621 conventuales
992 3557 1066 3620 suis
1080 3558 1310 3621 monasteriis
1325 3560 1424 3622 exuit
1437 3578 1479 3623 ac

247 3664 521 3729 observantibus
534 3663 692 3744 ejusdem
706 3664 841 3727 ordinis
855 3681 897 3727 ea
912 3663 1070 3727 tradidit.

306 3769 378 3833 281.
421 3771 511 3835 Cum
526 3772 572 3835 ad
597 3767 739 3835 nostros
762 3773 963 3850 exemplum
985 3770 1128 3850 jubilaei
1152 3789 1173 3833 a
1196 3770 1305 3836 Paulo
1330 3772 1381 3835 IV
1396 3789 1478 3836 con·

245 3880 339 3941 cessi
353 3879 502 3942 missum
515 3889 619 3958 esset,
636 3878 783 3942 Vicario
797 3877 1002 3941 Florentino
1014 3875 1025 3907 ³
1040 3877 1077 3941 id
1091 3887 1271 3941 ostensum
1282 3888 1348 3958 est,
1366 3888 1401 3942 et
1412 3880 1478 3942 snb

245 3984 373 4049 festum
388 3985 651 4067 Assumptionis
666 3984 705 4049 B.
722 3983 883 4065 Virginis
896 3984 933 4047 id
948 3984 1121 4066 publicari
1135 3984 1234 4051 fecit.

302 4091 373 4155 282.
417 4092 588 4156 Militibus
603 4093 698 4156 arcis
711 4091 919 4155 florentinae
944 4091 1150 4155 concionari
1174 4092 1291 4173 coepit
1305 4093 1344 4156 P.
1367 4092 1474 4157 Dida·

239 4217 306 4262 cus
320 4200 364 4264 de
379 4200 541 4264 Guzman
556 4210 589 4263 et
609 4199 841 4263 christianam
860 4198 1059 4262 doctrinam
1079 4207 1153 4289 turn
1174 4208 1249 4279 eoa,
1275 4210 1349 4264 tum
1368 4200 1472 4281 filim,

245 4363 444 4373 ——u———-

282 4444 292 4475 ¹
319 4443 387 4487 Vide
397 4454 484 4497 snpra,
494 4451 515 4487 t.
528 4454 564 4493 ιν,
575 4453 634 4497 pag.
646 4442 693 4494 lot,
704 4452 731 4484 n.
744 4440 794 4487 aei.

279 4518 291 4547 ¹
318 4514 551 4569 Videoupra,›pa1.
563 4514 608 4566 tua,
619 4525 644 4557 n.
654 4512 702 4557 275.

278 4589 290 4620 ³
317 4589 383 4633 Duo.
393 4586 508 4633 Antonio
518 4587 549 4629 de
561 4586 646 4629 Pretis
656 4585 687 4627 de
697 4585 834 4633 Consiliee,
844 4585 903 4637 J.v
928 4585 1046 4629 Doctorl.
1063 4586 1102 4629 Cf.
1119 4586 1184 4630 Acta
1196 4586 1367 4641 Sanctorum,
1383 4601 1470 4633 mense

238 4660 316 4713 Jullo,
325 4670 345 4706 t.
354 4672 427 4715 πω
446 4658 499 4703 500.
607 4704 618 4710 ,,
