3717 5400
795 498 859 558 An.
882 498 953 556 1555
1169 576 1173 580 .
1426 500 1485 561 385

258 644 437 722 retineret,
451 661 535 707 nam
546 645 621 724 ipse
632 643 740 706 alium
755 643 791 706 in
803 643 1076 708 Procuratorem
1091 645 1304 710 Generalem
1315 647 1492 712 missurus

260 761 349 814 erat.
365 751 530 814 Proiecta
546 760 599 814 est
615 753 734 832 itaque
749 753 853 816 navis
867 752 927 815 illa
942 761 978 816 et
991 752 1113 816 statim
1127 763 1314 834 acceptum
1325 763 1379 818 est
1393 757 1488 835 quod

259 859 296 921 in
310 876 437 922 manus
452 875 704 923 saracenorum
720 869 880 936 venerat,
902 869 938 923 et
959 860 1150 940 peculiaris
1172 859 1239 924 Dei
1260 861 1484 941 providentia

257 965 365 1029 suerit
379 967 473 1046 quod
488 975 679 1030 revocatus
693 965 731 1030 P.
752 966 909 1050 Joannes
922 967 1021 1030 illam
1034 967 1302 1047 navigationem
1316 969 1488 1034 omiserit.

322 1071 409 1136 1041.
453 1071 566 1136 Nullis
581 1073 741 1136 censuris
755 1072 936 1154 prohiberi
949 1082 1091 1154 poterat
1104 1073 1352 1138 Barchinonae
1367 1094 1412 1140 ne
1426 1077 1486 1140 ho·

260 1181 374 1244 mines
394 1180 430 1244 in
449 1181 590 1260 templis
609 1180 888 1244 deambularent.
909 1179 1148 1244 Observatum
1168 1182 1287 1245 tamen
1311 1191 1365 1246 est
1391 1183 1485 1264 quod

260 1305 341 1350 cum
356 1288 579 1367 praedicaret
594 1286 632 1350 P.
648 1286 789 1364 Strada,
806 1288 947 1352 etiamsi
961 1289 1096 1351 nullum
1114 1301 1346 1369 praeceptum
1366 1291 1486 1370 prohi-

258 1396 369 1468 beret,
385 1396 503 1458 nullus
518 1412 666 1476 prorsus
681 1396 941 1474 deambulabat,
954 1396 1073 1475 immo,
1088 1396 1348 1477 quodammodo
1359 1407 1485 1462 contra

259 1503 430 1565 honorem
445 1519 523 1566 esse
542 1503 806 1579 existimabant,
829 1503 859 1565 si
878 1521 959 1566 cum
980 1520 1112 1583 magna
1132 1504 1327 1568 attentione
1346 1506 1488 1570 concio-

258 1627 340 1672 nem
355 1627 426 1672 non
442 1610 615 1672 audirent.
636 1607 710 1672 Nec
730 1609 929 1673 doctrinam
949 1609 1025 1689 ejus
1046 1612 1198 1691 populus
1217 1611 1425 1691 accipiebat,
1446 1623 1488 1675 ut

259 1718 401 1780 curiosa
422 1716 613 1797 aliquando
633 1717 758 1781 solitus
779 1725 858 1780 erat
875 1717 921 1779 ab
940 1718 1020 1780 aliis
1041 1717 1181 1795 audire,
1201 1718 1264 1781 sed
1284 1727 1420 1781 tantum
1439 1720 1486 1783 ad

258 1824 354 1887 vitae
369 1841 412 1886 ac
427 1841 565 1887 morum
579 1825 822 1900 mutationem,
838 1825 919 1888 etin
934 1825 1019 1888 anni
1033 1840 1225 1904 progressu
1240 1834 1275 1888 et
1290 1824 1487 1906 frequentia

258 1932 460 1996 auditorum
471 1940 506 1994 et
518 1932 660 1995 devotio
672 1932 983 2012 perseverabat3et
994 1932 1216 2012 simulatque
1227 1932 1352 1996 concio
1364 1942 1488 1996 nostro

258 2039 440 2118 intemplo
455 2039 578 2102 haberi
592 2047 723 2118 posset,
740 2038 877 2102 fructus
892 2039 1035 2102 uberior
1049 2039 1271 2120 sperabatur.

322 2146 409 2210 1042.
454 2147 712 2226 Eleemosynae
726 2146 867 2210 interim
886 2146 1149 2226 quaerebantur
1167 2148 1213 2208 ab
1232 2146 1299 2225 his,
1324 2147 1383 2226 qui
1405 2164 1485 2227 pro-

259 2255 441 2328 miserant,
455 2254 501 2317 ad
516 2253 715 2316 aedificium
729 2254 900 2316 ecclesiae
919 2253 1218 2334 prosequendum,
1237 2254 1403 2334 quamvis
1422 2255 1485 2317 all·

259 2362 318 2441 qui
333 2379 459 2442 parurn
475 2373 593 2425 essent
608 2377 783 2424 memores
798 2361 852 2424 sui
867 2362 1045 2441 promissi,
1061 2364 1119 2424 vel
1133 2362 1170 2424 in
1180 2379 1222 2424 eo
1233 2360 1410 2441 implendo
1425 2378 1489 2441 pa-

259 2487 338 2532 rum
353 2469 550 2548 diligentes.
574 2467 682 2532 Venit
703 2479 738 2531 et
758 2470 833 2548 ipse
852 2468 1051 2548 Episcopus
1073 2467 1320 2546 Segorbiensis
1338 2465 1485 2534 tandem

259 2575 521 2640 Barchinonam
536 2593 657 2640 mense
671 2576 775 2659 Juli0,
792 2577 852 2656 qui
872 2593 994 2639 secum
1008 2576 1116 2639 alium
1135 2575 1325 2656 quemdam
1343 2575 1487 2655 Episco-

259 2702 344 2765 pum
359 2700 403 2747 ex
417 2684 473 2747 his
486 2702 577 2766 quos
588 2684 779 2748 annulares
790 2684 847 2747 vel
859 2683 1019 2747 titulares
1031 2693 1162 2747 vocant
1174 2680 1332 2764 [attulit];
1345 2691 1381 2747 et
1391 2683 1486 2747 hanc

259 2792 484 2855 occasionem
499 2790 663 2855 excidere
678 2791 790 2853 nostri
806 2808 875 2854 non
891 2800 974 2854 sunt
996 2792 1103 2871 passi,
1125 2801 1161 2855 et
1179 2801 1397 2855 curaverunt
1418 2789 1483 2871 [ut]

258 2899 421 2977 ecclesia,
438 2898 603 2979 quamvis
618 2897 694 2977 ejus
708 2898 824 2961 media
840 2912 925 2976 pars
939 2898 1002 2961 vix
1016 2911 1093 2961 erat
1113 2899 1286 2973 absoluta,
1305 2898 1486 2962 benedice-

258 3014 375 3085 retur;
392 3015 426 3069 et
440 3006 489 3069 ita
505 3022 628 3068 coram
642 3006 782 3068 notario
798 3015 832 3068 et
847 3006 1006 3083 testibuS,
1022 3006 1098 3069 sine
1114 3007 1185 3068 ulla
1205 3005 1486 3068 contradictione

257 3124 310 3177 est
326 3113 470 3177 lactum.
484 3112 636 3175 Pecunia
648 3122 778 3189 tamen,
797 3130 902 3193 quarn
914 3112 1061 3176 dederat
1070 3113 1268 3193 Episcopus
1279 3111 1486 3192 Segorbien·

258 3221 318 3299 siS,
329 3218 403 3300 jam
414 3221 487 3283 sere
500 3229 573 3283 tota
586 3230 794 3299 consumpta
807 3228 894 3294 erat;
907 3219 1103 3283 subsidium
1116 3230 1232 3283 tamen
1245 3219 1360 3281 adhuc
1372 3218 1486 3297 majus

259 3328 303 3391 ab
317 3328 441 3391 eodem
457 3328 633 3407 Episcopo
648 3327 851 3407 sperabant,
865 3336 899 3389 et
911 3327 961 3389 ita
973 3312 1143 3406 paulatim
1158 3326 1273 3390 media
1287 3343 1381 3406 parS,
1395 3343 1487 3405 quae

258 3434 394 3514 reliqua
409 3444 496 3507 erat,
514 3433 782 3505 aedificabatur;
800 3434 934 3496 namin
950 3434 1020 3498 alia
1035 3433 1162 3511 media,
1179 3451 1270 3513 quae
1282 3432 1356 3512 jam
1370 3434 1485 3497 confe-

260 3552 316 3604 cta
332 3552 420 3619 erat,
436 3541 567 3603 Missae
587 3540 800 3604 sacrificium
820 3540 940 3603 offerri
958 3540 1032 3620 jam
1051 3550 1218 3620 coeperat
1239 3551 1273 3603 et
1292 3544 1380 3604 satis
1401 3558 1486 3605 con·

259 3638 382 3727 cinna,
393 3650 475 3712 licet
491 3649 632 3728 exigua,
649 3648 836 3712 videbatur
850 3646 980 3711 futura.
1003 3648 1215 3711 Adversarii
1229 3649 1371 3728 quidem
1385 3666 1486 3728 paro·

259 3757 361 3821 chiae
386 3757 441 3820 del
466 3756 554 3819 Pino
579 3765 614 3819 et
638 3756 851 3820 carmelitae
874 3772 969 3818 nova
994 3772 1095 3819 arma
1118 3755 1165 3818 ad
1190 3756 1258 3819 hoc
1284 3754 1484 3821 aedificium

258 3862 536 3944 oppugnandum
552 3881 573 3925 a
587 3861 677 3926 Sede
692 3862 899 3943 Apostolica
915 3863 1100 3939 curabant,
1116 3872 1152 3925 et
1165 3863 1225 3925 ubi
1246 3863 1406 3926 constitit
1424 3863 1485 3927 ad·

257 3970 429 4034 versariis
450 3969 639 4034 Societatis
657 3986 748 4049 quae
769 3968 1080 4050 Caesaraugustae
1102 3978 1204 4049 gesta
1221 3978 1335 4045 erant,
1357 3981 1484 4034 contra

258 4077 373 4156 ipsam
387 4078 534 4140 animati
548 4094 619 4140 non
639 4076 876 4153 mediocriter,
899 4076 1154 4157 profitebantur
1173 4093 1212 4140 se
1235 4078 1325 4139 velle
1344 4086 1483 4142 tentare

257 4193 345 4247 utet
360 4185 471 4247 nostri
486 4183 710 4247 Barchinona
730 4185 1000 4263 expellerentur.

321 4290 409 4354 1043.
452 4290 597 4354 Miserat
620 4300 740 4354 autem
761 4290 798 4353 P.
821 4288 951 4353 Strada
973 4289 1300 4371 Caesaraugustam
1318 4290 1356 4355 P.
1377 4292 1483 4373 Joan·

256 4414 339 4462 nem
353 4398 498 4462 Cheralt
512 4408 551 4461 ut
564 4398 697 4461 nostris
711 4397 907 4462 subsidium
921 4397 1042 4477 ferret,
1059 4415 1101 4462 eo
1116 4400 1211 4479 quod
1226 4398 1264 4462 P.
1277 4396 1484 4478 Alphonsus

257 4502 396 4568 Roman
411 4504 659 4569 Vallisoletum
673 4506 811 4569 ratione
826 4504 909 4585 litis,
926 4505 969 4568 de
985 4523 1055 4586 qua
1070 4506 1217 4571 inferius
1232 4514 1358 4585 agetur
1372 4504 1393 4585 ¹,
1405 4524 1486 4587 pro-

258 4611 374 4676 fectus
388 4622 476 4676 erat.

300 4744 308 4778 ¹
337 4744 451 4801 Scilicet,
459 4758 518 4791 cum
527 4746 558 4791 de
569 4746 822 4802 caesaraugustanis
832 4748 916 4793 turbis
925 4760 1010 4793 sermo
1020 4751 1080 4794 erit.

414 4834 451 4894 Τ.
468 4854 501 4895 v.
