3717 5400
369 451 425 511 712
829 454 954 513 Cuuou.
975 452 1052 513 Soc.
1073 456 1142 527 jas.

375 597 444 661 hoc
466 598 591 662 itinere
609 598 783 681 Japonem
802 616 929 664 versus
948 599 1085 680 experti
1110 608 1210 679 sunt,
1237 609 1275 663 ut
1301 600 1409 682 aliqui
1429 600 1604 679 suspicari

375 715 520 783 possent
535 705 627 769 hanc
641 706 896 785 prosectionem
912 706 958 769 ad
971 706 1185 787 japonenses
1206 708 1360 772 humana
1376 708 1505 788 potius,
1520 708 1606 769 licet

372 812 476 889 bona,
496 829 602 891 quam
616 812 736 878 divina
751 814 935 877 voluntate
954 823 1157 894 susceptam
1175 814 1301 893 fuisse,
1329 816 1382 877 uel
1405 825 1501 878 certe
1522 832 1603 879 suo·

371 936 450 982 rum
465 919 682 998 patientiam,
699 920 804 985 tidem
817 939 861 984 ac
875 939 975 1001 spem
990 922 1142 1002 probare
1156 920 1348 985 Dominum
1363 922 1529 985 voluisse.

434 1025 522 1089 1988.
564 1026 721 1091 Primum
736 1029 931 1108 periculum
946 1029 1131 1093 duodecim
1146 1030 1255 1092 leucis
1271 1047 1292 1091 a
1311 1038 1417 1109 portu
1438 1028 1602 1091 Malacae

373 1150 483 1214 prope
502 1134 654 1197 insulam
676 1137 797 1216 (quam
820 1146 953 1199 vocant
981 1136 1210 1217 Pulopicizon
1231 1135 1252 1213 ¹)
1279 1148 1421 1199 nostros
1446 1136 1599 1215 excepit,

372 1252 446 1305 tam
467 1242 587 1305 valida
601 1252 811 1322 tempestate
826 1254 917 1322 orta,
934 1254 970 1307 ut
989 1245 1068 1308 vela
1084 1244 1283 1324 abruperit,
1301 1261 1392 1325 quae
1407 1244 1436 1306 si
1451 1262 1522 1305 non
1544 1260 1601 1306 ru·

373 1347 493 1428 pisset,
511 1349 673 1413 omnibus
692 1350 728 1412 iu
747 1349 962 1429 profundum
981 1351 1164 1429 demersiS,
1188 1352 1351 1415 absoluta
1365 1350 1489 1413 fuisset
1503 1351 1601 1415 navi·

372 1456 482 1541 gatio.

436 1561 523 1625 1989.
567 1561 768 1627 Secundum
789 1564 855 1627 fuit
877 1582 972 1628 nona
992 1565 1048 1629 die
1068 1564 1202 1645 Aprilis
1222 1583 1302 1629 cum
1324 1564 1369 1627 ad
1389 1565 1505 1627 sinum
1526 1562 1603 1627 Sin·

373 1670 553 1751 chapurae
572 1671 798 1749 accederent,
820 1672 885 1735 ubi·
899 1674 1004 1736 navis
1025 1674 1115 1735 inter
1135 1672 1307 1753 quasdam
1327 1690 1433 1751 rupes
1454 1672 1605 1735 haerere

375 1777 491 1858 coepit
506 1787 540 1840 et
555 1778 696 1859 quidem
716 1778 752 1841 in
770 1778 925 1842 hostium
945 1779 1141 1859 provincia;
1165 1789 1199 1842 et
1222 1797 1304 1842 cum
1326 1779 1395 1842 alia
1417 1796 1487 1841 non
1508 1788 1602 1840 esset

374 1884 466 1947 ratio
480 1884 667 1964 evadendi,
683 1886 838 1965 oportuit
853 1896 890 1949 ut
904 1886 943 1950 P.
958 1886 1129 1951 Melchior
1144 1887 1405 1951 cumfratribus
1421 1884 1605 1967 Stephano·

373 1991 417 2055 de
443 1990 541 2055 Goez
564 2001 599 2055 et
617 1990 843 2057 Ferdinando
866 1992 1013 2057 Mendez
1034 1994 1200 2073 cymbam
1223 1994 1477 2056 conscenderet
1498 2003 1532 2055 et
1555 1991 1601 2053 ad

373 2098 562 2179 petendum
584 2099 755 2163 auxilium
769 2118 791 2163 a
810 2102 964 2181 quadarn
987 2102 1088 2180 navi,
1110 2118 1216 2180 quam
1235 2102 1398 2165 viderant
1418 2110 1603 2162 transeam

373 2217 462 2285 tem,
483 2222 521 2268 se
541 2205 733 2285 conferret,
756 2217 791 2271 et
810 2208 939 2271 fratres
961 2208 1022 2286 illi,
1044 2217 1082 2273 ut
1100 2209 1250 2271 militum
1273 2208 1427 2288 speciem
1452 2224 1537 2286 prae
1562 2222 1602 2268 se

372 2311 517 2391 ferrent,
544 2314 721 2392 sclopetas
745 2331 852 2394 super
877 2315 1046 2378 humeros
1072 2314 1202 2379 habere
1227 2316 1438 2392 debuerunt;
1466 2327 1606 2375 etcum

375 2436 446 2483 nox
465 2421 745 2499 supervenisset,
766 2438 812 2484 ex
833 2422 1044 2502 quibusdam
1063 2423 1186 2501 parvis
1206 2422 1330 2485 insulis
1351 2422 1469 2501 aliqua
1489 2438 1607 2501 parva

373 2526 531 2605 navigia,
544 2544 633 2606 quas
640 2536 779 2607 paruos
790 2538 921 2592 vocant
934 2526 956 2607 ’ς
971 2529 1044 2607 sed,
1059 2546 1140 2591 cum
1152 2528 1312 2592 viderent
1323 2529 1478 2607 speeiem
1488 2544 1604 2591 arma-

374 2642 501 2711 torum,
518 2652 588 2697 non
604 2636 767 2715 aggressi
782 2644 864 2699 sunt
879 2635 1051 2714 scapham
1071 2646 1284 2702 nostrorum.
1307 2633 1376 2700 Sed
1389 2636 1494 2715 paulo
1515 2634 1601 2696 ulte·

375 2741 450 2804 rius
475 2743 672 2821 progressi,
700 2742 871 2805 inlocum
891 2742 1079 2822 quemdam
1102 2743 1311 2821 inciderunt,
1336 2743 1394 2805 ubi
1416 2740 1457 2804 50
1481 2742 1538 2803 vel
1561 2737 1609 2802 60

373 2847 520 2926 navigia
542 2865 656 2927 parva
681 2848 927 2926 substiterant;
950 2858 983 2911 et
1005 2850 1065 2912 ubi
1090 2860 1292 2912 nostrorum
1317 2850 1487 2929 scapham
1507 2849 1603 2913 vide·

373 2963 466 3028 runt,
483 2971 565 3017 cum
580 2954 727 3018 summis
741 2956 956 3018 clamoribus
976 2965 1058 3019 sunt
1076 2973 1156 3019 eam
1176 2958 1340 3036 aggressi
1360 2957 1396 3018 in
1416 2955 1505 3018 duas
1523 2972 1602 3035 par·

373 3068 427 3122 tes
451 3060 556 3124 divisi
576 3072 613 3123 ut
635 3062 752 3124 media
772 3063 906 3142 scapha
924 3079 996 3125 non
1014 3064 1228 3140 elaberetur;
1250 3071 1284 3125 et
1303 3063 1467 3144 quamvis
1490 3062 1605 3126 nostri

374 3167 528 3247 speciem
544 3169 749 3232 exhiberent
764 3170 1071 3249 sclopetariorum,
1089 3181 1123 3232 et
1138 3171 1205 3249 ipsi
1220 3169 1257 3232 P.
1275 3168 1459 3232 hlelchiori
1473 3170 1509 3232 in
1530 3185 1603 3232 ma·

374 3274 477 3338 nibus
498 3275 682 3341 ardentem
704 3275 871 3342 ticionem
890 3277 1075 3357 posuerint
1095 3275 1141 3340 ad
1160 3277 1227 3340 hoc
1250 3277 1382 3356 ipsum,
1410 3276 1459 3340 illi
1480 3275 1604 3340 nihilo-

415 3550 425 3583 Ι
453 3551 623 3594 Emendatum
634 3556 674 3594 est
684 3551 732 3594 hoc
743 3562 842 3605 nomen,
853 3563 900 3594 nec
910 3551 977 3596 satis
989 3559 1099 3606 apparet
1110 3563 1141 3594 an
1156 3553 1290 3604 legendum
1301 3552 1343 3600 sit,
1353 3558 1429 3606 prout
1444 3553 1526 3606 primo
1542 3553 1605 3596 scri·

373 3628 447 3677 ptunt
461 3623 547 3670 iuerat
563 3631 589 3666 et
605 3634 650 3668 nos
665 3623 782 3676 legimus,
793 3633 827 3668 au
837 3623 1010 3678 Pulopisaon.
1023 3623 1146 3676 Quamvis
1157 3629 1244 3667 autem
1255 3626 1281 3666 in
1291 3625 1391 3666 chartis
1399 3624 1456 3666 sit-e
1470 3623 1610 3668 veteribus

373 3694 430 3738 sive
440 3695 629 3738 recentioribus
639 3705 763 3748 expressa
772 3694 836 3737 haec
846 3695 938 3747 insula,
948 3695 1015 3738 sorte
1024 3695 1083 3750 quia
1092 3706 1176 3747 parvn
1187 3695 1322 3738 admodum
1330 3703 1378 3744 est,
1387 3707 1436 3737 non
1448 3694 1604 3748 reperiatur,

374 3774 406 3806 ex
416 3766 475 3808 aliis
485 3765 563 3820 hujus
574 3765 687 3818 regionis
698 3767 843 3812 nominibus
853 3767 965 3810 deducta
976 3767 1152 3818 similitudine,
1163 3767 1339 3810 existimamus
1349 3767 1373 3809 ei
1383 3777 1474 3810 nomen
1484 3777 1539 3809 esse
1551 3765 1604 3808 Pu·

372 3836 506 3892 toptsang.
514 3838 546 3882 Nl
553 3839 621 3882 forte
629 3839 675 3882 illa
683 3839 726 3892 sit,
734 3850 812 3892 quant
820 3839 1014 3884 recentissimae
1021 3839 1131 3883 chartae
1138 3839 1310 3892 Pulopr'ucrng
1318 3847 1421 3892 vocant;
1432 3850 1497 3892 quae
1506 3847 1602 3892 tamen,

374 3907 436 3951 licet
447 3908 472 3952 ln
483 3918 621 3962 conspectu
631 3917 722 3963 pertus
732 3910 848 3954 Malacae
859 3912 901 3960 sit,
912 3909 1014 3962 longius
1024 3912 1089 3953 satis
1099 3921 1174 3964 quam
1186 3918 1244 3953 octo
1255 3911 1334 3954 leucis
1345 3911 1377 3953 ab
1388 3921 1418 3952 eo
1428 3912 1516 3953 distat.

416 3978 429 4011 θ
455 3980 587 4032 Quaedam
595 3981 636 4024 hic
648 3981 836 4037 desiderantur,
847 3993 863 4026 a
874 3983 981 4026 librario
997 3983 1110 4025 sortasse
1121 3983 1189 4024 inter
1200 3982 1394 4025 describendum
1410 3981 1603 4034 praetermissa.

374 4051 470 4102 Sensus
479 4053 583 4099 ridetur
592 4053 726 4108 requirere
736 4060 765 4097 ue
775 4055 887 4104 dicatur.
903 4053 1011 4107 navigia
1021 4054 1067 4096 illa
1082 4065 1175 4107 parva,
1186 4064 1251 4107 quae
1267 4053 1423 4106 praedonum
1434 4059 1516 4104 erant,
1528 4053 1608 4098 simul

373 4133 405 4168 sc
416 4130 562 4167 nostrorum
570 4125 688 4179 cymbam
697 4124 827 4179 viderunt,
836 4126 950 4168 voluisse
960 4125 1045 4168 subito
1055 4121 1144 4176 egredi
1154 4136 1185 4166 ex
1197 4125 1286 4168 insulis
1295 4125 1336 4166 ubl
1345 4124 1486 4168 latitabant
1496 4131 1523 4166 et
1530 4131 1606 4168 recta

372 4195 400 4238 in
409 4201 511 4239 nostros
521 4196 685 4239 contendere:
697 4203 725 4240 at
736 4198 881 4250 conspectis
892 4197 1028 4250 evestigio
1042 4197 1166 4240 militibus
1177 4198 1219 4250 qui
1231 4197 1256 4239 in
1272 4199 1365 4252 cymba
1381 4196 1550 4248 vehebantur,
1562 4195 1604 4237 lle·

373 4267 442 4312 xlsse
450 4268 640 4322 aliquantulum
650 4279 756 4316 cursura
765 4276 795 4314 ut
806 4281 833 4311 se
844 4280 901 4314 cunt
911 4269 965 4314 suls
975 4269 1053 4316 sociis
1064 4270 1250 4324 coniungerent
1262 4277 1288 4312 et
1301 4269 1384 4322 magis
1396 4275 1537 4322 opportuno
1549 4267 1612 4312 loco·

374 4350 421 4387 uos
432 4339 616 4393 depraedatori
627 4339 852 4387 clreumveuireut.

428 4409 639 4464 Velslmpliclus:
1331 4456 1335 4466 =

429 4481 493 4533 Cum
503 4493 553 4534 uox
564 4482 765 4536 supervenisset,
777 4495 810 4529 ex
820 4485 974 4539 quibusdam
985 4483 1077 4539 parvis
1088 4483 1178 4529 insulis
1187 4485 1275 4538 aliqua
1285 4493 1369 4538 parva
1378 4483 1493 4538 navigia,
1504 4489 1612 4538 paraus

374 4560 481 4603 vocant,
500 4554 648 4608 [egressura
664 4555 763 4610 erant];
781 4555 827 4598 sed
843 4567 902 4603 cum
917 4556 1037 4603 viderent
1053 4556 1164 4612 speciem
1183 4563 1351 4610 armatorum,
1369 4567 1418 4600 non
1433 4555 1531 4609 egressi
1546 4561 1610 4600 suut

375 4625 484 4679 [contra]
495 4625 618 4680 scapham
630 4632 787 4682 nostrorum
800 4626 869 4681 [qul]¹
879 4629 956 4681 paulo
967 4628 1076 4671 ulterius
1087 4627 1226 4682 progressi,
1237 4627 1263 4671 ln
1273 4629 1357 4671 locum
1365 4627 1499 4682 quemdam
1511 4626 1610 4671 incide·

374 4706 443 4749 runt,
454 4697 719 4752 ubiquluquaginta...
1597 4705 1603 4712 '
