3717 5400
371 1260 433 1343 DE
461 1263 498 1348 P.
528 1260 724 1344 GONZALl
750 1263 966 1346 MISSIONE
991 1264 1038 1346 IN
1065 1265 1357 1387 AETHIOPIAM

313 1983 402 2050 1896.
445 1983 592 2048 Missum
619 1985 728 2049 fuisse
754 1985 792 2050 P.
821 1985 1044 2050 Gonzalvum
1065 1983 1075 2016 ¹
1096 1985 1300 2066 Rodriguez
1321 1995 1360 2050 ut
1378 2004 1478 2068 prae-

247 2110 432 2156 cursorem
454 2091 698 2173 Patriarchae‚
714 2093 755 2170 ¹id
777 2096 977 2174 postulante
999 2093 1186 2174 Pro-rege,
1210 2093 1255 2156 D.
1279 2093 1383 2157 Petro
1405 2094 1479 2158 Ma-

249 2216 455 2278 scaregnaS‚
473 2200 627 2262 diximus
642 2197 663 2263 ¹.
682 2199 759 2264 Goa
775 2217 861 2280 ergo
878 2201 1029 2280 septima
1044 2201 1099 2264 die
1114 2200 1298 2264 Februarii
1313 2219 1394 2264 oum
1408 2201 1478 2264 fra·

249 2315 303 2368 tre
318 2317 441 2368 nostro
458 2305 643 2386 Fulgentio
658 2305 780 2370 Freire
800 2307 973 2370 discessit.
991 2306 1196 2370 Mittebatur
1211 2316 1329 2370 autem
1352 2308 1478 2371 classis

248 2429 316 2492 pro
331 2430 429 2476 more
444 2411 490 2475 ad
505 2415 621 2476 sinum
642 2415 752 2476 maris
772 2412 894 2491 Rubri,
918 2414 1013 2494 quod
1033 2415 1144 2494 vulgo
1159 2422 1291 2477 vocant
1313 2413 1360 2490 (el
1381 2414 1479 2477 Stre·

246 2517 312 2581 cho
333 2523 345 2557 ⁸
368 2519 411 2580 de
432 2519 587 2597 Mecaa),
602 2520 639 2582 in
654 2538 724 2600 qua
739 2520 852 2583 nostri
866 2519 1088 2584 vehebantur
1103 2530 1137 2584 et
1151 2521 1188 2583 in
1201 2519 1310 2599 Regis
1332 2519 1480 2584 Aethio·

249 2625 328 2706 piae
345 2625 463 2688 littora
478 2625 642 2704 ejiciendi
661 2627 775 2690 erant.¹

311 2732 399 2795 1897.
443 2732 650 2813 Quindecim
665 2736 787 2799 diebus
802 2747 1041 2817 pervenerunt
1062 2734 1312 2815 Socbotoram,
1335 2753 1426 2817 quae
1441 2736 1478 2799 in

248 2838 411 2903 faucibus
425 2838 535 2903 Rubri
550 2841 659 2903 maris
675 2851 739 2920 est,
756 2844 815 2906 ubi
831 2840 953 2907 Sancti
969 2842 1132 2930 Apostoli
1148 2840 1160 2872 ⁴
1181 2842 1369 2905 ecclesiam
1391 2842 1480 2906 invi·

250 2957 392 3021 serunt;
421 2956 455 3009 et
480 2964 560 3010 cum
584 2949 740 3011 audisset
765 2952 955 3012 multorum
980 2950 1129 3012 militum
1154 2948 1416 3029 confessioneS,
1444 2958 1479 3013 et

248 3052 361 3133 ipsius
375 3055 482 3116 etiam
494 3054 669 3118 Praefecti
685 3055 870 3119 Generalis
885 3058 1022 3133 classiS,
1035 3057 1196 3120 omnibus
1207 3054 1478 3120 Sanctissimum

248 3159 520 3227 Sacramentum
535 3161 570 3224 in
583 3163 709 3226 eadem
726 3165 889 3241 ecclesia,
907 3182 1014 3245 quam
1029 3164 1162 3227 factam
1182 3165 1227 3226 ab
1243 3165 1368 3227 eodem
1383 3164 1480 3244 Apo-

247 3270 342 3331 stolo
357 3266 529 3348 ferebant,
547 3270 774 3333 ministravit.
791 3270 892 3333 Multi
908 3270 1038 3333 ibidem
1053 3269 1237 3333 christiani
1252 3271 1478 3333 successione

248 3376 416 3438 continua
434 3375 535 3438 abeo
554 3384 713 3456 tempore
734 3377 769 3439 in
793 3394 835 3439 ea
853 3378 969 3441 insula
984 3377 1135 3456 fuerant,
1153 3377 1198 3439 ab
1212 3378 1289 3457 ipso
1304 3376 1479 3457 Apostolo

249 3482 369 3545 edocti
387 3490 422 3543 et
442 3482 629 3562 baptizati;
651 3492 685 3545 et
710 3484 990 3546 consolationem
1011 3491 1227 3562 acceperunt
1245 3483 1370 3560 nostri,
1394 3482 1478 3544 dum

249 3604 374 3650 eorum
389 3588 606 3667 sacerdotes,
624 3599 684 3652 aut
699 3589 817 3669 potius
833 3590 892 3671 qui
904 3589 1131 3653 sacerdotum
1143 3587 1257 3651 officio
1269 3588 1478 3668 funguntur,

251 3694 420 3757 videbant
442 3694 570 3757 devote
592 3712 676 3758 suas
699 3696 877 3759 orationes
893 3704 927 3758 et
948 3696 1068 3758 divina
1090 3694 1207 3758 officia
1231 3694 1477 3774 decantantes;

250 3810 286 3864 et
306 3817 397 3864 unus
415 3816 539 3862 eorum
554 3802 590 3864 in
610 3802 787 3864 thuribulo
808 3802 993 3865 incensum
1017 3800 1220 3882 praebebat;
1247 3810 1281 3864 et
1303 3801 1479 3882 quaedam

251 3911 349 3972 velut
369 3910 565 3974 versiculos
588 3909 739 3988 dicebat,
761 3918 794 3972 et
819 3909 878 3972 alii
899 3910 995 3972 velut
1017 3910 1247 3989 responsoria
1268 3908 1478 3972 reddebant.

251 4014 403 4079 Ferebat
428 4026 546 4080 autem
568 4015 663 4079 sama
685 4017 742 4078 vel
766 4017 909 4079 traditio
929 4016 1056 4079 horum
1078 4015 1259 4079 hominum
1281 4014 1374 4096 quod
1393 4024 1479 4079 tem·

250 4125 348 4204 plum
369 4123 454 4187 illud
478 4123 517 4187 B.
535 4122 691 4187 Thomas
713 4141 758 4186 ex
776 4124 861 4186 navi
883 4124 1037 4204 quadam
1057 4121 1252 4203 confracta,
1274 4140 1365 4204 quae
1384 4122 1421 4185 in
1436 4140 1480 4187 ea

290 4419 297 4451 Ι
327 4418 398 4471 Scll..
411 4418 572 4463 Gonznlvurn
581 4418 757 4473 (consult-um,
767 4418 823 4462 sive
835 4417 1033 4473 Gundlselvum)
1042 4417 1197 4473 Rodrlguez.

289 4490 301 4521 ¹
330 4488 450 4545 Septem
471 4490 533 4535 1781.

290 4560 301 4593 ⁸
329 4560 461 4606 Miscutsse
472 4562 513 4606 bic
528 4562 633 4607 videtur
643 4564 766 4607 librarius
775 4562 892 4607 italicum
906 4562 932 4607 lo
941 4563 1037 4606 stratio
1046 4573 1104 4606 cum
1119 4560 1254 4615 hispanico
1270 4558 1295 4604 el
1308 4558 1481 4613 estrechoaie

250 4632 466 4689 Babclmandel).

291 4704 304 4739 ⁴
330 4704 514 4753 statuomae.
