3717 5400
822 465 884 522 Aa.
908 463 978 522 1555
1459 461 1515 520 215

283 627 396 690 aquae
411 612 537 688 bonae,
556 621 590 673 et
605 613 721 674 locum
737 611 782 674 ad
797 611 939 674 hortum
965 611 1000 672 in
1022 611 1100 688 ipsa
1120 626 1208 688 rupe
1228 608 1514 690 concinnandum

282 717 473 781 habebant.
699 721 722 732 ““

339 824 411 886 626.
455 824 619 888 Secunda
644 827 793 888 ecclesia
816 835 892 888 erat
913 823 973 889 S.¹¹
995 824 1153 905 JoanniS,
1170 823 1340 902 Lilybaeo
1357 823 1447 884 mari
1461 822 1511 884 vi-

277 931 378 1010 cina,
395 949 476 995 cum
492 949 580 1012 agro
596 933 751 1012 quodam
765 932 957 1012 conjuncta
969 931 1127 1011 ejusdem
1142 931 1325 1006 ecclesiae,
1342 929 1388 991 ad
1404 945 1510 1008 quam

279 1040 385 1102 etiam
402 1058 532 1119 magna
547 1040 733 1104 devotione
749 1041 984 1104 concurritur.
1002 1039 1065 1102 Est
1080 1040 1173 1102 enim
1195 1038 1265 1100 hoe
1280 1037 1510 1100 observatum

278 1146 372 1228 quod
388 1147 529 1210 infesto
551 1147 610 1212 Sil
627 1148 775 1230 Joannis
790 1149 844 1226 (in
860 1164 929 1228 quo
948 1164 993 1210 ex
1015 1155 1090 1209 tota
1110 1147 1203 1210 valle
1225 1144 1392 1207 Mazarae
1410 1145 1510 1207 multi

278 1273 320 1317 eo
335 1256 563 1334 conveniunt)
583 1266 707 1336 puteus
733 1256 887 1336 quidam,
905 1254 950 1317 ad
972 1271 1076 1335 quem
1096 1271 1159 1333 per
1177 1255 1312 1315 scalam
1332 1251 1509 1330 lapideam

276 1361 518 1440 descenditur,
535 1373 694 1443 tempore
708 1363 838 1443 prioris
852 1361 1046 1442 vespertini
1060 1360 1162 1424 officii
1178 1359 1236 1422 gn
1254 1357 1403 1439 Joannis
1416 1375 1508 1438 aqua

276 1469 372 1548 putei
387 1471 556 1550 paulatim
571 1470 700 1534 erescit
712 1487 822 1550 usque
839 1469 884 1532 ad
898 1485 1102 1548 supremam
1117 1485 1218 1530 oram
1231 1466 1338 1546 putei,
1355 1476 1389 1527 et
1404 1465 1441 1527 in
1455 1482 1507 1528 se·

276 1577 401 1640 cundis
429 1578 589 1657 vesperis
609 1577 778 1658 paulatim
808 1577 993 1648 decrescit,
1022 1584 1057 1637 et
1081 1573 1127 1636 ad
1148 1591 1252 1636 suum
1273 1574 1391 1635 locum
1417 1571 1507 1635 redit

276 1701 380 1762 aqua,
396 1694 430 1747 et
445 1684 513 1746 hoc
527 1685 621 1746 visui
637 1683 821 1747 manifeste
841 1692 965 1764 patere
979 1683 1111 1744 dicunt.
1136 1680 1317 1743 Ascensus
1338 1690 1455 1742 autem
1470 1689 1506 1741 et

275 1788 468 1854 descensus
482 1801 634 1872 quatuor
650 1793 707 1854 vel
727 1791 880 1872 quinque
895 1791 1094 1869 palmorum
1119 1799 1183 1852 est.
1199 1787 1325 1850 Fertur
1341 1786 1435 1866 quod
1459 1803 1505 1849 ex

275 1895 400 1960 hernia
414 1909 448 1961 et
463 1899 674 1979 quibusdam
690 1899 768 1961 aliis
783 1897 917 1961 morbis
932 1896 1031 1958 multi
1042 1894 1172 1959 ibidem
1186 1904 1356 1957 sanentur
1370 1892 1391 1953 ¹.

333 2003 406 2068 627.
449 2004 622 2068 Dominus
638 2015 755 2069 autem
768 2006 924 2087 Joannes
940 2003 1104 2080 pinellus,
1117 1999 1320 2082 praefectus
1334 1998 1409 2079 ejus
1423 2017 1503 2080 pro·

274 2110 427 2190 vinciae,
439 2129 532 2174 anno
545 2112 771 2192 praecedenti
782 2111 970 2174 ecclesiam
982 2109 1074 2173 dirui
1082 2109 1250 2189 jusserat,
1262 2107 1344 2187 quia
1356 2106 1504 2170 timebat

273 2233 318 2279 ne
332 2227 456 2281 turcae
470 2237 548 2282 eam
564 2229 780 2299 occuparent
794 2228 828 2281 et
843 2218 1031 2292 munirent,
1045 2233 1125 2278 cum
1137 2223 1288 2295 quatuor
1304 2213 1412 2277 millia
1424 2230 1501 2294 pas-

272 2341 375 2388 suum
390 2335 492 2388 extra
506 2326 628 2388 urbem
643 2325 834 2389 Marsalam
850 2332 954 2388 esset.
967 2324 1121 2387 Tantum
1137 2325 1306 2384 sacellum
1322 2337 1431 2384 unum
1451 2337 1502 2384 re-

272 2431 384 2512 liquit.
403 2431 599 2512 Quemdam
615 2443 734 2497 autem
754 2433 993 2510 sacerdotem,
1012 2431 1187 2511 stipendio
1207 2429 1372 2492 conducit
1391 2428 1501 2491 Colle·

271 2539 382 2616 glum,
397 2541 455 2620 qui
474 2541 557 2604 huic
573 2541 744 2605 ecclesiae
767 2542 825 2604 vel
850 2541 1008 2619 capellae
1022 2537 1206 2614 inserviat,
1223 2553 1304 2598 cum
1318 2535 1502 2598 Massarae

272 2643 526 2711 habitationem
542 2648 673 2711 habeat
688 2647 781 2711 intra
796 2647 958 2711 eamdem
979 2646 1112 2709 urbem.
1129 2643 1193 2707 Est
1213 2644 1317 2705 tertia
1337 2641 1501 2719 ecclesia,

271 2770 363 2833 quae
377 2755 452 2817 sine
467 2764 561 2818 tecto
577 2765 665 2819 erat.

330 2861 402 2924 628.
444 2862 632 2944 Judicabat
647 2873 764 2926 autem
785 2860 823 2925 P.
845 2862 1079 2925 Prouincialis
1104 2871 1248 2942 propter
1270 2860 1501 2923 haecomnia

271 2969 440 3050 expedire
458 2979 498 3033 ut
514 2969 710 3050 Collegium
725 2968 902 3033 Marsalae
923 2971 1068 3033 haberet
1089 2968 1263 3046 SocietaS,
1282 2966 1375 3048 quod
1394 2966 1501 3031 Dom.
1580 3036 1585 3045 ,

312 3213 320 3246 ¹
349 3212 497 3257 “Ecclesiae
509 3214 597 3257 unitae
608 3213 664 3257 sive
675 3214 811 3257 Prioratus
822 3214 898 3267 hujus
909 3213 1032 3257 Coenobli
1043 3213 1166 3264 (Sanctae
1176 3212 1276 3257 Mariae
1286 3213 1317 3256 de
1325 3210 1501 3266 Marsalam·

270 3286 369 3329 stende
381 3284 488 3333 Gruttai
497 3292 557 3329 sunt
568 3286 594 3329 ln
605 3286 713 3329 civitate
725 3294 750 3329 et
762 3296 827 3340 agro
838 3285 1018 3343 Lilybaetano:
1031 3287 1049 3329 1.
1061 3285 1174 3331 Sanctae
1183 3284 1282 3329 Mariae
1298 3285 1329 3327 de
1345 3284 1450 3338 Grntta,
1467 3286 1504 3330 ab

270 3358 333 3401 nrbe
344 3358 376 3401 ad
389 3358 496 3402 tertium
507 3358 618 3411 lapidem
633 3357 658 3400 in
674 3360 785 3410 quodam
800 3358 979 3412 antiquissimo
996 3364 1073 3401 antro
1089 3360 1259 3401 subterraneo
1276 3358 1309 3401 ad
1325 3356 1353 3400 52
1367 3357 1472 3410 gradus,
1483 3369 1500 3401 a

271 3440 321 3484 qno
330 3440 423 3473 nomen
433 3430 521 3487 habet,
533 3432 575 3473 ubi
586 3430 671 3473 adhuc
681 3431 847 3473 simulacrum
857 3440 1030 3473 marmoreum
1042 3429 1071 3473 Β.
1087 3429 1204 3483 Virginis
1218 3439 1315 3482 magna
1329 3437 1369 3472 est
1383 3429 1410 3471 in
1426 3440 1503 3472 vene-

270 3502 466 3546 rationalium
477 3503 621 3556 prioratum
632 3510 709 3556 atque
720 3502 1006 3556 archipresbyteratum
1017 3501 1106 3545 Sancti
1122 3502 1238 3545 'rhomae
1252 3500 1382 3545 Marsalae
1399 3501 1500 3545 dedisse

270 3574 330 3628 lego
340 3572 439 3626 Regem
448 3572 588 3617 Martinam
598 3574 690 3626 Joanni
701 3573 832 3617 Lnlllotae
844 3572 949 3617 Marsal.
960 3574 991 3616 ob
1002 3574 1169 3617 rebellionem
1180 3572 1252 3616 Petri
1263 3574 1293 3616 de
1303 3573 1385 3627 Ajuto
1400 3579 1427 3615 et
1441 3583 1500 3627 pre-

270 3646 370 3701 sbyteri
381 3645 502 3689 Andreae
511 3646 542 3689 de
552 3644 628 3702 Mayo
639 3658 671 3688 ex
683 3646 777 3689 litteris
787 3646 856 3689 datis
866 3646 891 3688 in
905 3646 1037 3689 obsidione
1053 3645 1170 3690 Catanae
1183 3645 1311 3697 18111112
1325 3645 1386 3695 ind..
1399 3645 1464 3699 1391,
1475 3646 1504 3689 in

271 3727 326 3769 reg.
337 3728 411 3760 canc.
422 3718 465 3760 iol.
475 3718 496 3761 1.
507 3718 546 3759 -2.
558 3717 647 3761 Sancti
657 3718 763 3770 Joannis
776 3718 810 3760 'de
826 3718 903 3770 Bodo,
921 3718 953 3761 ad
972 3719 1098 3761 verticem
1114 3718 1288 3761 Promontorii
1306 3716 1442 3771 magnifice
1457 3728 1499 3759 ex-

269 3790 357 3843 tructl;
368 3790 434 3843 quod
446 3788 529 3843 Caput
541 3788 601 3833 soei
613 3790 715 3833 dicitur¹
727 3788 855 3833 Diodorus
867 3791 907 3833 lib.
918 3802 944 3840 v,
961 3800 987 3833 et
1001 3790 1147 3834 Macrobius
1162 3791 1205 3833 lib.
1224 3788 1376 3840 saturnali,
1389 3788 1498 3832 Puteum

268 3858 423 3917 Lilybaeum
434 3864 575 3915 celebrant,
587 3862 617 3904 de
628 3874 677 3915 quo
687 3864 762 3916 plura
773 3862 905 3905 fabulatur
915 3862 1067 3916 antiquitas.
1081 3861 1161 3905 Sacer
1171 3873 1281 3916 namque
1294 3861 1362 3915 apud
1376 3861 1506 3913 superati-1

268 3932 350 3977 tiosos
360 3940 464 3977 veteres
475 3941 539 3983 eran
549 3946 562 3975 e
573 3944 622 3987 qno
633 3934 750 3977 bibentes
758 3935 849 3977 statirn
859 3934 1000 3977 vaticinari
1015 3934 1180 3981 videbantnr;
1189 3934 1255 3988 qnod
1266 3944 1329 3987 opus
1346 3932 1499 3979 daemonnm

268 4006 354 4059 tuisse,
365 4007 408 4059 qui
418 4005 574 4059 conjecturis
585 4006 673 4050 lutura
683 4005 834 4059 praedicere
845 4006 984 4059 aliquando
1001 4012 1147 4055 censentur,
1159 4005 1324 4049 Christianus
1340 4016 1416 4049 nemo
1427 4007 1500 4051 dnbi-

267 4082 316 4121 tat.
327 4076 423 4121 Puteus
432 4077 454 4120 ls
464 4079 540 4131 plane
551 4083 591 4121 est
602 4077 686 4131 hodie,
697 4076 739 4132 qul
751 4078 882 4131 intemplo
894 4076 924 4120 D.
937 4076 976 4128 Jo.
988 4078 1124 4132 Baptistae
1133 4078 1237 4129 visitur,
1252 4079 1326 4133 culus
1337 4078 1499 4123 intercessio·

266 4160 298 4192 ne
309 4160 392 4203 aqnae
402 4160 488 4202 saepe,
499 4150 610 4193 maxime
622 4150 647 4192 in
657 4149 795 4203 pervigilio
805 4150 920 4203 ejusdem
932 4148 1021 4193 Sancti
1036 4158 1155 4193 cresmnt
1170 4157 1197 4193 et
1212 4150 1379 4205 decrescunt,
1396 4157 1423 4195 et
1438 4159 1499 4196 snnt

265 4220 300 4263 ad
310 4222 422 4264 salutem
432 4220 571 4264 hominum.
582 4220 678 4264 Subtns
692 4226 797 4263 emanat
813 4220 869 4263 lons
887 4222 1055 4275 praecipuus,
1069 4223 1143 4275 cujus
1160 4232 1243 4276 aquae
1259 4229 1368 4277 prosunt
1382 4224 1498 4277 aegrotis

265 4290 353 4334 etlam.
366 4288 427 4345 Ejus
437 4292 613 4344 pavimentum
625 4292 719 4334 crustis
729 4292 890 4334 diversorum
901 4294 1017 4335 colorum
1029 4293 1178 4337 distinctum
1188 4305 1244 4336 ease
1260 4302 1373 4338 testatur
1390 4296 1503 4339 Aretias

265 4360 309 4405 lol.
319 4360 354 4413 27,
365 4374 389 4405 n.
403 4361 434 4405 10.
445 4362 473 4405 ld
484 4362 634 4406 beneficium
647 4370 705 4417 post
722 4364 821 4407 obitum
836 4363 944 4406 Antonii
954 4364 986 4405 de
997 4362 1177 4418 vigintimiliis
1192 4376 1209 4407 a
1224 4364 1339 4419 Prorege
1351 4367 1441 4410 datum
1457 4376 1496 4411 est

263 4430 355 4487 Joanni
366 4434 486 4478 Petaliae
497 4434 566 4478 datis
576 4433 710 4478 Messanae
720 4435 816 4478 litteris
826 4433 853 4476 at
863 4434 929 4489 Oct,
942 4434 968 4477 10
976 4436 1026 4478 ind
1039 4435 1097 4489 1176,
1107 4437 1133 4479 in
1144 4437 1181 4480 iio
1198 4448 1265 4482 secr.
1275 4437 1410 4491 Stephani
1424 4439 1498 4483 Mar·

265 4505 299 4556 ci,
315 4504 359 4548 iol.
378 4504 438 4556 177.,
455 4502 574 4547 Roccnus
592 4504 696 4558 Prsaus,
714 4504 809 4548 Sicilia
827 4504 921 4554 Sacra,
940 4505 1113 4549 Masarensis
1130 4506 1268 4552 Ecclesiae
1284 4508 1388 4553 Noiiiia
1410 4513 1503 4561 sexta,

264 4573 310 4618 lib.
320 4584 358 4625 111,
367 4576 415 4618 col.
425 4572 486 4618 1011.

305 4642 354 4689 llic
364 4647 396 4689 ad
407 4648 518 4701 paginae
528 4659 601 4692 oram
611 4648 637 4691 iu
649 4648 762 4692 Ponnncr
772 4660 818 4693 ms.
829 4648 934 4702 scripsit
950 4648 1078 4695 saccatur:
1093 4652 1202 4695 “dicitur
1217 4665 1285 4708 aqna
1295 4656 1367 4709 putei
1377 4666 1496 4699 crescere

263 4715 299 4759 ad
307 4728 382 4761 oram
392 4730 472 4774 usque
481 4726 508 4764 et
519 4721 671 4765 decrescere
681 4733 698 4766 a
707 4722 797 4777 primis
807 4723 839 4765 ad
850 4724 897 4765 2¹¹·
914 4736 1039 4779 vesperas
1050 4724 1074 4767 S.
1085 4723 1214 4779 ioannis..
