3717 5400
808 482 872 541 Au.
898 481 970 542 1555
1194 539 1197 548 ,
1453 480 1507 542 193

271 627 383 708 aliqui
396 627 608 707 praesertim
629 638 763 706 eorum,
783 626 844 706 qui
864 627 952 690 satis
974 627 1196 706 impudenter
1216 643 1296 690 sese
1318 625 1504 704 gerebant,

261 735 387 800 donec
400 734 483 797 inde
498 733 850 798 recessit'Asdrubal.

331 841 404 906 557.
448 839 616 906 Pervenit
625 840 828 908 Messanam
842 839 880 903 P.
898 839 1134 904 Prouincialis
1151 839 1158 872 ¹
1174 840 1244 904 24.ιι
1259 839 1366 924 Junii,
1379 851 1506 906 etcum

274 947 480 1028 aliquandiu
495 947 544 1010 ibi
557 947 694 1025 fuisset,
711 947 795 1014 etin
813 948 966 1010 ecelesia
986 946 1046 1011 SA
1066 947 1204 1011 Nicolai
1216 945 1410 1026 jubilaeum
1424 965 1505 1012 con·
1532 955 1535 960 “

263 1055 451 1120 cionando
466 1055 697 1134 publicasset,
714 1055 760 1118 ad
775 1054 843 1118 iter
856 1053 1058 1120 Romanum
1072 1073 1110 1118 se
1126 1056 1282 1119 accinxit
1297 1065 1319 1115 ¹.
1377 1121 1381 1130 ,

334 1161 408 1225 558.
451 1161 588 1225 Civitas
598 1161 839 1226 Messanensis
849 1178 971 1224 mense
986 1160 1080 1242 Maio
1095 1162 1238 1241 scripsit
1253 1161 1445 1241 Algnauo
1460 1161 1507 1230 ad

275 1268 552 1349 praelegendum
567 1268 702 1347 logices
720 1285 863 1332 cursum
881 1266 999 1332 Patris
1018 1268 1206 1332 Annibalis
1227 1285 1374 1348 operam
1389 1279 1505 1348 postu

274 1375 392 1438 lando.
409 1373 581 1438 Curatum
595 1383 649 1437 est
664 1383 783 1437 autem
804 1383 843 1437 ut
862 1375 930 1455 ipsi
952 1375 1002 1438 illi
1022 1374 1183 1454 studiosi,
1205 1375 1242 1438 in
1261 1392 1411 1456 quorum
1426 1391 1505 1454 gra·

275 1482 361 1545 tiam
374 1481 411 1544 id
427 1482 683 1561 postulabatur,
700 1479 911 1544 desisterent
925 1483 971 1544 ab
986 1499 1029 1544 ea
1044 1483 1228 1562 petitione;
1251 1491 1285 1545 et
1304 1483 1355 1546 ita
1377 1483 1507 1546 civitas

263 1590 382 1653 etiam
396 1587 540 1666 destitit,
554 1606 645 1670 quae
656 1588 765 1652 etiam
778 1606 899 1652 mense
915 1589 1080 1670 Augusto
1095 1590 1175 1652 aliis
1187 1590 1314 1654 litteris
1326 1589 1506 1654 abeodem

258 1695 313 1792 Ῥ.
330 1695 470 1776 Ignatio
485 1694 629 1759 Patrem
643 1697 787 1776 Laynez
801 1704 840 1758 ut
854 1695 891 1757 in
907 1695 1114 1758 Cathedrali
1127 1713 1192 1759 suo
1216 1697 1346 1776 templo
1367 1695 1506 1760 concio·

275 1815 423 1866 naretur
436 1803 624 1884 petierunt;
640 1803 703 1866 sed
717 1820 762 1865 ne
776 1803 813 1866 id
827 1803 969 1882 quidem
984 1813 1038 1866 est
1053 1819 1274 1866 concessum.

338 1911 410 1974 559.
454 1911 544 1975 Cum
568 1912 633 1973 sub
657 1910 797 1974 initium
820 1909 1039 1990 Septembris
1058 1909 1097 1972 P.
1118 1909 1359 1990 Hieronymus
1379 1909 1507 1972 Dome-

276 2019 381 2095 nech,
397 2017 645 2096 Provinciam,
658 2016 809 2082 Romam
819 2019 988 2096 venisset,
1002 2027 1037 2081 et
1048 2035 1170 2082 secum
1185 2017 1389 2081 deduxisset
1404 2016 1508 2081 Octa-

277 2126 424 2190 vianum
438 2125 641 2203 Caesarem,
658 2123 702 2187 de
717 2141 787 2204 quo
801 2125 944 2204 saepius
959 2125 1054 2188 sacta
1069 2135 1123 2187 est
1135 2125 1268 2187 mentio
1279 2122 1302 2202 ⁵,
1315 2125 1416 2188 brevi
1427 2140 1508 2186 curn

278 2233 398 2298 multis
414 2232 494 2294 aliis
508 2231 544 2294 in
559 2230 718 2295 Siciliam
737 2232 858 2310 rediit;
881 2233 945 2294 sed
965 2233 1063 2312 prius
1086 2231 1123 2294 P.
1145 2232 1355 2318 Emmanuel
1373 2230 1505 2310 Miona,

279 2339 316 2402 id
330 2351 394 2416 est,
410 2338 460 2401 32
475 2337 531 2403 die
548 2337 758 2402 Decembris
772 2356 854 2402 cum
868 2338 948 2401 aliis
962 2339 1124 2418 plurimis
1140 2339 1344 2402 Messanam
1359 2339 1507 2418 appulit,

279 2456 315 2509 et
330 2463 411 2509 cum
425 2446 579 2526 quodam
595 2463 640 2508 ex
654 2446 763 2508 sociis
776 2444 983 2524 Pro-regem
999 2445 1139 2524 adienS,
1154 2445 1258 2508 valde
1279 2455 1442 2508 amanter
1464 2445 1508 2507 ab

280 2554 358 2634 ipso
370 2553 436 2617 luit
447 2562 619 2632 exceptus
631 2563 666 2616 et
678 2552 723 2615 ab
734 2552 811 2632 ejus
820 2551 903 2631 iilia,
917 2551 1071 2616 Ducissa
1085 2552 1255 2616 Bibouae.
1269 2551 1415 2632 Aliquot
1429 2560 1521 2632 post.

267 2661 403 2726 diebus
416 2661 579 2741 pervenit
605 2658 729 2724 eodem
746 2659 784 2724 P.
806 2647 1048 2742 Hieronymus
1067 2659 1275 2725 Domenech
1299 2677 1381 2724 cum
1400 2659 1509 2739 Magi·

279 2780 354 2832 stro
367 2768 574 2832 Eleutherio
588 2767 610 2846 ⁴,
627 2769 665 2832 id
679 2778 743 2846 est,
759 2786 855 2833 nona
871 2770 928 2833 die
943 2765 1100 2847 ejusdem
1121 2769 1264 2848 mensis,
1287 2786 1370 2833 cum
1389 2768 1510 2832 multis

279 2877 461 2939 laboribus
475 2886 593 2939 essent
609 2876 797 2957 perfuncti.
813 2876 858 2939 Et
872 2877 955 2955 quia
970 2876 1067 2939 circa
1084 2875 1119 2938 id
1135 2886 1285 2956 tempus
1307 2893 1377 2955 quo
1396 2876 1510 2941 nostri

278 2984 512 3064 navigabant,
528 2984 652 3061 gravis
668 2983 705 3046 in
719 2986 811 3047 mari
826 2992 1020 3063 tempestas
1035 2984 1227 3061 saevierat,
1252 2993 1287 3045 et
1308 2985 1400 3047 inter
1423 2984 1511 3047 alios

278 3090 506 3155 Gubernator
531 3090 662 3155 Montis
687 3090 821 3169 regalis
839 3108 919 3153 cum
939 3091 1058 3154 multis
1080 3091 1160 3154 aliis
1179 3090 1408 3169 naufragium
1422 3090 1511 3153 sece-

279 3211 348 3278 rat,
365 3198 538 3261 sollicitus
558 3196 708 3260 Pro-rex
726 3209 761 3260 et
780 3197 936 3261 Domina
958 3197 1122 3277 isabella,
1144 3196 1219 3277 ejus
1242 3196 1325 3273 filia,
1341 3196 1385 3260 de
1406 3196 1512 3261 Patre

277 3304 496 3385 Hieronymo
518 3302 743 3383 Domenech,
764 3306 825 3385 qui
844 3315 925 3385 post
946 3304 1104 3385 priorum
1128 3305 1316 3384 appulsum
1337 3320 1511 3384 nusquam

278 3414 486 3493 apparebat,
500 3414 589 3475 alter
606 3413 649 3475 de
665 3413 776 3475 altero
792 3413 974 3491 ignorans
991 3413 1157 3493 scaphas,
1175 3428 1263 3492 quas
1276 3412 1438 3491 fragatas
1451 3428 1511 3473 vo·

265 3528 372 3597 cant,
399 3530 433 3581 et
458 3519 546 3581 bene
570 3520 764 3582 instructas
789 3520 984 3599 remigibus
1004 3520 1193 3595 miserunt,
1222 3520 1281 3601 qui
1307 3536 1370 3599 per
1392 3519 1512 3582 omnia

278 3626 395 3703 litora,
412 3642 475 3707 per
490 3642 580 3705 quae
594 3636 768 3689 venturus
782 3637 871 3704 erat,
888 3635 922 3688 et
938 3644 1001 3707 per
1017 3626 1145 3706 oppida
1162 3627 1282 3689 vicina
1299 3644 1380 3689 eum
1400 3624 1512 3705 inqui·

278 3743 408 3811 rerent;
424 3742 464 3795 ut
479 3733 509 3795 si
522 3732 613 3795 forte
629 3731 821 3795 humanum
836 3732 921 3813 quid
936 3733 968 3796 ei
987 3731 1187 3809 accidisset,
1215 3735 1274 3795 vel
1293 3732 1329 3795 in
1350 3733 1514 3796 morbum

278 3841 439 3905 incidens
454 3839 583 3903 alicubi
597 3839 825 3917 substitisset,
841 3858 923 3903 eum
938 3840 1160 3920 adjuvarent,
1183 3840 1262 3903 etsi
1284 3839 1361 3903 fieri
1380 3849 1512 3919 posset,

279 3946 326 4010 ad
339 3965 379 4010 se
393 3946 620 4025 deducerent;
636 3955 671 4009 et
685 3944 919 4010 Policastrum
935 3963 1047 4027 usque
1062 3946 1120 4025 (ibi
1135 3946 1229 4010 euim
1246 3944 1282 4009 P.
1301 3944 1421 4008 Miona
1434 3962 1515 4009 cum

280 4156 303 4197 le
312 4153 417 4197 movlau
426 4152 586 4197 hablausido
596 4162 703 4205 graves.
713 4150 738 4195 Y
747 4151 939 4206 publieamente
954 4164 982 4197 se
997 4153 1069 4196 decia
1084 4164 1115 4195 en
1131 4154 1155 4196 el
1174 4152 1273 4206 coleglo
1288 4162 1337 4205 que
1355 4151 1379 4193 el
1394 4149 1515 4204 Espiritu

281 4223 360 4269 Sento
370 4236 404 4268 en
412 4236 443 4269 su
452 4224 495 4267 dle
506 4224 586 4269 habia
595 4222 728 4277 lnsplrado
738 4236 755 4279 y
765 4224 895 4267 abraamio
910 4234 959 4267 con
977 4236 1007 4267 su
1022 4224 1077 4269 celo
1095 4227 1111 4268 t
1128 4222 1242 4267 Nuestro
1257 4222 1370 4278 Padrey
1383 4223 1514 4267 movldoa

279 4293 394 4339 bracerio
404 4307 454 4350 que
465 4296 531 4340 hizo.
542 4295 625 4339 Eutre
635 4296 674 4338 los
683 4294 846 4338 estudlantes
854 4294 923 4339 hubo
934 4301 988 4339 tres
999 4293 1145 4347 Siclllanos,
1157 4295 1288 4339 Asdrubal
1298 4295 1330 4337 de
1338 4294 1422 4346 Luae,
1432 4294 1515 4349 primo

271 4367 313 4411 ‘de
322 4366 380 4411 Don
390 4367 474 4411 Pedro
484 4368 517 4410 de
526 4366 601 4410 Luna
611 4364 703 4420 Duque
714 4365 745 4408 de
755 4364 887 4422 Bibona,y
896 4366 983 4420 Ange!
994 4367 1025 4409 de
1035 4366 1101 4418 Juan
1110 4366 1218 4423 yl’edro
1226 4364 1331 4411 Faraoa
1334 4396 1374 4411 .....
1377 4398 1389 4421 „
1400 4366 1513 4411 matur·

279 4448 369 4491 nme,
379 4438 518 4491 Dialogus,
527 4445 570 4483 etc

327 4511 335 4548 l
363 4510 392 4554 P.
404 4510 578 4567 Hieronymus
587 4509 745 4553 Domenecb.

273 4617 278 4623 .
323 4584 344 4615 ¹·
363 4582 614 4635 viduatum-559.

322 4655 334 4685 i
361 4654 428 4699 Vide
438 4665 526 4708 supra,
537 4660 555 4697 t.
564 4664 594 4697 ιιι
605 4662 631 4696 et
641 4664 678 4706 tv,
687 4654 845 4708 praesertim
854 4660 874 4697 t.
885 4664 922 4704 ιιι,
931 4664 991 4709 pag.
1004 4655 1051 4707 1693
1062 4667 1087 4699 n.
1098 4654 1146 4708 ³55,
1157 4662 1184 4699 et
1195 4667 1255 4711 pag.
1268 4658 1314 4710 190,
1325 4670 1342 4702 n
1361 4659 1410 4703 tur.

323 4727 336 4758 ⁴
363 4726 490 4770 Pontano.
501 4725 568 4769 Vide
578 4736 667 4780 snpra,
676 4732 734 4781 t..rr,
745 4736 773 4770 ιιι
784 4731 810 4769 et
821 4736 859 4771 ιν.

393 4815 431 4873 Υ,
449 4832 477 4874 v.
1343 4836 1372 4891 13
