3717 5400
797 491 860 550 ΑΝ.
884 491 956 549 1555
1452 490 1491 548 89

321 637 392 700 224.
436 639 555 720 Aliqui
570 638 751 715 haeretici,
778 650 812 704 et
837 639 976 702 amalis
1001 637 1109 700 etiam
1133 635 1314 716 spiritibus
1340 634 1489 710 obsessi,

188 805 190 809 .
260 742 372 824 adiuti
386 763 406 808 a
423 745 575 809 Domino
591 763 655 826 per
665 757 807 810 nostros
821 746 974 823 suerunt;
986 756 1022 807 et
1033 743 1274 823 compluribus
1289 741 1491 820 spiritualia

260 851 431 915 exercitia
444 853 640 933 proposita;
656 853 791 916 visitati
806 853 912 916 etiam
927 853 965 915 in
978 851 1108 915 vicinis
1122 851 1278 913 castellis
1300 849 1357 910 vel
1373 850 1489 927 pagis,

259 959 423 1038 aquibus
449 961 559 1024 nostri
586 961 762 1024 interdum
788 960 1073 1023 accersebantur.
1100 958 1196 1021 Inter
1220 958 1350 1019 multas
1370 966 1490 1018 autem

260 1081 377 1145 paceS,
399 1084 491 1147 quae
511 1067 580 1132 hoc
601 1077 770 1131 autumno
789 1067 972 1130 confectae
991 1066 1144 1144 fuerunt,
1165 1062 1350 1143 cuiusdam
1369 1063 1492 1126 foemi-

260 1188 329 1236 nae
342 1172 464 1237 iervor
479 1175 669 1254 peculiaris
691 1175 767 1254 fuit,
789 1191 879 1256 quae
901 1191 982 1238 curn
996 1173 1057 1237 diu
1073 1172 1192 1236 odium
1211 1188 1313 1233 suum
1328 1169 1490 1233 retinuis-

257 1287 324 1359 set,
338 1292 549 1362 compuncta
566 1280 750 1361 cujusdam
763 1301 807 1345 ex
819 1280 952 1345 nostris
961 1279 1169 1355 ministerio,
1186 1278 1232 1340 ad
1243 1276 1492 1340 adversariam

259 1387 510 1452 inveniendam
524 1389 676 1452 sollicita
695 1389 771 1465 fuit,
790 1397 824 1452 et
839 1405 961 1451 coram
981 1385 1151 1451 trecentis
1169 1388 1227 1448 vel
1253 1384 1493 1464 quadringen-

194 1501 199 1509 '
255 1492 302 1557 tis
324 1495 524 1558 hominibus
542 1495 587 1558 ad
602 1496 694 1559 illius
710 1496 818 1576 pedes
840 1512 878 1558 se
899 1492 1059 1574 projecit,
1075 1506 1111 1555 et
1129 1492 1273 1555 veniam
1289 1501 1388 1553 tanta
1409 1506 1492 1552 curn

259 1601 420 1666 ubertate
435 1603 676 1682 lacrymarum
697 1604 742 1667 ab
757 1621 799 1666 ea
824 1602 1028 1683 postulavit,
1045 1609 1084 1663 ut
1105 1617 1176 1663 non
1190 1600 1304 1662 solum
1324 1598 1491 1660 adversa-

259 1709 351 1772 riam
370 1721 624 1785 commoveret,
652 1710 713 1774 sed
730 1727 853 1773 omnes
875 1709 983 1772 etiam
994 1709 1265 1771 circumstantes
1290 1715 1325 1768 et
1349 1703 1492 1785 quidem

259 1833 392 1896 magna
408 1835 489 1880 curn
505 1817 761 1882 aedificatione.

320 1923 392 1986 225.
434 1923 567 1987 Multae
583 1925 824 1988 restitutiones
840 1923 960 2003 magni
976 1922 1145 1986 momenti
1159 1922 1275 1985 iactae
1287 1929 1380 1996 sunt,
1399 1933 1493 1997 quae

262 2028 392 2095 fiebant
408 2031 515 2094 etiam
530 2049 550 2093 a
567 2031 682 2094 tenuis
696 2031 861 2094 fortunae
877 2029 1089 2103 hominibus
1111 2045 1182 2092 non
1196 2025 1385 2090 mediocris
1400 2022 1494 2086 sur'n-

260 2151 351 2200 mae.
378 2137 548 2200 Adhibito
571 2150 690 2202 autem
714 2138 838 2201 favore
858 2135 1128 2213 Gubernatoris
1156 2134 1355 2198 inviserunt
1378 2131 1491 2193 nostri

259 2261 384 2308 omnes
410 2244 622 2322 indigentes
650 2255 721 2310 tam
748 2246 867 2326 quiin
897 2243 1028 2324 oppido
1053 2242 1272 2317 Lauretum,
1299 2256 1406 2320 quam
1430 2239 1493 2318 qui

261 2351 363 2416 circa
380 2351 464 2415 illud
479 2361 593 2428 crant;
610 2362 645 2415 et
660 2353 816 2416 omnium
831 2351 975 2420 nomina
986 2351 1022 2414 in
1038 2352 1242 2428 catalogum
1253 2348 1399 2410 redacta
1411 2358 1492 2408 sunt

262 2469 302 2522 ut
319 2459 476 2522 omnium
487 2459 758 2522 necessitatibus
769 2476 813 2521 ex
824 2457 1052 2522 facultatibus
1067 2464 1213 2519 sanctae
1227 2455 1353 2518 domus
1368 2451 1493 2515 subve-

260 2564 409 2628 niretur.

321 2672 393 2737 226.
437 2673 693 2739 Praetermisso
715 2686 873 2755 tempore
898 2671 1059 2754 paschali
1080 2688 1123 2734 ac
1145 2668 1245 2733 iestis
1266 2667 1436 2731 natalitiis
1456 2676 1493 2728 et

257 2777 433 2859 jttbilaeiS,
452 2781 680 2846 observatum
695 2791 749 2845 est
763 2800 808 2845 ex
823 2782 890 2858 his,
911 2780 973 2861 qui
991 2778 1037 2843 ad
1050 2788 1212 2841 sanctam
1227 2778 1369 2841 domum
1388 2792 1493 2836 venc-

263 2895 356 2964 rant‚
373 2898 454 2951 octo
469 2888 578 2951 millia
594 2901 628 2953 et
643 2888 897 2969 septingentos
914 2888 1028 2951 tribus
1047 2895 1108 2949 aut
1128 2896 1282 2965 quatuor
1303 2882 1494 2945 hebdoma-

261 2992 328 3073 dis,
345 2996 637 3060 communicasse.
654 2996 746 3058 Aliis
760 2997 868 3059 etiam
883 2994 1092 3075 quibusdam
1107 2993 1232 3057 diebus
1243 2990 1406 3054 undecim
1419 2989 1492 3050 mil—

260 3101 308 3164 lia
325 3110 361 3164 et
375 3120 417 3166 eo
433 3102 585 3183 amplius
599 3103 668 3166 hoc
682 3102 779 3166 vitae
794 3102 873 3165 cibo
887 3100 1011 3165 reiecti
1025 3101 1176 3176 suerunt;
1193 3107 1293 3161 tanta
1307 3104 1384 3160 erat
1398 3094 1492 3157 enim

260 3202 439 3272 interdum
455 3210 727 3288 peregrinorum
741 3208 952 3290 frequentia,
968 3219 1007 3271 ut
1022 3207 1088 3270 sub
1101 3205 1207 3269 finem
1228 3202 1313 3284 Maji
1327 3211 1408 3266 octo
1422 3201 1495 3263 dir·

263 3314 330 3378 bus
345 3315 419 3378 iere
433 3315 563 3395 viginti
577 3316 686 3379 millia
701 3316 884 3380 hominum
899 3315 944 3379 ad
959 3324 1123 3380 sanctam
1137 3312 1234 3375 illam
1249 3312 1392 3375 domum
1412 3326 1494 3371 con-

262 3423 440 3501 venerint,
456 3423 527 3503 qui,
545 3422 709 3503 quamvis
723 3440 794 3486 non
809 3438 933 3486 omnes
952 3420 1113 3485 confiteri
1138 3428 1283 3500 possent
1308 3434 1373 3480 nec
1388 3418 1495 3479 'com-

263 3528 458 3607 municare,
482 3529 623 3609 plurimi
643 3538 762 3593 tamen
784 3529 926 3607 nostriS,
943 3528 1044 3591 multi
1064 3527 1171 3590 etiam
1191 3525 1371 3587 canonicis
1386 3522 1495 3586 confi-

262 3636 442 3699 tebantur.

323 3742 394 3805 227.
438 3742 541 3823 Quod
556 3745 601 3807 ad
616 3745 759 3809 scholas
774 3746 911 3821 attinet,
929 3743 1029 3806 initio
1045 3740 1184 3822 quidem
1203 3731 1332 3819 aperiri
1348 3756 1418 3800 non
1434 3755 1493 3817 po·

264 3860 419 3929 luerunt,
450 3859 488 3913 ut
510 3853 674 3932 superius
692 3851 874 3930 tetigimus
894 3848 923 3929 ¹3
950 3850 1061 3912 nostri
1086 3859 1205 3911 tamen
1230 3845 1385 3908 domiin
1411 3862 1494 3908 con-

263 3956 437 4021 scientiae
458 3959 611 4031 casibus,
637 3976 707 4021 uno
728 3968 948 4039 proponente
970 3967 1005 4020 et
1026 3957 1106 4019 aliis
1130 3952 1434 4035 respondentibus
1459 3965 1493 4014 et

263 4064 405 4128 demum
421 4082 463 4127 eo
479 4067 539 4145 qui
553 4076 695 4145 praeest
711 4065 948 4129 constituente
962 4062 1045 4143 quid
1061 4060 1250 4126 tenendum
1270 4069 1374 4138 esset,
1391 4078 1429 4123 se
1444 4060 1494 4120 di-

269 4172 419 4250 ligenter
434 4172 659 4235 exercebant.
677 4170 749 4235 Alii
768 4172 876 4235 etiam
895 4172 1008 4235 nostri
1025 4170 1165 4246 iratres,
1189 4169 1273 4232 dum
1292 4168 1370 4230 libri
1389 4185 1493 4247 expe·

261 4288 416 4356 etantur,
432 4279 469 4341 in
491 4278 805 4357 compositionibus
820 4296 858 4341 se
873 4278 1098 4355 exercebant;
1115 4287 1149 4339 et
1164 4293 1236 4339 uno
1251 4285 1388 4339 tantum
1402 4276 1495 4337 libro

261 4400 417 4464 graecae
433 4385 690 4463 grammaticae
706 4386 851 4448 invento
867 4402 908 4447 eo
924 4386 960 4447 in
976 4383 1117 4464 oppido,
1140 4382 1296 4463 praelegi
1314 4401 1355 4445 ea
1377 4398 1493 4461 gram-

263 4490 1496 4571 maticacoeptaest,aliismanusuadescribentibuspraecepta,quae

305 4732 315 4766 ¹
346 4731 437 4789 snpra.
449 4740 467 4778 t.
477 4745 511 4789 ιν,
523 4746 582 4790 pag.
593 4736 627 4790 ⁴19,
638 4748 663 4779 n.
673 4734 708 4781 82.
