3717 5400
374 485 432 544 374
836 484 962 545 Canon.
984 487 1061 545 Soc.
1082 487 1152 558 jus.

373 633 575 714 quemdam,
592 635 696 698 morti
712 633 986 697 condemnatum
1006 645 1040 697 et
1061 651 1127 697 sua
1143 643 1291 715 peccata
1313 634 1473 703 confiteri
1488 637 1608 699 volen-

335 785 337 791 ι
376 750 448 804 tem
468 737 686 821 [inviserent]
706 751 740 803 et
759 741 873 804 eidem
893 742 1065 804 morituro
1092 743 1318 821 assisterent;
1339 759 1446 822 quam
1468 742 1607 821 provin·

372 849 467 911 ciam
488 865 569 911 cum
595 849 664 912 duo
691 865 736 911 ex
759 848 890 911 nostris
915 848 1161 912 sacerdotibus
1183 849 1435 928 suscepissent,
1462 858 1603 912 noctem

375 973 483 1018 unam
498 955 672 1035 integram
689 973 769 1019 cum
784 966 886 1036 parte
900 956 1081 1035 sequentis
1095 955 1176 1033 diei,
1193 957 1305 1020 donec
1330 957 1453 1020 ultimo
1474 957 1605 1036 suppli·

372 1063 429 1125 cio
444 1063 501 1126 ille
516 1062 662 1126 allectus
678 1071 742 1140 est,
758 1063 808 1126 ita
823 1065 931 1126 locuti
945 1073 1027 1126 sunt
1042 1081 1124 1128 cum
1138 1081 1181 1127 eo
1196 1064 1239 1126 de
1255 1065 1542 1143 omnibus-quae
1557 1063 1603 1126 ad

381 1172 530 1233 salutem
547 1169 686 1232 animae
700 1171 935 1250 pertinebant,
952 1182 991 1234 ut
1003 1171 1073 1249 ille,
1090 1171 1149 1252 qui
1164 1171 1337 1252 supplicio
1357 1181 1434 1233 erat
1455 1169 1606 1232 afficien-

372 1275 458 1357 dus,
484 1295 565 1341 cum
589 1295 720 1358 magna
748 1280 987 1358 lacrymarum
1013 1279 1115 1359 copia
1142 1279 1252 1341 animi
1276 1279 1332 1341 sui
1357 1278 1604 1340 contritionem

376 1384 499 1464 quoad
514 1386 669 1449 admissa
684 1394 833 1466 peccata
849 1395 1121 1463 contestaretur,
1136 1402 1304 1466 spemque
1315 1386 1507 1448 maximam
1518 1401 1605 1448 snae

378 1495 505 1556 salutis
520 1505 807 1574 consequeretur.
824 1493 984 1574 Agnovit
998 1505 1184 1574 praeterea
1198 1494 1379 1572 singulare
1399 1512 1442 1556 ac
1463 1494 1605 1556 manile·

375 1609 470 1664 stum
497 1601 703 1664 beneficium
729 1602 812 1680 Dei,
840 1602 937 1683 quod
959 1601 1161 1681 hujusmodi
1185 1601 1358 1682 supplicio
1384 1610 1543 1664 extremo
1565 1618 1604 1663 se

379 1707 473 1771 affici
487 1708 717 1788 permitteret,
733 1709 827 1788 quod
841 1719 913 1772 tam
928 1711 1053 1772 lubens
1064 1708 1214 1783 subibat,
1232 1720 1269 1771 ut
1284 1707 1328 1776 de
1343 1708 1511 1772 dilatione
1525 1725 1603 1787 pro·

376 1815 568 1894 pemodum
584 1827 872 1896 conquereretur.
890 1815 1051 1894 Rogatus
1066 1825 1184 1878 autem
1204 1832 1289 1878 num
1308 1815 1376 1879 cibi
1396 1815 1527 1895 aliquid
1547 1832 1601 1878 ca¹

381 1939 466 2001 pere
480 1923 598 2000 vellet,
614 1924 760 2002 negavit
776 1923 897 1987 dicens
913 1921 1007 2002 quod
1022 1922 1190 2002 sperabat
1204 1939 1243 1984 se
1258 1922 1359 1986 brevi
1371 1939 1451 1986 cum
1463 1921 1604 1985 Christo

376 2047 609 2108 pransurum;
626 2049 668 2093 ac
684 2029 882 2094 affirmabat
897 2047 934 2093 se
950 2032 1059 2093 multo
1078 2029 1242 2093 libentius
1262 2030 1308 2093 ad
1329 2030 1396 2093 sibi
1415 2046 1603 2110 praepara·

378 2147 456 2201 tum
471 2139 680 2219 supplicium
697 2139 759 2216 ire,
777 2155 882 2219 quam
897 2140 928 2200 si
944 2138 990 2201 ad
1004 2140 1147 2218 nuptias
1161 2138 1286 2201 fuisset
1300 2136 1482 2200 invitatus.
1503 2136 1604 2200 Multi

381 2245 570 2308 sublevare
585 2246 682 2309 illum
696 2247 863 2309 volebant
879 2247 914 2308 in
926 2245 1054 2325 grandi
1066 2256 1192 2309 catena
1204 2245 1320 2308 ferrea
1331 2243 1519 2324 portanda,
1532 2244 1603 2324 qui·

374 2351 442 2414 bus
457 2353 514 2414 ille
529 2351 616 2416 dixit
633 2356 741 2416 multo
752 2353 958 2432 graviorem
970 2353 1207 2436 crucemJesu
1224 2353 1356 2417 Christi
1372 2351 1492 2415 luisse.
1514 2351 1603 2414 Tan·

378 2459 553 2523 demeum
568 2477 699 2540 magna
716 2461 824 2523 animi
837 2461 1049 2537 constantia,
1063 2461 1170 2522 immo
1185 2470 1220 2523 et
1234 2461 1478 2523 consolatione
1494 2476 1516 2521 a
1533 2457 1603 2525 Do·

374 2567 472 2630 mino
488 2578 647 2647 accepta,
665 2585 775 2647 usque
791 2568 835 2630 ad
851 2576 1000 2630 mortem
1016 2568 1271 2647 perseverante
1287 2568 1337 2630 ita
1349 2577 1386 2630 ut
1401 2584 1525 2630 omnes
1538 2584 1603 2646 pro

378 2684 451 2738 tam
467 2675 639 2755 singulari
654 2673 720 2737 Dei
736 2675 828 2739 dono
843 2674 919 2738 Deo
936 2675 1072 2755 gratias
1088 2685 1235 2753 agentes
1246 2683 1281 2739 et
1294 2675 1387 2739 illius
1399 2674 1505 2738 morti
1516 2674 1603 2737 invi-

371 2783 507 2859 derent,
527 2780 586 2863 [et]
602 2786 638 2846 in
653 2785 761 2847 animi
776 2784 906 2865 pietate
931 2800 974 2845 ac
998 2782 1173 2847 desiderio
1197 2800 1278 2847 eum
1293 2784 1424 2846 imitari
1445 2782 1601 2863 cupiunt.

371 2884 587 2953 Referebant
613 2891 756 2954 omnino
781 2891 850 2954 duo
879 2891 929 2967 illi
957 2890 1161 2954 sacerdotes
1187 2908 1225 2953 se
1252 2908 1446 2971 numquam
1470 2890 1604 2953 vidisse

372 3008 522 3060 mortem
538 3007 609 3061 tam
625 2996 770 3078 dignam
786 2998 1030 3061 admiratione.

438 3104 525 3169 1009.
569 3104 657 3169 Tres
680 3107 895 3185 meretrices
919 3104 997 3168 Deo
1019 3106 1221 3187 adjuvante,
1248 3108 1284 3170 in
1305 3108 1486 3170 meliorem
1507 3108 1603 3170 vitae

376 3222 510 3277 statum
524 3230 562 3277 se
575 3223 804 3292 receperunt,
822 3224 856 3276 et
871 3232 892 3276 a
908 3213 1119 3294 quibusdam
1134 3232 1179 3276 ex
1200 3214 1347 3291 nostriS,
1368 3225 1449 3295 post
1459 3213 1602 3288 ¹confes·

376 3323 513 3383 sionem
528 3330 768 3402 peccatorum,
790 3322 824 3383 in
846 3320 913 3384 fide
934 3322 1129 3385 instructae
1148 3321 1301 3386 fuerunt.
1323 3321 1475 3401 Quidam
1496 3321 1604 3384 etiam

373 3428 575 3508 neophytus
597 3444 642 3490 ex
663 3428 846 3507 praedicto
861 3445 1117 3493 saracenorum
1138 3445 1286 3508 genere,
1302 3445 1383 3492 cum
1403 3429 1604 3491 incarcere

378 3534 604 3613 detineretur,
622 3554 642 3598 a
658 3538 791 3599 nostris
806 3536 841 3599 in
861 3536 987 3599 eadem
1005 3536 1071 3599 fuit
1083 3536 1277 3615 institutus
1299 3554 1405 3617 quam
1427 3553 1507 3599 cum
1528 3534 1602 3600 dili·

373 3653 500 3720 genter
518 3642 683 3721 disceret,
708 3644 836 3706 multos
858 3643 961 3722 alios,
983 3661 1029 3706 ex
1050 3660 1136 3708 suae
1151 3644 1268 3723 gentis
1283 3643 1495 3723 hominibus,
1511 3660 1550 3706 se
1565 3643 1603 3706 in

372 3750 497 3813 eadem
511 3749 643 3813 Christi
658 3750 725 3813 fide
740 3751 996 3814 instructurum
1010 3752 1254 3831 pollicebatur.

437 3856 524 3919 1010.
567 3858 706 3940 Janitor
728 3859 834 3921 etiam
855 3860 931 3939 ipse
951 3859 1099 3939 Collegii
1119 3860 1248 3922 multos
1268 3876 1393 3922 servos
1419 3859 1604 3939 aethiopes

372 3964 542 4043 privatim
556 3966 591 4028 in
607 3964 815 4028 rudimentis
829 3965 910 4029 fidei
925 3966 1118 4031 erudiebat.
1136 3966 1327 4030 Foeminae
1342 3966 1450 4030 etiam
1469 3968 1601 4047 plerae-

377 4087 446 4149 que
461 4072 497 4133 in
512 4073 654 4152 templo,
672 4072 777 4135 etiam
794 4074 1035 4153 grandaevae,
1053 4074 1316 4138 erudiebantur.
1333 4072 1421 4137 Cum
1436 4074 1601 4151 vacabat,

376 4178 572 4241 invisendis
595 4180 753 4260 aegrotis
775 4190 809 4242 et
828 4181 907 4244 aliis
928 4181 996 4261 piis
1016 4180 1183 4261 operibus
1202 4182 1315 4244 nostri
1336 4198 1438 4244 suam
1457 4198 1603 4262 operam

374 4286 640 4365 impendebant,
657 4296 691 4349 et
707 4288 822 4350 omnis
838 4288 966 4350 aetatis
980 4306 1022 4351 ac
1035 4305 1143 4352 sexus
1154 4288 1316 4351 homines
1329 4288 1558 4352 libentissime
1569 4300 1604 4351 et

376 4392 608 4457 addiscebant
623 4404 657 4457 et
672 4393 910 4458 decantabant
925 4394 1033 4458 etiam
1047 4393 1249 4474 hujusmodi
1263 4395 1463 4459 doctrinam
1478 4404 1513 4458 et
1532 4396 1604 4476 qui·

374 4499 453 4561 dem
470 4516 551 4563 cum
565 4500 683 4564 fructu
698 4501 954 4564 emendationis
969 4518 1054 4565 suae
1069 4519 1140 4566 non
1154 4503 1336 4566 mediocri.

439 4606 525 4670 1011.
570 4607 807 4672 Perrexerunt
827 4610 952 4687 nostri,
974 4619 1054 4688 post
1078 4608 1413 4689 Quadragesimam,
1434 4610 1553 4689 rogati
1567 4610 1604 4674 in

375 4731 514 4779 summo
530 4718 660 4795 templo
676 4717 891 4795 concionari,
909 4732 999 4797 quos
1013 4717 1180 4797 frequens
1199 4719 1350 4797 populus
1369 4717 1603 4781 attentissime
