3717 5400
788 490 853 550 Art.
875 489 946 552 1555
1429 491 1483 552 681

255 653 337 701 nem
358 635 506 700 reddere
525 645 711 716 noverant,
735 636 829 718 quod
849 629 950 704 multi
972 655 1018 700 ex
1037 626 1199 719 antiquis¹
1212 638 1415 702 christianis
1433 637 1485 702 fa·

257 759 338 808 cere
353 761 423 808 non
439 745 487 807 ita
502 745 715 825 potuissent;
730 754 860 808 etcum
875 753 995 808 tamen
1009 745 1122 808 nostri
1144 753 1216 808 tam
1232 745 1337 825 pauci
1352 754 1487 825 essent,

255 851 399 915 minime
416 852 450 915 id
465 861 647 931 praestare
666 843 877 931 potuissent,
899 852 967 915 nisi
986 852 1071 915 boni
1089 853 1140 914 illi
1160 852 1239 932 viri,
1262 870 1351 932 quos
1371 846 1488 916 instar

257 957 486 1022 eremitarum
499 975 579 1022 esse
593 959 754 1038 superius
774 957 927 1022 diximus
943 957 965 1037 ¹,
986 959 1054 1023 hoc
1073 959 1188 1022 officio
1202 960 1352 1023 docendi
1366 960 1487 1024 multis

258 1065 295 1128 iu
319 1064 407 1128 locis
429 1064 540 1128 functi
560 1073 693 1144 essent,
715 1081 803 1144 quos
829 1081 910 1128 cum
935 1083 981 1128 ex
999 1066 1260 1146 probatissimis
1281 1066 1489 1130 christianis

259 1169 297 1234 P.
313 1171 489 1234 Henricus
504 1171 662 1250 eligeret,
678 1180 882 1236 nostrorum
896 1173 1081 1252 penuriam
1097 1166 1292 1254 supplebat.

320 1275 407 1341 1884.
450 1277 598 1342 Multum
613 1279 783 1358 temporis
798 1297 840 1342 ac
855 1295 964 1342 curae
980 1297 1084 1344 mane
1099 1297 1141 1343 ac
1156 1280 1300 1358 vesperi
1310 1277 1430 1360 pueris
1442 1297 1489 1342 ac

258 1383 383 1464 puellis
406 1384 629 1448 instituendis
649 1385 886 1466 tribuebatur,
908 1395 942 1449 et
962 1386 1007 1450 ab
1025 1387 1228 1450 hominibus
1253 1386 1485 1467 provectiori·

256 1491 323 1554 bus
347 1500 463 1555 aetate
486 1491 670 1572 utriusque
692 1509 799 1556 sexus
822 1491 914 1556 ratio
936 1493 1044 1558 etiam
1063 1493 1246 1557 doctrinae
1268 1491 1487 1557 christianae

257 1598 478 1677 exigebatur3
504 1607 539 1662 et
564 1599 615 1662 sic
640 1599 884 1664 inculcabatur
907 1600 998 1664 haec
1022 1599 1104 1664 fidei
1131 1601 1305 1678 doctrina,
1338 1609 1376 1663 ut
1404 1601 1489 1663 licet·

259 1721 382 1768 crasso
397 1705 587 1772 admodum
603 1716 722 1770 essent
736 1706 890 1787 ingenio,
907 1723 981 1770 non
994 1716 1139 1788 possent
1154 1708 1358 1772 necessaria
1373 1707 1419 1771 ad
1431 1723 1489 1770 sa-

258 1813 366 1875 lutem
381 1798 558 1909 ignorare.

324 1917 411 1982 1885.
455 1912 700 1984 Etldominicis
714 1920 836 1985 diebus
850 1923 933 2002 viri,
946 1921 1070 1986 diebus
1082 1922 1223 1987 sabbati
1233 1923 1410 2000 mulieres,
1427 1939 1487 1984 ex*

259 2027 441 2108 plicationi
466 2028 716 2108 mysteriorum
737 2029 838 2093 Fidei
860 2031 1066 2109 intererant,
1088 2041 1122 2094 et
1144 2030 1346 2111 frequentes
1366 2027 1413 2091 ad
1432 2045 1487 2091 ec·

260 2134 389 2198 clesias
403 2133 620 2198 accedebant
636 2145 671 2198 et
691 2152 756 2199 sua
776 2153 924 2201 munera
949 2136 1164 2217 offerebant3
1187 2147 1221 2200 et
1241 2136 1426 2217 aliquoties
1449 2136 1488 2198 in

260 2241 334 2303 suis
347 2243 479 2305 morbis
490 2242 558 2306 bac
570 2243 706 2307 ratione
719 2261 739 2306 a
751 2242 893 2308 Christo
904 2246 1069 2309 sanitatis
1079 2245 1212 2309 donum
1222 2244 1438 2324 obtinebant;
1451 2252 1488 2306 et

162 2409 164 2412 .
259 2348 296 2411 in
311 2349 387 2412 dies
401 2349 517 2429 magis
531 2348 717 2414 mendacia
731 2351 916 2431 gentilium
931 2360 967 2415 et
986 2351 1068 2416 fidei
1089 2353 1276 2416 veritatem
1294 2367 1487 2431 cognosce·

259 2455 355 2519 bant.
373 2450 627 2520 Primariorum
647 2467 766 2522 autem
784 2459 947 2523 virorum
966 2461 1104 2541 aliquos
1117 2458 1208 2523 filios
1223 2459 1269 2522 ad
1289 2458 1488 2538 Collegium

260 2561 360 2626 Goae
375 2563 433 2624 vel
448 2563 621 2627 Chaulani
632 2563 670 2628 P.
681 2563 857 2629 Henricus
868 2567 1042 2646 mittebat;
1054 2583 1139 2629 nam
1147 2563 1284 2630 referre
1294 2565 1487 2645 plurimum

262 2669 504 2734 arbitrabatur
527 2679 565 2735 ut
590 2671 720 2736 ibidem
742 2673 792 2737 illi
817 2673 1103 2754 instituerentur,
1129 2674 1191 2755 qui
1216 2674 1356 2754 populis
1383 2682 1489 2737 erant

260 2776 469 2856 praefuturi,
486 2787 524 2841 ut
538 2778 590 2842 sic
604 2796 721 2843 mores
736 2782 932 2845 christiana
946 2781 1131 2861 Religione
1152 2779 1280 2860 dignos
1294 2780 1487 2868 discendo,

261 2893 297 2949 et
310 2884 422 2949 verbo
438 2895 472 2949 et
487 2888 647 2967 exemplo
667 2890 819 2953 caeteris
834 2890 1025 2969 praeirent.

325 2990 412 3055 1886.
456 2990 545 3055 Cum
566 2993 749 3071 regionem
773 2995 867 3059 hanc
887 3006 1011 3060 turcae
1033 3005 1277 3074 vastaverant,
1299 2996 1408 3059 etiam
1426 2995 1487 3058 ho·

260 3099 399 3180 spitale,
416 3098 510 3181 quod
531 3101 567 3163 in
590 3101 720 3182 oppido
736 3103 917 3183 primarie,
934 3105 1075 3168 nomine
1090 3104 1270 3180 Punicale‚
1286 3103 1488 3168 institutum

252 3212 348 3285 erat,
364 3207 625 3271 combuserant.
641 3208 719 3271 Hoc
734 3209 842 3273 etiam
857 3209 894 3273 Ρ.
912 3209 1090 3275 Henricus
1109 3210 1410 3275 reaedificandum
1429 3227 1490 3273 cu·

259 3316 354 3379 ravit
368 3324 402 3378 et
423 3315 458 3379 in
478 3314 602 3379 eodem
618 3332 794 3397 pauperes
809 3328 1040 3397 aegrotantes
1061 3318 1310 3398 excipiendos,
1332 3327 1367 3381 et
1388 3316 1489 3380 adid

259 3423 504 3503 eleemosynas
519 3423 724 3503 quaerebat,
740 3440 832 3504 quae
847 3426 966 3488 omnia
981 3441 1062 3488 cum
1077 3441 1216 3489 summa
1235 3424 1355 3504 populi
1371 3422 1492 3487 aedili·

259 3529 401 3592 catione
416 3528 557 3593 fiebant.

323 3634 411 3697 1887.
454 3635 543 3699 Fere
559 3653 699 3717 semper
714 3647 832 3701 autem
848 3637 1025 3702 residebat
1039 3638 1075 3702 in
1095 3638 1163 3701 hoc
1182 3638 1311 3720 oppido
1326 3636 1489 3700 Punicali

261 3740 301 3805 Ρ.
317 3741 504 3822 Henricus,
529 3744 623 3824 quod
643 3744 795 3809 adversa
814 3746 981 3809 valetudo
1002 3745 1203 3809 discursum
1225 3762 1289 3827 per
1303 3745 1380 3808 loca
1394 3744 1493 3807 illius

262 3830 421 3929 regionis
436 3850 654 3930 prohibebat.
671 3852 723 3915 Eo
739 3861 859 3917 tamen
873 3870 919 3916 ex
934 3854 1091 3917 omnium
1107 3853 1384 3916 christianorum
1399 3851 1489 3915 locis

262 3955 306 4019 de
332 3956 406 4019 suis
431 3958 584 4035 negotiis
608 3958 825 4039 referebant,
852 3970 887 4023 et
905 3962 963 4024 ille
983 3977 1193 4041 responsum
1214 3959 1295 4023 inde
1322 3957 1492 4022 omnibus

262 4063 422 4126 mittebat
437 4071 482 4140 et,
502 4064 532 4127 si
553 4065 637 4144 quid
656 4083 745 4147 opus
765 4077 854 4145 erat,
877 4068 1098 4146 providebat.
1119 4067 1199 4131 Uno
1219 4067 1276 4130 die
1296 4064 1492 4146 aliquando

261 4186 306 4233 ex
321 4180 473 4251 quatuor
487 4179 520 4233 et
536 4188 599 4235 sex
620 4173 708 4236 loeis
729 4174 867 4238 litteras
888 4175 1098 4257 accipiebat,
1119 4175 1155 4238 in
1175 4174 1298 4254 lingua
1314 4172 1489 4237 malabari

260 4277 425 4358 scriptas,
441 4288 476 4341 et
494 4278 529 4341 in
545 4280 669 4344 eadem
684 4282 804 4345 statim
819 4282 1035 4362 respondere
1054 4298 1202 4346 necesse
1216 4290 1304 4345 erat.
1327 4280 1372 4343 Et
1391 4279 1490 4343 domi

259 4383 414 4447 habebat
429 4386 544 4449 virum
559 4386 748 4467 quomdam
760 4387 974 4469 indigenam,
991 4389 1084 4453 bono
1100 4388 1244 4469 ingenio
1259 4396 1293 4451 et
1316 4387 1489 4451 memoria

304 4660 313 4696 ¹
342 4662 541 4719 ctanacopotas
554 4666 670 4721 intellige
679 4678 725 4711 een
736 4666 925 4723 Canaceporas,
934 4668 966 4713 de
978 4668 1070 4723 qemun
1083 4678 1168 4712 sermo
1180 4667 1235 4721 jem
1245 4666 1330 4710 lectus
1344 4668 1385 4709 est
1400 4673 1493 4721 snpra,

263 4740 281 4778 t.
293 4744 319 4789 u,
329 4746 389 4789 pag.
400 4735 448 4791 760,
459 4737 507 4780 sub
517 4738 628 4783 medinm
637 4749 662 4783 n.
671 4738 719 4791 728.
730 4746 756 4784 et
768 4746 785 4783 t.
797 4750 832 4791 tv.
840 4752 901 4797 pag.
912 4740 994 4797 6⁶7,n.
1006 4741 1067 4788 1⁴³8.
