3717 5400
813 477 865 535 Aa
899 476 968 534 tarn
1452 474 1507 534 167
1596 491 1599 497 ’

275 623 461 698 Comitem,
477 634 512 686 et
525 624 637 703 ipsius
651 640 801 687 uxorem
814 623 835 700 ¹,
848 632 883 687 et
894 623 939 686 D.
952 622 1183 687 Franciscum
1198 622 1241 685 de
1256 620 1389 685 Toledo
1404 621 1415 651 ⁸
1430 624 1505 687 suis

276 742 312 793 et
340 730 457 794 Patris
485 732 713 795 Bustamante
741 732 971 795 concionibus
997 740 1031 794 et
1058 730 1291 794 familiaribus
1319 730 1505 808 colloquiis

277 838 383 901 valde
407 839 613 903 consolatus
636 847 701 917 est;
731 855 812 902 cum
840 856 910 920 quo
938 838 1045 902 etiam
1073 838 1117 901 de
1140 838 1300 917 Collegio
1325 834 1505 917 Oropesae

278 944 493 1008 instituendo
509 961 618 1025 agere
632 953 824 1025 coeperunt
839 943 862 1009 ⁸.

342 1052 431 1115 1265.
474 1051 544 1116 Sed
568 1053 786 1117 Placentiam
808 1053 1005 1131 redeundo,
1033 1052 1300 1134 quatuordecim
1315 1070 1360 1115 ex
1375 1052 1506 1115 nostris

278 1160 379 1223 initio
395 1160 549 1222 residere
564 1160 601 1222 in
615 1177 657 1223 eo
680 1160 840 1240 Collegio
861 1159 1052 1239 debebant,
1073 1176 1156 1223 nam
1175 1161 1218 1223 de
1232 1157 1437 1223 fundatione
1459 1158 1506 1223 ad

277 1266 373 1330 hunc
386 1284 494 1347 usque
507 1284 691 1331 numerum
702 1268 864 1331 facienda
875 1278 995 1331 actum
1005 1277 1095 1344 erat,
1109 1266 1272 1349 quamvis
1283 1266 1503 1347 sperabatur,

278 1375 374 1454 quod
389 1374 597 1453 Episcopus
615 1387 653 1437 ut
668 1388 744 1439 erat
763 1391 939 1455 generoso
954 1375 1091 1451 animo,
1113 1372 1284 1454 majorem
1299 1390 1404 1452 quam
1427 1390 1505 1454 pro-

279 1480 435 1552 miserat,
452 1492 546 1543 esset
561 1479 760 1560 hujusmodi
779 1482 997 1545 dotationem
1017 1483 1176 1546 facturus
1195 1480 1217 1544 ⁴.
1241 1479 1422 1545 Sentiebat
1442 1496 1502 1543 au·

280 1599 352 1651 tem
366 1586 404 1650 P.
424 1586 611 1649 Villanova
626 1597 665 1651 ut
680 1590 897 1652 animaretur
912 1588 1127 1668 EpiscopuS,
1144 1597 1179 1651 et
1194 1588 1318 1651 melius
1337 1596 1503 1666 suscepto

279 1695 418 1758 muneri
441 1694 649 1772 satisfieret,
676 1705 749 1759 tres
773 1697 830 1759 vel
855 1709 1007 1777 quatuor
1033 1697 1202 1759 lectiones
1225 1695 1423 1757 litterarum
1445 1694 1507 1757 hu·

280 1802 481 1865 maniorum
495 1802 543 1865 ibi
561 1820 640 1866 esse
659 1804 932 1883 praelegendas,
954 1812 988 1866 et
1008 1804 1056 1865 ita
1076 1802 1174 1866 Patri
1193 1802 1331 1881 Ignatio
1352 1800 1488 1881 scripsit

280 1907 424 1972 Interim
439 1909 562 1988 primis
577 1909 645 1972 illis
660 1910 838 1974 mensibus
853 1910 904 1973 sic
919 1910 1039 1990 populi
1051 1910 1193 1974 devotio
1208 1920 1243 1972 et
1254 1924 1450 1972 concursus
1461 1909 1506 1971 ad

280 2027 423 2079 nostros
437 2016 631 2094 crescebat,
648 2028 686 2080 ut
701 2033 782 2080 cum
795 2018 909 2080 nostri
924 2017 1078 2097 operarii
1093 2033 1164 2079 non
1177 2024 1321 2095 possent
1335 2025 1409 2077 tam
1421 2015 1493 2077 mul

281 2122 328 2185 tis
342 2122 561 2201 satisfacere,
586 2124 645 2202 qui
659 2121 819 2186 confiteri
837 2132 872 2186 et
893 2122 1157 2186 communicare
1174 2122 1270 2201 apud
1289 2134 1430 2185 nostros
1450 2138 1508 2184 cu·

280 2228 436 2309 piebant,
454 2246 638 2293 numerum
653 2231 898 2309 operariorum
909 2230 1111 2309 augendum
1123 2246 1200 2293 esse
1211 2230 1415 2292 necessario
1430 2244 1507 2291 sen·

281 2335 375 2400 tiret.

344 2443 432 2506 1266.
476 2442 633 2507 Maxima
648 2460 733 2523 pars
750 2444 1074 2507 ecclesiasticorum
1093 2443 1169 2523 eJus
1188 2444 1344 2507 civitatis
1362 2441 1505 2507 Patrem

281 2548 421 2613 Salinas
444 2567 525 2613 curn
550 2567 681 2630 magna
696 2551 939 2614 satisfactione
957 2551 1248 2629 interpretantem
1267 2550 1504 2615 conscientiae

282 2672 390 2721 casus
414 2658 590 2722 audiebat.
620 2655 726 2722 Pater
756 2669 874 2722 autem
897 2656 1093 2738 Dionysius
1118 2656 1303 2740 Vazquez,
1330 2658 1391 2739 qui
1415 2657 1508 2722 chri·

282 2765 436 2828 stianam
447 2765 646 2828 doctrinam
656 2765 756 2828 festis
766 2776 801 2829 et
812 2765 998 2828 dominicis
1014 2765 1136 2829 diebus
1147 2765 1363 2841 declarabat,
1377 2765 1509 2830 civium

282 2871 465 2951 utriusque
485 2889 593 2934 sexus
607 2870 772 2951 frequens
787 2871 977 2936 admodum
998 2872 1213 2936 auditorium
1233 2871 1386 2935 habebat
1400 2869 1422 2934 ⁵.
1439 2869 1510 2936 Sed

282 2988 426 3058 praeter
440 2978 516 3055 hoS,
540 2977 683 3058 quidam
698 2996 742 3042 ex
762 2978 931 3042 fratribus
947 2979 1103 3059 quotidie
1118 2996 1246 3059 pueros
1268 2979 1428 3042 eamdem
1450 2979 1508 3042 do·

282 3085 434 3148 ctrinam
446 3085 640 3164 simplicius
654 3085 815 3149 docebat.
828 3085 1016 3148 Lectiones
1029 3085 1282 3164 grammatices
1296 3086 1427 3148 dilatae
1438 3084 1511 3148 fue·

282 3200 366 3254 runt
379 3192 493 3255 donec
507 3191 652 3254 scholae
667 3201 810 3271 possent
825 3193 1044 3272 praeparari;
1057 3203 1091 3255 et
1105 3192 1194 3254 situs
1206 3192 1346 3255 interim
1357 3207 1510 3256 commo·

283 3298 350 3362 dus
371 3298 417 3362 ad
442 3298 590 3377 Collegii
615 3298 897 3362 aedificationem
918 3299 1166 3378 quaerebatur,
1191 3317 1275 3362 nam
1300 3298 1508 3380 Episcopus

284 3405 448 3486 quamvis
462 3404 617 3468 nondum
631 3404 848 3469 Placentiam
863 3416 1010 3467 venerat
1025 3403 1048 3484 ⁶,
1066 3405 1110 3468 de
1124 3423 1166 3468 eo
1181 3406 1352 3468 sollicitus
1367 3414 1454 3468 erat.

346 3511 436 3575 1267.
478 3509 635 3575 Dederat
654 3521 772 3576 autem
792 3511 936 3574 domum
959 3529 1061 3576 suam
1080 3529 1174 3576 novo
1195 3511 1353 3592 Collegio
1378 3511 1510 3576 inhabi-

247 3601 252 3611 ’
284 3618 445 3690 tundam,
472 3618 585 3681 donec
613 3617 808 3697 Collegium
832 3618 919 3698 ipsis
943 3636 964 3681 a
990 3617 1228 3682 fundamentis
1252 3627 1449 3696 extrueret;
1475 3627 1511 3683 et

285 3727 450 3807 quamvis
470 3725 516 3788 ad
531 3741 634 3788 usum
651 3742 754 3789 suum
769 3743 813 3788 ac
827 3742 913 3788 suae
938 3725 1092 3789 familiae
1111 3725 1329 3790 habitatione
1346 3727 1407 3790 illa
1420 3726 1507 3790 indi·

285 3834 403 3912 gebat,
423 3833 491 3896 sibi
510 3843 648 3896 tantum
671 3833 767 3912 quod
790 3833 1031 3895 necessarium
1051 3841 1128 3896 erat
1150 3833 1187 3895 in
1203 3833 1386 3913 praedicta
1404 3833 1509 3896 domo

285 3941 441 4019 retinuit,
457 3951 493 4003 et
505 3940 557 4004 sic
572 3940 704 4019 divisit,
720 3949 759 4003 ut
777 3940 886 4003 libere
905 3939 1019 4002 nostri
1039 3949 1075 4003 et
1090 3940 1165 4002 sine
1180 3939 1430 4020 impedimento
1449 3941 1510 4004 ha·

328 4293 336 4324 ¹
366 4290 513 4334 Beatrlcem
520 4289 944 4347 ttonroyetayata.v1desnpra,
955 4296 974 4335 t.
985 4302 1022 4344 tv,
1033 4302 1095 4346 pag.
1105 4291 1154 4344 681,
1166 4303 1191 4336 6.
1202 4289 1393 4343 1156666661.

324 4365 337 4395 ¹
363 4361 472 4406 Comitis
481 4361 598 4406 fratrent.
610 4361 678 4406 Vide
692 4373 780 4416 supra,
789 4370 808 4407 t.
823 4373 860 4417 tv,
874 4373 933 4419 pag.
947 4362 989 4407 59³
1004 4363 1099 4410 61260.

326 4432 339 4465 ⁸
366 4433 432 4478 Vide
444 4433 521 4488 infra,
530 4445 555 4478 n.
568 4433 628 4478 rtet.

328 4507 341 4539 ⁴
366 4504 421 4550 Nee
430 4516 490 4560 spes
499 4506 564 4549 baec
574 4517 618 4550 eos
627 4505 729 4561 fefellit,
739 4512 769 4551 nt
779 4507 868 4550 videre
880 4513 920 4550 eut
932 4507 1008 4560 infra,
1019 4517 1043 4551 n.
1054 4507 1114 4552 1291.

328 4575 341 4609 ⁸
367 4575 639 4632 1116666666,6.1262.

328 4647 342 4678 ὕ
368 4647 448 4694 Venit
457 4649 562 4693 tandein
572 4649 599 4692 16
607 4651 807 4704 oeqnentiuannl
817 4649 869 4694 1555
878 4649 1167 4703 Quadragestma.v1ue
1176 4652 1284 4707 initian.
1294 4651 1353 4706 rasa
1369 4661 1434 4707 qnae
1446 4651 1514 4696 enlm

288 4718 384 4775 111666
396 4731 510 4775 musque
521 4719 574 4764 1268
582 4729 676 4766 narrat
685 4720 822 4777 Polancns,
833 4723 867 4766 ad
876 4722 1057 4778 praecedenti·
1067 4723 1127 4768 anni
1139 4723 1213 4768 linem
1223 4727 1350 4779 spectant.
