3717 5400
819 496 884 555 Art.
905 495 975 555 1555
1007 520 1010 527 ⁴
1455 492 1510 553 695

273 640 341 707 sed
355 658 447 722 quae
462 640 510 704 ibi
523 641 656 722 scripta
671 648 774 705 erant
788 642 1032 722 evangelicam
1047 640 1235 705 veritatem
1250 656 1329 703 esse
1344 647 1379 703 et
1401 654 1507 701 sacra

272 748 449 827 Concilio,
466 756 502 811 et
515 758 554 811 ut
567 766 610 812 ea
625 747 763 813 audiret
777 759 815 812 et
828 766 901 812 non
913 749 1044 829 ipsum.
1465 753 1468 759 '

341 854 431 919 1933.
474 853 576 934 Quod
591 864 709 919 autem
724 856 864 919 dicebat
878 854 1079 934 hujusmodi
1093 872 1234 919 errores
1249 874 1270 919 a
1285 854 1361 919 suis
1373 870 1446 917 non
1460 863 1508 917 te·

277 962 368 1040 neri,
384 979 423 1026 se
438 962 577 1042 gratias
591 978 700 1042 agere
715 961 804 1040 Deo,
819 962 850 1026 si
863 960 943 1027 Rex
957 963 1033 1043 ipse
1057 960 1258 1042 hujusmodi
1277 978 1418 1025 errores
1436 977 1507 1024 non

273 1078 427 1147 teneret;
450 1069 513 1132 sed
535 1068 612 1150 eius
632 1069 792 1134 subditos
814 1069 944 1148 omnia,
967 1086 1059 1150 quae
1081 1070 1117 1133 in
1132 1068 1265 1149 scripto
1282 1068 1506 1133 contineban-

276 1186 348 1254 tur,
365 1186 501 1254 tenere;
522 1185 557 1240 et
576 1186 615 1239 ut
630 1186 772 1240 curaret
786 1193 829 1240 eo
849 1177 995 1241 evocari
1012 1192 1097 1241 suos
1116 1174 1314 1241 monachos
1333 1184 1368 1240 et
1388 1175 1506 1239 docto-

273 1298 348 1347 res:
378 1297 417 1345 se
441 1294 677 1364 ostensurum,
703 1283 797 1364 quod
818 1288 875 1348 vel
894 1302 1029 1363 omneS,
1050 1287 1108 1347 vel
1127 1296 1250 1347 eorum
1272 1282 1384 1364 major
1409 1299 1505 1363 pars,

276 1389 358 1451 illos
372 1406 515 1453 errores
527 1391 682 1455 tenebat.
698 1390 799 1455 Tunc
814 1393 910 1455 clare
924 1390 1108 1473 respondit
1121 1388 1199 1454 Rex
1217 1391 1311 1453 nolle
1332 1408 1370 1453 se
1390 1386 1506 1468 hujus·

278 1495 373 1559 modi
402 1494 676 1576 disputationes,
706 1514 788 1561 cum
814 1515 922 1579 supra
951 1498 1047 1561 mille
1075 1514 1188 1562 anuos
1216 1497 1310 1562 hanc
1337 1495 1442 1560 fidem
1469 1496 1506 1560 in

272 1600 469 1683 Aethiopia
484 1602 696 1684 tenuissent;
712 1604 965 1685 disputandum
980 1605 1098 1684 potius
1114 1621 1192 1668 esse
1207 1620 1288 1668 cum
1302 1603 1504 1683 gentilibus;

273 1720 312 1771 et
327 1726 391 1772 cur
403 1719 455 1772 tot
469 1709 623 1775 saeculis
634 1712 751 1774 nullus
763 1712 933 1789 venisset,
946 1719 1087 1792 praeter
1102 1712 1229 1791 ipsum,
1243 1710 1302 1791 qui
1314 1718 1399 1773 suos
1410 1726 1504 1773 erro·

274 1832 336 1879 res
349 1816 384 1878 ei
397 1815 628 1881 denuntiaret
645 1815 666 1880 ¹.
683 1816 879 1900 Respondit
893 1817 931 1882 Ρ.
949 1818 1140 1895 Gonzalus,
1156 1828 1302 1898 propter
1321 1816 1505 1881 hominum

274 1930 436 2003 peccata,
451 1924 580 1989 similia
596 1943 617 1989 a
632 1923 709 1988 Deo
723 1925 888 2005 permitti,
904 1924 1069 2006 quodque
1084 1926 1160 2005 ipse
1175 1924 1317 1989 deberet
1332 1923 1409 1987 Deo
1424 1939 1504 2003 gra·

270 2030 345 2093 tias
368 2047 476 2111 agere
498 2032 593 2113 quod
617 2048 683 2095 suo
708 2041 867 2114 ternpore
888 2035 1004 2097 lucem
1030 2032 1189 2097 veritatis
1214 2031 1444 2112 evangelicae
1467 2030 1504 2095 in

275 2135 504 2219 Aethiopiam
528 2138 695 2203 mitteret.
717 2137 796 2203 Rex
820 2148 975 2220 quatuor
993 2139 1096 2203 sedes
1119 2155 1199 2202 esse
1229 2139 1328 2217 dixit,
1355 2138 1391 2201 in
1415 2154 1504 2217 quas

269 2240 461 2308 Catholica
474 2244 635 2309 Ecclesia
650 2255 743 2309 esset
757 2244 886 2325 divisa,
908 2254 944 2310 et
960 2245 1143 2326 aethiopes
1164 2248 1226 2311 uni
1247 2263 1293 2310 ex
1315 2244 1367 2309 eis
1387 2244 1504 2308 obedi·

273 2366 325 2428 rc;
341 2351 405 2415 sed
420 2353 573 2417 ostendit
587 2371 632 2417 ex
647 2351 814 2418 Consiliis
827 2351 866 2416 P.
888 2352 1069 2417 Gonzalus
1087 2352 1181 2434 quod
1200 2369 1322 2417 omnes
1342 2350 1502 2416 Romano

273 2455 437 2522 Pontifici
461 2459 662 2539 subessent,
683 2468 718 2523 et
736 2459 830 2523 hanc
848 2461 1036 2524 veritatem
1065 2458 1259 2539 Primatus,
1289 2460 1502 2522 auctoritate

267 2566 380 2628 etiam
394 2564 590 2629 Doctorum
604 2577 639 2630 et
655 2567 734 2630 aliis
749 2568 874 2646 modis,
890 2568 1055 2631 ostendit.
1262 2560 1267 2569 '

336 2671 423 2736 1934.
466 2671 544 2738 Rex
559 2682 642 2738 tunc
658 2673 748 2740 dixit
762 2675 857 2756 quod
872 2675 916 2739 ab
935 2674 1056 2740 Indiae
1074 2672 1245 2754 Pro-rege
1268 2673 1421 2755 aliquem
1440 2688 1499 2754 po·

272 2780 470 2844 stulaverat
489 2791 527 2844 ut
548 2792 774 2846 sacramenta
794 2784 957 2848 lusitanis
976 2784 1206 2861 ministraret,
1228 2782 1392 2862 quodque
1413 2781 1500 2844 scri·

269 2887 377 2950 bebat
403 2886 551 2952 Pro-rex
575 2906 615 2952 se
638 2890 779 2954 mittere
803 2893 918 2970 ipsum
944 2889 989 2954 ad
1013 2891 1083 2954 hoc
1108 2889 1362 2967 ministerium
1388 2905 1499 2969 quare

266 3011 359 3074 crgo
373 2996 611 3076 ulterius-ipse
626 2997 920 3076 progrediebatur
939 3008 974 3062 et
994 2999 1084 3062 inter
1103 3015 1141 3062 se
1163 3006 1198 3060 et
1220 2995 1354 3076 Regem
1374 2993 1484 3060 Portu

266 3102 413 3182 galliae,
429 3103 577 3168 fratrem
596 3120 712 3182 suum,
733 3105 915 3186 antiquam
938 3105 1129 3168 amicitiam
1149 3104 1344 3168 dissolvere
1365 3103 1497 3168 niteba-

268 3210 344 3272 tur?
357 3207 553 3290 Respondit
568 3209 607 3274 P.
629 3211 810 3276 Gonzalus
829 3212 1055 3275 verissimum
1074 3227 1152 3275 esse
1173 3211 1266 3291 quod
1287 3227 1307 3273 a
1326 3208 1497 3288 Pro-rege

271 3313 390 3380 lodiae
410 3316 457 3380 ad
475 3317 710 3382 ministranda
729 3328 956 3382 sacramenta
976 3317 1138 3381 lusitanis
1158 3317 1289 3380 missus
1308 3325 1414 3395 esset;
1435 3316 1498 3379 sed

265 3422 317 3484 ad
331 3420 367 3483 id
381 3423 501 3502 etiam,
514 3435 552 3486 ut
563 3433 716 3488 mentem
729 3425 839 3505 ipsius
853 3423 963 3503 Regis
977 3425 1021 3488 de
1033 3422 1249 3488 admittendo
1261 3421 1414 3505 quodam
1424 3439 1511 3508 may

267 3543 343 3604 gno
357 3529 437 3592 viro
453 3538 488 3594 et
504 3531 583 3594 aliis
598 3531 785 3611 religiosis,
802 3530 846 3594 de
864 3531 992 3612 quibus
1011 3533 1045 3594 ei
1066 3530 1215 3594 Pro-rex
1236 3529 1424 3608 scribebat,
1447 3529 1496 3592 iu·

246 3715 250 3726 ¹
270 3635 462 3715 telligeret;
478 3654 561 3701 nam
581 3638 876 3718 prudentissimus
894 3637 972 3702 Rex
993 3636 1233 3717 Portugalliae
1254 3653 1326 3700 non
1347 3635 1497 3700 debebat

267 3743 361 3804 tales
375 3742 474 3806 viros
488 3743 523 3806 in
538 3744 766 3826 Aethiopiam
780 3746 931 3823 mittere,
952 3745 1021 3808 nisi
1040 3744 1074 3808 ei
1092 3752 1272 3808 constaret
1290 3743 1385 3824 quod
1403 3742 1496 3806 exci-

270 3847 391 3927 piendi
405 3859 535 3929 essent;
552 3868 720 3931 quorsum
734 3853 829 3916 enim
844 3869 923 3915 cum
940 3850 1048 3916 tantis
1062 3851 1270 3932 sumptibus,
1287 3860 1322 3914 et
1337 3851 1413 3914 sine
1423 3851 1495 3914 ullo

269 3953 400 4034 fructu,
416 3957 549 4022 nolenti
562 3958 652 4022 tales
666 3958 764 4022 viros
779 3958 997 4023 obtruderet?
1011 3955 1074 4022 Sui
1085 3967 1270 4038 praeterea
1285 3955 1389 4021 officii
1404 3974 1493 4038 esse,

269 4062 351 4126 licet
364 4080 386 4125 a
401 4063 541 4127 nemine
559 4064 768 4145 mitteretur,
795 4065 1042 4145 evangelicam
1065 4067 1253 4130 veritatem
1277 4064 1345 4146 ipsi
1363 4064 1494 4129 denun-

263 4169 376 4248 ciare,
393 4170 487 4251 quod
501 4170 532 4234 si
547 4171 607 4235 alii
621 4172 825 4236 sacerdotes
835 4172 880 4236 de
893 4170 1094 4252 hujusmodi
1107 4171 1287 4236 erroribus
1301 4171 1387 4236 nihil
1398 4170 1431 4235 ei
1444 4171 1494 4234 di·

264 4277 418 4355 sissent,
446 4277 525 4341 ideo
550 4278 724 4343 accidisse
746 4279 910 4343 fortassis
935 4279 1029 4360 quod
1053 4296 1116 4342 eos
1143 4295 1217 4342 non
1241 4279 1490 4358 intelligerent.

265 4382 486 4449 Hortabatur
505 4385 652 4465 proinde
671 4395 709 4450 ut
727 4387 898 4468 scriptum
918 4386 1002 4450 illud
1016 4386 1105 4450 bene
1125 4387 1270 4466 legeret,
1297 4385 1333 4450 in
1352 4401 1422 4466 quo
1440 4403 1494 4450 re·

273 4689 277 4695 ·
308 4661 329 4705 Ι.
345 4661 434 4706 lrernt
443 4664 534 4718 paneis
543 4663 686 4708 anteanula
694 4663 806 4717 loannes
816 4663 965 4720 Bermndez,
978 4665 1146 4710 Patrlarcha.
1161 4664 1227 4710 Vide
1240 4664 1484 4712 Tantus-Auunna
1581 4673 1588 4686 ·

265 4734 283 4775 l.
295 4743 326 4788 c.‚
336 4733 380 4780 lib.
390 4745 408 4788 r;
419 4743 445 4780 et
456 4735 576 4790 Cassam,
584 4735 698 4780 utsston
707 4736 741 4780 de
751 4735 885 4792 Eratopta.
