3717 5400
351 457 408 516 200
811 458 941 519 Canon.
961 458 1038 520 Soc.
1057 460 1129 533 Jus.

411 603 483 668 582.
526 603 616 670 Sunt
641 615 761 668 autem
791 606 884 670 duae
913 607 1097 671 custodiae
1120 606 1309 685 Panormi;
1333 607 1371 670 in
1395 609 1509 672 altera
1527 608 1595 672 bis.

351 713 455 775 annis
469 713 777 792 praecedentibus
794 723 833 776 ut
843 715 1008 794 superius
1021 715 1155 777 dictum
1173 725 1228 778 est
1248 715 1259 747 ¹
1283 715 1585 780 valetudinarium

351 818 529 898 quoddam
549 819 751 883 confectum
771 817 898 897 fuerat,
919 821 980 884 ubi
1002 830 1231 900 aegrotantes
1254 819 1454 900 hujusmodi
1473 822 1582 885 homi-

351 943 416 990 nes
430 926 467 990 iu
482 943 627 990 carcere
642 926 775 990 detenti
790 929 1018 992 curabantur.
1035 927 1184 1009 Reliqua
1203 939 1281 991 erat
1299 928 1475 1006 custodia,
1491 947 1583 1010 quae

352 1033 477 1096 eodem
488 1033 669 1112 indigebat
681 1033 849 1113 remedio,
863 1033 959 1114 quod
970 1051 1050 1097 cum
1060 1045 1314 1114 suggereretur
1325 1034 1500 1114 Pro-regi,
1510 1035 1582 1116 jus·

352 1141 398 1202 sit
412 1141 470 1202 ille
481 1139 707 1220 jurisperitos
727 1158 770 1203 ac
792 1151 1044 1220 procuratores
1068 1141 1114 1205 ad
1139 1159 1178 1205 se
1202 1143 1338 1219 vocari,
1362 1152 1398 1205 et
1420 1144 1583 1206 hortatus

351 1256 405 1310 est
421 1248 466 1311 ad
482 1247 576 1310 aliud
592 1248 890 1311 valetudinarium
904 1249 943 1311 in
965 1250 1124 1312 secundo
1142 1267 1289 1312 carcere
1310 1248 1580 1328 conficiendum,

352 1364 387 1416 et
405 1355 490 1434 quia
516 1353 792 1419 confraternitas
817 1356 993 1436 quaedam
1011 1357 1234 1420 notariorum
1257 1357 1388 1437 prioris
1414 1356 1584 1421 valetudi-

351 1461 443 1524 narii
457 1479 581 1524 curam
595 1472 812 1542 susceperat,
834 1472 999 1526 curatum
1012 1473 1067 1526 est
1076 1481 1099 1524 a
1113 1461 1151 1525 P.
1171 1462 1400 1540 Provinciali,
1417 1482 1499 1526 cum
1510 1481 1580 1543 quo

352 1567 502 1631 Pro-rex
516 1570 664 1632 tractari
678 1569 746 1632 hoc
761 1571 858 1649 pium
870 1587 960 1650 opus
973 1571 1019 1632 ab
1029 1571 1099 1633 illis
1112 1572 1320 1634 doctoribus
1330 1581 1366 1633 et
1376 1582 1583 1651 procurato·

351 1675 450 1738 ribus
464 1676 588 1754 voluit,
606 1685 643 1738 ut
659 1676 750 1739 duae
766 1678 856 1739 istae
871 1677 1184 1740 confraternitates
1195 1678 1231 1741 in
1246 1695 1356 1741 unum
1366 1696 1497 1757 corpus
1511 1679 1583 1741 coi·

351 1781 457 1845 rent¹
477 1794 512 1845 et
536 1783 668 1864 aliquid
690 1784 822 1862 singuli
844 1784 1092 1863 promitterent
1116 1794 1249 1848 statum
1263 1803 1306 1848 ac
1320 1785 1473 1864 firmum,
1491 1796 1531 1848 ut
1545 1787 1582 1850 in

350 1899 501 1971 utraque
515 1891 677 1954 custodia
693 1908 867 1970 pauperes
882 1891 1063 1954 sublevari
1076 1892 1112 1954 in
1127 1893 1202 1954 suis
1217 1893 1349 1955 morbis
1363 1902 1519 1973 possent.

409 1995 480 2060 583.
523 1996 779 2061 Monasterium
804 1996 864 2059 Sti
885 1997 1049 2077 JoanniS,
1080 1998 1293 2077 cognomine
1321 1998 1380 2060 del
1404 1998 1583 2077 Roglion,

350 2103 444 2184 quod
458 2105 633 2183 superiori
646 2121 739 2166 anno
754 2104 907 2168 diximus
926 2103 938 2133 ³
957 2106 1002 2166 ab
1016 2105 1172 2184 antiquis
1195 2107 1406 2168 monialibus
1431 2106 1578 2169 liberum

350 2212 523 2290 relictum,
540 2220 579 2273 ut
593 2212 628 2274 in
644 2229 686 2274 eo
700 2229 816 2274 novae
837 2213 1081 2291 reciperentur
1099 2213 1304 2292 religiosae,
1331 2231 1423 2293 quae
1437 2212 1581 2276 vivendi

349 2319 527 2382 rationem
552 2319 783 2382 reformatam
808 2337 850 2382 ac
875 2337 961 2382 vere
985 2320 1206 2400 spiritualem
1227 2321 1459 2401 susciperent,
1481 2320 1580 2400 illud,

349 2425 505 2506 inquam,
520 2425 773 2488 monasterium
788 2427 1026 2490 instauratum
1044 2427 1120 2506 fuit,
1137 2436 1171 2490 et
1186 2428 1261 2490 fere
1275 2428 1369 2490 mille
1383 2437 1418 2490 et
1436 2427 1578 2491 ducenti

350 2533 449 2596 aurei
464 2534 500 2596 in
516 2532 675 2597 aedificio
687 2533 836 2613 expensi
846 2533 997 2613 fuerunt,
1010 2545 1049 2598 ut
1059 2535 1105 2597 ad
1116 2535 1382 2598 observantiam
1395 2535 1578 2614 religionis

351 2639 516 2704 idoneum
541 2639 760 2720 redderetur;
787 2658 879 2722 quae
902 2659 961 2705 res
986 2659 1066 2706 cum
1087 2659 1220 2721 magua
1241 2642 1398 2705 civitatis
1417 2640 1582 2705 aedifica·

353 2747 449 2810 tione
464 2758 610 2828 peracta
625 2758 694 2823 est;
712 2758 806 2812 etex
821 2750 899 2827 illis,
918 2765 1009 2830 quae
1023 2759 1146 2813 nostro
1160 2752 1197 2812 in
1211 2752 1343 2829 templo
1357 2749 1483 2813 crebro
1499 2766 1580 2813 con·

350 2852 541 2917 fitebantur
555 2866 589 2918 et
606 2855 925 2934 communicabant,
947 2856 1112 2921 undecim
1125 2857 1328 2936 spirituales
1341 2854 1517 2918 foeminae
1538 2874 1580 2919 ac

349 2960 441 3040 piae,
469 2978 549 3023 curn
573 2978 706 3041 magna
735 2964 959 3027 solemnitate
974 2973 1009 3027 et
1033 2963 1278 3027 aedificatione
1303 2962 1379 3042 ejus
1403 2963 1516 3040 urbis,
1543 2962 1580 3026 iu

350 3068 572 3147 praedictum
601 3072 856 3133 monasterium
884 3070 1051 3134 inductae
1078 3070 1238 3148 fuerunt,
1267 3086 1356 3150 quas
1379 3070 1481 3132 brevi
1504 3079 1579 3133 tres

352 3174 442 3237 aliae
457 3186 671 3239 consecutae
687 3184 778 3239 sunt.
795 3175 1021 3240 Praedicavit
1036 3186 1154 3240 autem
1168 3194 1211 3239 eo
1226 3177 1283 3239 die
1296 3176 1335 3239 Ρ.
1353 3175 1483 3239 Paulus
1497 3194 1578 3239 cum

352 3298 482 3362 magna
501 3283 702 3346 auditorum
717 3282 973 3347 satisfactione.

412 3388 483 3452 584.
528 3388 622 3452 Inter
637 3400 710 3453 tres
725 3399 843 3453 autem
853 3402 1064 3470 postremas
1077 3409 1149 3455 una
1159 3391 1224 3454 fuit
1235 3391 1426 3472 pernobilis
1436 3402 1471 3454 et
1482 3391 1582 3454 dives

352 3494 470 3571 vidua,
489 3493 589 3575 cujus
605 3496 700 3559 vitae
717 3498 917 3577 exemplum
932 3507 967 3560 et
986 3497 1173 3577 prudentia
1192 3499 1297 3561 valde
1319 3498 1468 3577 probata
1489 3507 1580 3575 erat,

352 3602 543 3666 Baronissa
559 3603 615 3666 del
630 3602 783 3667 Viscaro
798 3605 983 3668 dicebatur
997 3602 1025 3684 ⁴,
1041 3622 1148 3684 quam
1162 3605 1263 3668 multi
1276 3605 1321 3668 ab
1342 3623 1383 3667 eo
1399 3605 1593 3685 proposito.

352 3707 532 3790 deterrere
544 3720 782 3789 tentaverant,
796 3712 859 3775 sed
869 3712 930 3774 illa
941 3722 1110 3775 constans
1120 3712 1157 3775 in
1168 3722 1293 3775 sancto
1306 3712 1499 3792 proposito,
1510 3728 1581 3775 mo·

351 3819 547 3880 nasterium
559 3820 722 3897 ingressa
734 3828 799 3897 est;
813 3827 847 3881 et
859 3820 1085 3898 septuaginta
1096 3819 1153 3881 vel
1164 3820 1348 3899 octoginta
1359 3819 1507 3882 ducatos
1521 3835 1582 3881 an·

351 3925 412 3988 uui
427 3924 561 3987 reditus
576 3924 690 3987 eidem
705 3926 922 3988 monasterio
937 3925 1043 3989 dedit.
1060 3925 1141 3989 Fuit
1160 3934 1278 3989 autem
1294 3926 1414 4005 quinta
1430 3927 1486 3988 die
1505 3925 1582 3989 Au-

353 4033 447 4111 gusti
469 4034 582 4094 electa
604 4041 637 4093 et
657 4030 865 4095 confirmata
886 4033 922 4094 in
943 4032 1160 4095 abbatissam
1181 4032 1258 4113 ejus
1277 4033 1482 4096 monasterii
1506 4032 1587 4094 reli-

354 4192 567 4203 —--—-——

393 4274 401 4305 ¹
433 4272 497 4317 Vide
509 4283 598 4326 supra,
609 4278 628 4317 t.
640 4284 666 4325 n,
675 4284 735 4327 pag.
746 4274 780 4326 37,
792 4286 816 4319 n.
827 4274 862 4318 Π.

391 4348 402 4377 ²
430 4344 536 4388 Rectius
546 4349 575 4387 nt
581 4346 742 4400 jurisperiti
752 4350 777 4389 et
787 4350 988 4401 procuratores,
998 4347 1060 4389 huic
1070 4348 1187 4390 secundo
1197 4347 1303 4390 carceri
1316 4346 1482 4391 sublevando
1491 4360 1507 4391 a
1522 4347 1585 4391 Pro-

352 4428 414 4469 regr
423 4418 569 4466 convocati,
579 4418 801 4469 procuratoribus
811 4422 837 4461 et
848 4420 973 4471 notariis,
983 4422 1037 4472 qui,
1046 4422 1075 4461 ut
1083 4420 1129 4472 pri
1131 4430 1172 4460 mo
1180 4420 1285 4462 carceri
1291 4419 1478 4471 subvenirent,
1486 4422 1514 4463 in
1524 4432 1583 4464 con·

347 4488 557 4543 fraternitatem
569 4492 717 4541 qnamdam
729 4490 895 4544 coaluerant,
906 4501 967 4533 sese
977 4492 1167 4545 adjungerent.

395 4558 405 4591 ὅ
432 4558 501 4603 Vide
511 4571 599 4614 supra,
608 4568 628 4604 t.
638 4571 674 4615 rv,
685 4572 745 4616 pag.
756 4562 804 4612 209,
815 4573 840 4604 n.
850 4562 899 4605 ibt.

391 4632 403 4664 ⁴
430 4630 571 4676 “Baronisa
582 4643 633 4685 qua
650 4633 676 4676 la
694 4634 878 4685 domandam„
895 4634 1012 4687 Angelus
1028 4634 1170 4679 Puillciuus
1187 4634 1315 4690 Ignatloti
1330 4636 1488 4690 Septembris
1499 4635 1588 4682 lma·-

350 4703 418 4747 Vide
430 4702 551 4747 Litterae
562 4704 793 4756 Quadrimestres,
804 4712 822 4749 t.
834 4716 872 4760 111,
880 4717 941 4761 pag.
951 4706 1000 4750 623.
