3717 5400
367 496 427 556 378
830 497 958 558 Canon.
978 498 1055 558 Soc.
1075 498 1146 571 Jns.

435 642 522 706 1019.
567 643 655 708 Cum
674 643 836 708 Ileridam
866 642 872 674 ¹
890 645 1057 722 venisset,
1080 645 1180 708 multi
1200 661 1281 707 eum
1301 663 1346 707 ex
1371 645 1547 708 nobilibus
1567 655 1603 709 et

369 751 597 815 scholasticis
618 752 796 830 adierunt;
823 751 885 814 sed
906 768 987 815 cum
1009 751 1139 815 ibidem
1163 752 1356 814 subsistere
1374 769 1447 816 non
1468 762 1600 832 posset,

367 858 455 936 quia
469 857 731 921 Barchinonam
745 858 972 939 properabat,
988 859 1044 921 vir
1055 857 1197 938 quidam
1211 856 1437 938 jurisperitus
1448 868 1482 922 et
1493 859 1600 923 hono·

370 975 482 1041 ratus
498 974 538 1027 ut
553 963 627 1044 eJ'us
641 964 817 1028 frueretur
833 965 1021 1044 colloquio,
1038 977 1073 1028 et
1085 966 1227 1029 interim
1242 983 1323 1029 eum
1337 965 1539 1045 diverteret,
1553 967 1599 1029 bi·

365 1071 439 1134 duo
460 1068 602 1134 Patrem
625 1070 790 1136 Stradam
812 1073 1003 1136 comitatus
1025 1082 1090 1151 est,
1114 1082 1148 1136 et
1173 1089 1254 1136 cum
1276 1073 1389 1136 eidem
1415 1073 1600 1137 consessus

365 1188 474 1258 esset,
502 1189 536 1242 et
562 1179 606 1242 de
634 1176 709 1258 ejus
735 1197 842 1242 manu
858 1178 1130 1243 Sanctissimum
1145 1177 1278 1243 Christi
1293 1178 1430 1259 Corpus
1444 1181 1597 1261 accepis·

366 1297 435 1363 set,
452 1296 487 1350 et
502 1287 548 1350 ad
567 1287 763 1368 spiritualia
780 1287 951 1350 exercitia
969 1303 1008 1350 se
1023 1303 1251 1350 accessurum
1271 1297 1365 1350 esset
1384 1287 1561 1367 pollicitus
1575 1287 1599 1364 ¹,

367 1385 414 1456 eo
435 1411 517 1457 cum
535 1395 653 1458 animo
674 1394 816 1458 domum
838 1393 962 1471 rediit,
984 1402 1022 1456 ut
1041 1393 1149 1457 totius
1167 1394 1265 1457 vitae
1283 1411 1369 1457 suae
1384 1394 1541 1457 rationes
1555 1394 1599 1457 ad

367 1499 438 1564 Dei
453 1501 661 1581 obsequium
676 1500 857 1579 dirigeret.

434 1607 521 1672 1020.
566 1607 654 1672 Cum
683 1614 802 1670 autem
830 1607 887 1670 die
915 1608 1055 1671 sabbati
1081 1608 1147 1671 sub
1174 1625 1383 1688 vesperam,
1410 1608 1456 1671 ad
1484 1610 1599 1671 locum

369 1716 563 1796 quemdam
577 1714 744 1778 Vicensis
758 1713 944 1778 Dioecesis
958 1716 1134 1794 venisset,
1151 1715 1292 1778 nomine
1314 1713 1485 1795 lgualada
1495 1703 1509 1791 ,'
1518 1715 1600 1779 libe-

369 1840 452 1885 rare
467 1822 579 1885 voluit
594 1821 699 1884 fidem
714 1838 821 1901 quam
835 1820 983 1885 dederat
998 1821 1145 1885 Vicensi
1166 1822 1364 1902 Episcopo,
1381 1822 1440 1901 qui
1455 1820 1600 1903 Inquisi·

371 1939 428 1992 tor
442 1928 799 2008 caesaraugustanus
813 1936 892 1991 erat
906 1925 928 2006 ³,
947 1927 1041 2008 quod
1055 1928 1325 2007 praedicaturus
1340 1938 1417 1992 erat
1439 1929 1476 1992 in
1490 1929 1601 2010 ipsius

369 2035 548 2113 Dioecesi,
564 2036 594 2098 si
609 2036 645 2098 in
661 2037 780 2116 aliquo
795 2036 906 2115 ipsius
920 2035 1000 2097 loco
1016 2034 1091 2098 dies
1106 2034 1306 2098 dominicus
1317 2045 1379 2099 aut
1393 2035 1505 2099 festus
1519 2053 1599 2099 eum

370 2143 678 2223 deprehendisset;
695 2153 729 2207 et
742 2143 792 2206 ita
807 2159 888 2206 cum
904 2141 1091 2205 Vicarium
1106 2141 1181 2222 ejus
1195 2142 1315 2222 populi
1336 2143 1597 2218 accersiviss'et,

367 2251 577 2314 concionem
592 2251 628 2313 in
644 2249 736 2314 diem
751 2248 967 2312 dominicum
982 2258 1188 2329 sequentem
1203 2266 1242 2313 se
1262 2249 1464 2313 habiturum
1480 2249 1598 2313 admo-

372 2357 460 2435 nuit,
477 2358 571 2437 quod
585 2357 761 2436 praestitit
776 2357 864 2419 satis
878 2372 1011 2434 magna
1027 2373 1108 2418 cum
1123 2357 1366 2419 consolatione
1384 2357 1525 2421 illorum
1537 2357 1599 2420 ho·

371 2465 518 2541 minum,
535 2464 594 2544 qui
609 2465 782 2543 spirituali
798 2463 878 2526 cibo
892 2479 966 2526 non
980 2479 1108 2542 parum
1123 2461 1339 2542 indigebant.

431 2568 518 2632 1021.
562 2568 645 2633 Inde
657 2570 703 2632 ad
714 2569 890 2648 insignem
901 2569 1046 2632 domum
1057 2568 1328 2648 B.¹⁰²⁶Virginis
1340 2569 1597 2635 MontisSerra·

367 2679 397 2744 ti
411 2678 591 2760 proiectus
606 2685 677 2757 est,
699 2689 733 2742 et
748 2695 768 2741 a
785 2676 970 2741 monachis
985 2693 1117 2757 magna
1132 2693 1212 2741 cum
1227 2677 1402 2742 charitate
1417 2687 1598 2759 exceptae,

364 2788 444 2869 qui,
461 2804 542 2851 cum
558 2796 726 2865 urgerent
742 2803 822 2849 eum
843 2795 882 2849 ut
901 2785 996 2865 apud
1017 2785 1114 2865 ipsos
1134 2786 1342 2849 concionem
1364 2787 1521 2866 haberet,
1543 2805 1600 2850 ac·

370 2893 505 2975 quievit
520 2894 572 2957 eis
586 2894 745 2957 libenter.
763 2892 815 2956 Illi
837 2901 958 2955 autem
979 2892 1159 2955 solitarios
1182 2894 1389 2971 monachos
1411 2894 1471 2973 qui
1493 2894 1530 2957 in
1544 2910 1600 2957 su-

371 3000 571 3082 perioribus
596 3000 833 3063 heremitoriis
854 2999 1020 3079 agebant,
1048 2999 1094 3062 ad
1112 3000 1322 3063 coenobium
1346 3001 1541 3064 invitarunt
1565 3011 1600 3064 et

368 3109 474 3173 simul
489 3125 569 3171 cum
584 3110 635 3172 eis
650 3090 827 3186 monachi,
850 3108 989 3187 abipso
1010 3107 1121 3169 choro
1140 3106 1395 3170 descendentes
1421 3109 1467 3171 ad
1488 3109 1599 3171 eccle·

366 3217 473 3295 siam,
490 3215 724 3280 attentissime
739 3232 820 3278 eum
835 3215 1034 3279 audierunt.
1047 3214 1092 3276 Et
1104 3224 1362 3294 prospexerant
1372 3224 1411 3278 ut
1422 3214 1601 3295 peregrini

367 3322 500 3401 etalii,
523 3323 582 3404 qui
604 3322 735 3385 indies
761 3322 945 3401 religionis
970 3338 1057 3400 ergo
1080 3338 1124 3383 eo
1145 3322 1311 3400 veniunt,
1333 3324 1483 3402 strepitu
1504 3324 1600 3385 nullo

368 3430 422 3491 eis
437 3428 687 3510 impedimento
703 3438 832 3491 essent.
849 3428 912 3491 Est
926 3436 1045 3492 autem
1055 3445 1119 3508 per
1130 3429 1256 3491 horam
1267 3446 1348 3491 cum
1359 3428 1505 3493 dimidia
1519 3445 1600 3492 con-

368 3536 545 3614 cionatuS,
562 3547 595 3599 et
611 3536 811 3599 referebant
827 3534 993 3599 monachi
1014 3552 1196 3615 nunquam
1218 3552 1256 3597 se
1270 3534 1399 3614 majori
1417 3553 1498 3599 cum
1518 3552 1600 3598 con·

368 3642 543 3705 solatione
558 3643 766 3706 concionem
781 3642 972 3705 audivisse.
990 3639 1128 3704 Deinde
1142 3642 1331 3705 veniebant
1346 3642 1392 3703 ad
1406 3641 1482 3721 eius
1502 3642 1599 3705 habi·
1671 3677 1676 3687 ·

369 3750 541 3813 tationem
557 3750 717 3830 primarii
737 3750 920 3828 monachi,
943 3758 978 3812 et
997 3748 1210 3826 heremitae,
1234 3765 1314 3811 cum
1335 3750 1463 3829 quibus
1482 3749 1526 3812 de
1547 3766 1599 3813 re-

371 3858 436 3919 bus
451 3856 692 3937 spiritualibus
712 3856 813 3919 varia
835 3856 1010 3935 colloquia
1031 3872 1112 3917 cum
1131 3856 1338 3919 eorumdem
1357 3856 1600 3919 consolatione

367 3964 523 4041 miscuit,
545 3974 579 4025 et
600 3964 764 4044 quamvis
779 3963 982 4044 aliquandiu
998 3962 1156 4026 detinere
1170 3964 1286 4041 ipsum
1301 3964 1500 4042 voluerunt,
1516 3963 1600 4044 quia

374 4160 585 4167 -—-.———-

411 4316 418 4346 ¹
447 4312 689 4365 ilerdamdArida.

409 4382 421 4415 ¹
448 4384 704 4437 Videlnlra,n.1037.

410 4456 421 4488 ³
448 4458 552 4501 Acisclo
563 4456 639 4513 Moya
650 4458 680 4501 de
692 4456 841 4511 Contreras,
852 4456 992 4499 “bachiller
1002 4467 1033 4499 eu
1044 4456 1164 4508 derecho,
1174 4458 1281 4501 natural
1290 4458 1322 4500 de
1332 4456 1473 4512 Pedroche,
1484 4458 1525 4502 del
1534 4458 1602 4502 obis·

368 4528 438 4583 pado
449 4528 480 4571 de
490 4528 618 4572 Cdrdoba,
627 4530 669 4573 lue
680 4528 781 4583 elegido
790 4527 823 4579 tl)
833 4528 857 4571 el
867 4526 894 4569 22
904 4528 935 4570 de
945 4526 1014 4580 Jullo
1025 4526 1056 4569 de
1069 4527 1129 4570 1537.
1141 4526 1213 4571 Salio
1222 4538 1272 4582 por
1281 4526 1426 4582 Inqulsldor
1435 4529 1477 4573 del
1486 4529 1559 4573 relno
1567 4531 1601 4572 de

372 4601 488 4655 Aragon,
499 4600 581 4644 donde
591 4608 683 4645 estuvo
694 4602 756 4644 doce
767 4603 842 4644 anos.
856 4598 973 4653 Despues
983 4610 1015 4642 eu
1025 4599 1050 4641 el
1058 4601 1108 4642 eho
1120 4599 1180 4650 155⁴,
1193 4598 1219 4643 S.
1230 4599 1262 4643 lt
1271 4601 1296 4643 le
1307 4600 1364 4644 hlzo
1372 4601 1475 4644 merced
1482 4601 1525 4645 del
1534 4601 1601 4646 obis·

368 4671 437 4725 pado
447 4671 479 4715 de
489 4670 573 4726 Vique
584 4684 614 4715 en
626 4674 651 4715 la
660 4683 756 4716 corona
766 4673 796 4715 de
809 4672 937 4725 Atacem.
947 4670 1061 4713 neroum
1069 4669 1163 4721 Laura.
1172 4672 1197 4714 ln
1204 4670 1349 4726 Btograjia
1357 4672 1525 4717 eclesiastica
1533 4684 1602 4717 corn·

365 4743 453 4797 pieta,
463 4748 481 4787 t.
493 4754 548 4795 xlv,
560 4754 620 4798 pag.
631 4744 678 4787 ⁶13.
