<?xml version="1.0" encoding="UTF-8"?>
<!DOCTYPE html PUBLIC "-//W3C//DTD XHTML 1.0 Transitional//EN"
    "http://www.w3.org/TR/xhtml1/DTD/xhtml1-transitional.dtd">
<html xmlns="http://www.w3.org/1999/xhtml" xml:lang="en" lang="en">
 <head>
  <title>
</title>
<meta http-equiv="Content-Type" content="text/html;charset=utf-8" />
  <meta name='ocr-system' content='tesseract 3.04.00' />
  <meta name='ocr-capabilities' content='ocr_page ocr_carea ocr_par ocr_line ocrx_word'/>
</head>
<body>
  <div class='ocr_page' id='page_1' title='image "./vitaignatiiloio01polagoog_0717.png"; bbox 0 0 3717 5400; ppageno 0'>
   <div class='ocr_carea' id='block_1_1' title="bbox 806 508 1498 568">
    <p class='ocr_par' dir='ltr' id='par_1_1' title="bbox 806 508 1498 568">
     <span class='ocr_line' id='line_1_1' title="bbox 806 508 1498 568; baseline 0.001 -1"><span class='ocrx_word' id='word_1_1' title='bbox 806 508 874 567; x_wconf 82' lang='lat' dir='ltr'>Aa.</span> <span class='ocrx_word' id='word_1_2' title='bbox 894 508 966 568; x_wconf 69' lang='lat'>1555</span> <span class='ocrx_word' id='word_1_3' title='bbox 1446 508 1498 568; x_wconf 82' lang='grc'>701</span> 
     </span>
    </p>
   </div>
   <div class='ocr_carea' id='block_1_2' title="bbox 263 651 1566 4808">
    <p class='ocr_par' dir='ltr' id='par_1_2' title="bbox 269 651 1504 841">
     <span class='ocr_line' id='line_1_2' title="bbox 269 651 1503 736; baseline 0.002 -18"><span class='ocrx_word' id='word_1_4' title='bbox 269 662 417 736; x_wconf 87' lang='lat' dir='ltr'>propter</span> <span class='ocrx_word' id='word_1_5' title='bbox 430 654 487 717; x_wconf 93' lang='lat' dir='ltr'>sui</span> <span class='ocrx_word' id='word_1_6' title='bbox 500 651 731 717; x_wconf 86' lang='lat' dir='ltr'>Patriarchae</span> <span class='ocrx_word' id='word_1_7' title='bbox 749 652 1170 731; x_wconf 74' lang='lat' dir='ltr'>excommunicationem,</span> <span class='ocrx_word' id='word_1_8' title='bbox 1191 670 1263 717; x_wconf 89' lang='lat' dir='ltr'>non</span> <span class='ocrx_word' id='word_1_9' title='bbox 1282 670 1362 717; x_wconf 86' lang='lat' dir='ltr'>esse</span> <span class='ocrx_word' id='word_1_10' title='bbox 1380 652 1503 721; x_wconf 78' lang='lat' dir='ltr'>timon.-</span> 
     </span>
     <span class='ocr_line' id='line_1_3' title="bbox 269 758 1504 841; baseline 0 -16"><span class='ocrx_word' id='word_1_11' title='bbox 269 762 356 826; x_wconf 91' lang='lat' dir='ltr'>dam</span> <span class='ocrx_word' id='word_1_12' title='bbox 380 762 486 825; x_wconf 88' lang='lat' dir='ltr'>talem</span> <span class='ocrx_word' id='word_1_13' title='bbox 510 760 919 825; x_wconf 82' lang='lat' dir='ltr'>excommunicationem·</span> <span class='ocrx_word' id='word_1_14' title='bbox 938 759 1100 838; x_wconf 90' lang='lat' dir='ltr'>dicebat,</span> <span class='ocrx_word' id='word_1_15' title='bbox 1127 759 1197 825; x_wconf 86' lang='lat' dir='ltr'>scd·</span> <span class='ocrx_word' id='word_1_16' title='bbox 1211 760 1333 841; x_wconf 87' lang='lat' dir='ltr'>potius</span> <span class='ocrx_word' id='word_1_17' title='bbox 1350 758 1504 825; x_wconf 75' lang='lat' dir='ltr'>Rotnani</span> 
     </span>
    </p>

    <p class='ocr_par' dir='ltr' id='par_1_3' title="bbox 268 866 1505 1363">
     <span class='ocr_line' id='line_1_4' title="bbox 270 866 1499 949; baseline -0.003 -14"><span class='ocrx_word' id='word_1_18' title='bbox 270 868 467 945; x_wconf 86' lang='lat' dir='ltr'>Pontificis,</span> <span class='ocrx_word' id='word_1_19' title='bbox 494 886 586 949; x_wconf 90' lang='lat' dir='ltr'>quae</span> <span class='ocrx_word' id='word_1_20' title='bbox 605 867 755 947; x_wconf 86' lang='lat' dir='ltr'>singulis</span> <span class='ocrx_word' id='word_1_21' title='bbox 774 868 877 931; x_wconf 90' lang='lat' dir='ltr'>annis</span> <span class='ocrx_word' id='word_1_22' title='bbox 897 868 935 931; x_wconf 91' lang='lat' dir='ltr'>in</span> <span class='ocrx_word' id='word_1_23' title='bbox 955 866 1013 931; x_wconf 89' lang='lat' dir='ltr'>die</span> <span class='ocrx_word' id='word_1_24' title='bbox 1034 884 1169 932; x_wconf 89' lang='lat' dir='ltr'>coenae</span> <span class='ocrx_word' id='word_1_25' title='bbox 1190 866 1335 931; x_wconf 83' lang='lat' dir='ltr'><strong>Domini</strong></span> <span class='ocrx_word' id='word_1_26' title='bbox 1355 869 1499 948; x_wconf 80' lang='lat' dir='ltr'>legitur,</span> 
     </span>
     <span class='ocr_line' id='line_1_5' title="bbox 268 974 1502 1057; baseline -0.004 -14"><span class='ocrx_word' id='word_1_27' title='bbox 268 988 398 1043; x_wconf 90' lang='lat' dir='ltr'>contra</span> <span class='ocrx_word' id='word_1_28' title='bbox 413 976 613 1057; x_wconf 86' lang='lat' dir='ltr'>omnesqui</span> <span class='ocrx_word' id='word_1_29' title='bbox 631 986 843 1057; x_wconf 83' lang='lat' dir='ltr'>separantur</span> <span class='ocrx_word' id='word_1_30' title='bbox 863 974 909 1037; x_wconf 88' lang='lat' dir='ltr'>ab</span> <span class='ocrx_word' id='word_1_31' title='bbox 927 974 1038 1055; x_wconf 90' lang='lat' dir='ltr'>ipsius</span> <span class='ocrx_word' id='word_1_32' title='bbox 1057 974 1273 1053; x_wconf 89' lang='lat' dir='ltr'>obedientia,</span> <span class='ocrx_word' id='word_1_33' title='bbox 1292 993 1373 1040; x_wconf 92' lang='lat' dir='ltr'>cum</span> <span class='ocrx_word' id='word_1_34' title='bbox 1397 977 1502 1039; x_wconf 82' lang='lat' dir='ltr'>mala·</span> 
     </span>
     <span class='ocr_line' id='line_1_6' title="bbox 268 1082 1504 1161; baseline 0 -12"><span class='ocrx_word' id='word_1_35' title='bbox 268 1085 426 1149; x_wconf 82' lang='lat' dir='ltr'><strong>dictione</strong></span> <span class='ocrx_word' id='word_1_36' title='bbox 441 1082 657 1148; x_wconf 83' lang='lat' dir='ltr'>Sanctarum</span> <span class='ocrx_word' id='word_1_37' title='bbox 669 1082 765 1147; x_wconf 84' lang='lat' dir='ltr'>Petri</span> <span class='ocrx_word' id='word_1_38' title='bbox 779 1092 815 1149; x_wconf 91' lang='lat' dir='ltr'>et</span> <span class='ocrx_word' id='word_1_39' title='bbox 829 1082 948 1161; x_wconf 87' lang='lat' dir='ltr'>Pauli;</span> <span class='ocrx_word' id='word_1_40' title='bbox 964 1089 999 1145; x_wconf 92' lang='lat' dir='ltr'>et</span> <span class='ocrx_word' id='word_1_41' title='bbox 1013 1082 1207 1147; x_wconf 90' lang='lat' dir='ltr'>timendum</span> <span class='ocrx_word' id='word_1_42' title='bbox 1222 1099 1301 1146; x_wconf 89' lang='lat' dir='ltr'>esse</span> <span class='ocrx_word' id='word_1_43' title='bbox 1316 1083 1504 1149; x_wconf 72' lang='lat' dir='ltr'>abillis-no</span> 
     </span>
     <span class='ocr_line' id='line_1_7' title="bbox 274 1188 1505 1273; baseline -0.001 -17"><span class='ocrx_word' id='word_1_44' title='bbox 274 1192 400 1257; x_wconf 89' lang='lat' dir='ltr'>Petrus</span> <span class='ocrx_word' id='word_1_45' title='bbox 421 1201 544 1272; x_wconf 89' lang='lat' dir='ltr'>portas</span> <span class='ocrx_word' id='word_1_46' title='bbox 568 1191 658 1253; x_wconf 92' lang='lat' dir='ltr'>coeli</span> <span class='ocrx_word' id='word_1_47' title='bbox 682 1190 735 1253; x_wconf 91' lang='lat' dir='ltr'>eis</span> <span class='ocrx_word' id='word_1_48' title='bbox 759 1190 953 1269; x_wconf 80' lang='lat' dir='ltr'>clauderet,</span> <span class='ocrx_word' id='word_1_49' title='bbox 979 1188 1264 1273; x_wconf 80' lang='lat' dir='ltr'>quandoquidem</span> <span class='ocrx_word' id='word_1_50' title='bbox 1285 1192 1408 1257; x_wconf 87' lang='lat' dir='ltr'>claves</span> <span class='ocrx_word' id='word_1_51' title='bbox 1428 1190 1505 1272; x_wconf 85' lang='lat' dir='ltr'>ejus</span> 
     </span>
     <span class='ocr_line' id='line_1_8' title="bbox 271 1299 1155 1363; baseline -0.001 0"><span class='ocrx_word' id='word_1_52' title='bbox 271 1299 439 1363; x_wconf 84' lang='lat' dir='ltr'>babebat.</span> <span class='ocrx_word' id='word_1_53' title='bbox 1151 1324 1155 1329; x_wconf 94' lang='lat'><em>·</em></span> 
     </span>
    </p>

    <p class='ocr_par' dir='ltr' id='par_1_4' title="bbox 270 1404 1566 1805">
     <span class='ocr_line' id='line_1_9' title="bbox 277 1404 1506 1486; baseline 0.005 -17"><span class='ocrx_word' id='word_1_54' title='bbox 277 1442 282 1448; x_wconf 89' lang='lat'>-</span> <span class='ocrx_word' id='word_1_55' title='bbox 336 1406 425 1469; x_wconf 88' lang='grc'>1951.</span> <span class='ocrx_word' id='word_1_56' title='bbox 468 1405 512 1469; x_wconf 89' lang='lat' dir='ltr'>Et</span> <span class='ocrx_word' id='word_1_57' title='bbox 527 1407 576 1470; x_wconf 92' lang='lat' dir='ltr'>ita</span> <span class='ocrx_word' id='word_1_58' title='bbox 591 1404 766 1486; x_wconf 85' lang='lat' dir='ltr'>achina</span> <span class='ocrx_word' id='word_1_59' title='bbox 781 1404 946 1468; x_wconf 84' lang='lat' dir='ltr'>recessit:</span> <span class='ocrx_word' id='word_1_60' title='bbox 962 1413 997 1467; x_wconf 89' lang='lat' dir='ltr'>et</span> <span class='ocrx_word' id='word_1_61' title='bbox 1012 1404 1228 1485; x_wconf 77' lang='lat' dir='ltr'>simulatque</span> <span class='ocrx_word' id='word_1_62' title='bbox 1247 1406 1506 1475; x_wconf 70' lang='lat' dir='ltr'>munitum</span> 
     </span>
     <span class='ocr_line' id='line_1_10' title="bbox 272 1510 1566 1593; baseline 0 -14"><span class='ocrx_word' id='word_1_63' title='bbox 272 1514 486 1591; x_wconf 87' lang='lat' dir='ltr'>celebravit,</span> <span class='ocrx_word' id='word_1_64' title='bbox 506 1513 650 1593; x_wconf 88' lang='lat' dir='ltr'>quidam</span> <span class='ocrx_word' id='word_1_65' title='bbox 669 1513 727 1576; x_wconf 91' lang='lat' dir='ltr'>vir</span> <span class='ocrx_word' id='word_1_66' title='bbox 748 1512 939 1593; x_wconf 89' lang='lat' dir='ltr'>primarius</span> <span class='ocrx_word' id='word_1_67' title='bbox 960 1528 1005 1575; x_wconf 85' lang='lat' dir='ltr'>ex</span> <span class='ocrx_word' id='word_1_68' title='bbox 1024 1511 1157 1575; x_wconf 81' lang='lat' dir='ltr'>familia</span> <span class='ocrx_word' id='word_1_69' title='bbox 1180 1510 1337 1593; x_wconf 81' lang='lat' dir='ltr'>Reginae</span> <span class='ocrx_word' id='word_1_70' title='bbox 1356 1512 1402 1575; x_wconf 91' lang='lat' dir='ltr'>ad</span> <span class='ocrx_word' id='word_1_71' title='bbox 1423 1531 1504 1579; x_wconf 87' lang='lat' dir='ltr'>eum</span> <span class='ocrx_word' id='word_1_72' title='bbox 1563 1516 1566 1523; x_wconf 81' lang='grc'>’</span> 
     </span>
     <span class='ocr_line' id='line_1_11' title="bbox 270 1618 1504 1713; baseline 0.002 -28"><span class='ocrx_word' id='word_1_73' title='bbox 270 1622 436 1713; x_wconf 83' lang='lat' dir='ltr'>accessit,</span> <span class='ocrx_word' id='word_1_74' title='bbox 452 1631 487 1683; x_wconf 93' lang='lat' dir='ltr'>et</span> <span class='ocrx_word' id='word_1_75' title='bbox 501 1618 577 1699; x_wconf 88' lang='lat' dir='ltr'>ejus</span> <span class='ocrx_word' id='word_1_76' title='bbox 590 1620 734 1683; x_wconf 87' lang='lat' dir='ltr'>nornine</span> <span class='ocrx_word' id='word_1_77' title='bbox 747 1620 839 1683; x_wconf 88' lang='lat' dir='ltr'>duas</span> <span class='ocrx_word' id='word_1_78' title='bbox 850 1636 995 1699; x_wconf 87' lang='lat' dir='ltr'>vaccas,</span> <span class='ocrx_word' id='word_1_79' title='bbox 1011 1629 1046 1683; x_wconf 92' lang='lat' dir='ltr'>ct</span> <span class='ocrx_word' id='word_1_80' title='bbox 1059 1622 1208 1685; x_wconf 90' lang='lat' dir='ltr'>multum</span> <span class='ocrx_word' id='word_1_81' title='bbox 1222 1620 1330 1699; x_wconf 84' lang='lat' dir='ltr'>panis</span> <span class='ocrx_word' id='word_1_82' title='bbox 1340 1622 1443 1699; x_wconf 88' lang='lat' dir='ltr'>cocti,</span> <span class='ocrx_word' id='word_1_83' title='bbox 1460 1640 1504 1687; x_wconf 86' lang='lat' dir='ltr'>ao</span> 
     </span>
     <span class='ocr_line' id='line_1_12' title="bbox 271 1725 901 1805; baseline -0.006 -12"><span class='ocrx_word' id='word_1_84' title='bbox 271 1728 388 1793; x_wconf 89' lang='lat' dir='ltr'>mellis</span> <span class='ocrx_word' id='word_1_85' title='bbox 401 1744 448 1791; x_wconf 81' lang='lat' dir='ltr'>ex</span> <span class='ocrx_word' id='word_1_86' title='bbox 462 1727 546 1790; x_wconf 89' lang='lat' dir='ltr'>vino</span> <span class='ocrx_word' id='word_1_87' title='bbox 560 1726 728 1805; x_wconf 86' lang='lat' dir='ltr'>consecti,</span> <span class='ocrx_word' id='word_1_88' title='bbox 744 1726 777 1790; x_wconf 94' lang='lat' dir='ltr'>ei</span> <span class='ocrx_word' id='word_1_89' title='bbox 792 1725 901 1789; x_wconf 87' lang='lat' dir='ltr'>dedit.</span> 
     </span>
    </p>

    <p class='ocr_par' dir='ltr' id='par_1_5' title="bbox 267 1833 1504 3294">
     <span class='ocr_line' id='line_1_13' title="bbox 335 1833 1503 1916; baseline 0.002 -16"><span class='ocrx_word' id='word_1_90' title='bbox 335 1836 424 1900; x_wconf 82' lang='grc'>1852.</span> <span class='ocrx_word' id='word_1_91' title='bbox 467 1833 552 1897; x_wconf 91' lang='lat' dir='ltr'>Post</span> <span class='ocrx_word' id='word_1_92' title='bbox 565 1850 700 1914; x_wconf 90' lang='lat' dir='ltr'>paucos</span> <span class='ocrx_word' id='word_1_93' title='bbox 720 1834 796 1897; x_wconf 88' lang='lat' dir='ltr'>dies</span> <span class='ocrx_word' id='word_1_94' title='bbox 814 1844 936 1897; x_wconf 84' lang='lat' dir='ltr'>castra</span> <span class='ocrx_word' id='word_1_95' title='bbox 950 1834 1063 1897; x_wconf 90' lang='lat' dir='ltr'>movit</span> <span class='ocrx_word' id='word_1_96' title='bbox 1079 1833 1170 1914; x_wconf 85' lang='lat' dir='ltr'>Rex,</span> <span class='ocrx_word' id='word_1_97' title='bbox 1188 1852 1297 1916; x_wconf 83' lang='lat' dir='ltr'>quem</span> <span class='ocrx_word' id='word_1_98' title='bbox 1312 1838 1425 1901; x_wconf 84' lang='lat' dir='ltr'>nostri</span> <span class='ocrx_word' id='word_1_99' title='bbox 1447 1856 1503 1902; x_wconf 83' lang='lat' dir='ltr'>eo-</span> 
     </span>
     <span class='ocr_line' id='line_1_14' title="bbox 271 1940 1503 2025; baseline 0.002 -17"><span class='ocrx_word' id='word_1_100' title='bbox 271 1944 387 2008; x_wconf 88' lang='lat' dir='ltr'>mitati</span> <span class='ocrx_word' id='word_1_101' title='bbox 404 1952 499 2020; x_wconf 92' lang='lat' dir='ltr'>sunt,</span> <span class='ocrx_word' id='word_1_102' title='bbox 520 1950 555 2005; x_wconf 88' lang='lat' dir='ltr'>et</span> <span class='ocrx_word' id='word_1_103' title='bbox 574 1941 639 2005; x_wconf 89' lang='lat' dir='ltr'>sub</span> <span class='ocrx_word' id='word_1_104' title='bbox 664 1940 819 2021; x_wconf 91' lang='lat' dir='ltr'>quodam</span> <span class='ocrx_word' id='word_1_105' title='bbox 844 1942 997 2004; x_wconf 91' lang='lat' dir='ltr'>tentorio</span> <span class='ocrx_word' id='word_1_106' title='bbox 1018 1942 1131 2005; x_wconf 89' lang='lat' dir='ltr'>altare</span> <span class='ocrx_word' id='word_1_107' title='bbox 1150 1952 1350 2022; x_wconf 83' lang='lat' dir='ltr'>erexerunt,</span> <span class='ocrx_word' id='word_1_108' title='bbox 1376 1945 1412 2007; x_wconf 89' lang='lat' dir='ltr'>in</span> <span class='ocrx_word' id='word_1_109' title='bbox 1434 1962 1503 2025; x_wconf 88' lang='lat' dir='ltr'>quo</span> 
     </span>
     <span class='ocr_line' id='line_1_15' title="bbox 272 2047 1502 2129; baseline 0.002 -14"><span class='ocrx_word' id='word_1_110' title='bbox 272 2051 420 2115; x_wconf 82' lang='lat' dir='ltr'>Missam</span> <span class='ocrx_word' id='word_1_111' title='bbox 441 2049 672 2113; x_wconf 86' lang='lat' dir='ltr'>celebrarent.</span> <span class='ocrx_word' id='word_1_112' title='bbox 698 2047 846 2111; x_wconf 79' lang='lat' dir='ltr'>loitres</span> <span class='ocrx_word' id='word_1_113' title='bbox 868 2049 1034 2112; x_wconf 91' lang='lat' dir='ltr'>monachi</span> <span class='ocrx_word' id='word_1_114' title='bbox 1060 2049 1175 2129; x_wconf 89' lang='lat' dir='ltr'>ipsum</span> <span class='ocrx_word' id='word_1_115' title='bbox 1200 2049 1385 2127; x_wconf 88' lang='lat' dir='ltr'>adierunt,</span> <span class='ocrx_word' id='word_1_116' title='bbox 1411 2052 1502 2117; x_wconf 87' lang='lat' dir='ltr'>inter</span> 
     </span>
     <span class='ocr_line' id='line_1_16' title="bbox 268 2153 1504 2239; baseline 0.002 -18"><span class='ocrx_word' id='word_1_117' title='bbox 268 2175 360 2239; x_wconf 91' lang='lat' dir='ltr'>quos</span> <span class='ocrx_word' id='word_1_118' title='bbox 374 2174 466 2221; x_wconf 91' lang='lat' dir='ltr'>unus</span> <span class='ocrx_word' id='word_1_119' title='bbox 480 2167 569 2233; x_wconf 90' lang='lat' dir='ltr'>erat,</span> <span class='ocrx_word' id='word_1_120' title='bbox 585 2156 646 2237; x_wconf 92' lang='lat' dir='ltr'>qui</span> <span class='ocrx_word' id='word_1_121' title='bbox 660 2156 748 2219; x_wconf 90' lang='lat' dir='ltr'>satis</span> <span class='ocrx_word' id='word_1_122' title='bbox 769 2164 935 2219; x_wconf 90' lang='lat' dir='ltr'>versatus</span> <span class='ocrx_word' id='word_1_123' title='bbox 956 2153 1073 2220; x_wconf 87' lang='lat' dir='ltr'>luerat</span> <span class='ocrx_word' id='word_1_124' title='bbox 1094 2157 1135 2221; x_wconf 88' lang='lat' dir='ltr'>in</span> <span class='ocrx_word' id='word_1_125' title='bbox 1146 2156 1268 2224; x_wconf 88' lang='lat' dir='ltr'>Sacris</span> <span class='ocrx_word' id='word_1_126' title='bbox 1283 2158 1444 2237; x_wconf 76' lang='lat' dir='ltr'>LitteriS,</span> <span class='ocrx_word' id='word_1_127' title='bbox 1468 2169 1504 2223; x_wconf 90' lang='lat' dir='ltr'>et</span> 
     </span>
     <span class='ocr_line' id='line_1_17' title="bbox 272 2262 1503 2346; baseline 0.001 -17"><span class='ocrx_word' id='word_1_128' title='bbox 272 2282 336 2345; x_wconf 90' lang='lat' dir='ltr'>per</span> <span class='ocrx_word' id='word_1_129' title='bbox 363 2263 553 2346; x_wconf 85' lang='lat' dir='ltr'>quemdam</span> <span class='ocrx_word' id='word_1_130' title='bbox 578 2263 770 2326; x_wconf 89' lang='lat' dir='ltr'>lusitanum</span> <span class='ocrx_word' id='word_1_131' title='bbox 796 2262 933 2326; x_wconf 90' lang='lat' dir='ltr'>aditum</span> <span class='ocrx_word' id='word_1_132' title='bbox 958 2262 1025 2327; x_wconf 92' lang='lat' dir='ltr'>sibi</span> <span class='ocrx_word' id='word_1_133' title='bbox 1049 2276 1264 2345; x_wconf 87' lang='lat' dir='ltr'>paraverat,</span> <span class='ocrx_word' id='word_1_134' title='bbox 1294 2275 1332 2330; x_wconf 91' lang='lat' dir='ltr'>ut</span> <span class='ocrx_word' id='word_1_135' title='bbox 1360 2266 1503 2331; x_wconf 88' lang='lat' dir='ltr'>Patrem</span> 
     </span>
     <span class='ocr_line' id='line_1_18' title="bbox 269 2370 1502 2454; baseline 0 -18"><span class='ocrx_word' id='word_1_136' title='bbox 269 2371 467 2437; x_wconf 87' lang='lat' dir='ltr'>Gonzalum</span> <span class='ocrx_word' id='word_1_137' title='bbox 484 2372 732 2451; x_wconf 87' lang='lat' dir='ltr'>alloqueretur,</span> <span class='ocrx_word' id='word_1_138' title='bbox 749 2378 784 2433; x_wconf 89' lang='lat' dir='ltr'>et</span> <span class='ocrx_word' id='word_1_139' title='bbox 799 2370 916 2451; x_wconf 89' lang='lat' dir='ltr'>coepit</span> <span class='ocrx_word' id='word_1_140' title='bbox 931 2370 1049 2434; x_wconf 87' lang='lat' dir='ltr'>dicere</span> <span class='ocrx_word' id='word_1_141' title='bbox 1064 2382 1187 2436; x_wconf 91' lang='lat' dir='ltr'>nostra</span> <span class='ocrx_word' id='word_1_142' title='bbox 1208 2374 1277 2453; x_wconf 93' lang='lat' dir='ltr'>ipsi</span> <span class='ocrx_word' id='word_1_143' title='bbox 1296 2373 1401 2437; x_wconf 88' lang='lat' dir='ltr'>valde</span> <span class='ocrx_word' id='word_1_144' title='bbox 1422 2390 1502 2454; x_wconf 90' lang='lat' dir='ltr'>pro·</span> 
     </span>
     <span class='ocr_line' id='line_1_19' title="bbox 270 2477 1502 2559; baseline 0 -16"><span class='ocrx_word' id='word_1_145' title='bbox 270 2480 366 2558; x_wconf 91' lang='lat' dir='ltr'>bari,</span> <span class='ocrx_word' id='word_1_146' title='bbox 388 2490 637 2559; x_wconf 83' lang='lat' dir='ltr'>praeterquam</span> <span class='ocrx_word' id='word_1_147' title='bbox 656 2477 750 2559; x_wconf 92' lang='lat' dir='ltr'>quod</span> <span class='ocrx_word' id='word_1_148' title='bbox 769 2477 957 2540; x_wconf 90' lang='lat' dir='ltr'>sabbatum</span> <span class='ocrx_word' id='word_1_149' title='bbox 976 2494 1048 2541; x_wconf 92' lang='lat' dir='ltr'>non</span> <span class='ocrx_word' id='word_1_150' title='bbox 1067 2478 1312 2559; x_wconf 64' lang='lat' dir='ltr'>observamus</span> <span class='ocrx_word' id='word_1_151' title='bbox 1334 2487 1368 2543; x_wconf 92' lang='lat' dir='ltr'>et</span> <span class='ocrx_word' id='word_1_152' title='bbox 1393 2496 1502 2544; x_wconf 87' lang='lat' dir='ltr'>carne</span> 
     </span>
     <span class='ocr_line' id='line_1_20' title="bbox 271 2582 1502 2668; baseline -0.001 -18"><span class='ocrx_word' id='word_1_153' title='bbox 271 2587 372 2668; x_wconf 89' lang='lat' dir='ltr'>porci</span> <span class='ocrx_word' id='word_1_154' title='bbox 386 2604 429 2648; x_wconf 92' lang='lat' dir='ltr'>ac</span> <span class='ocrx_word' id='word_1_155' title='bbox 443 2586 574 2666; x_wconf 87' lang='lat' dir='ltr'>leporis</span> <span class='ocrx_word' id='word_1_156' title='bbox 588 2584 777 2648; x_wconf 89' lang='lat' dir='ltr'>vescimur:</span> <span class='ocrx_word' id='word_1_157' title='bbox 794 2582 857 2646; x_wconf 89' lang='lat' dir='ltr'>sed</span> <span class='ocrx_word' id='word_1_158' title='bbox 872 2600 954 2648; x_wconf 92' lang='lat' dir='ltr'>cum</span> <span class='ocrx_word' id='word_1_159' title='bbox 969 2585 1143 2648; x_wconf 90' lang='lat' dir='ltr'>rationem</span> <span class='ocrx_word' id='word_1_160' title='bbox 1158 2585 1341 2666; x_wconf 91' lang='lat' dir='ltr'>utriusque</span> <span class='ocrx_word' id='word_1_161' title='bbox 1356 2585 1393 2650; x_wconf 90' lang='lat' dir='ltr'>P.</span> <span class='ocrx_word' id='word_1_162' title='bbox 1408 2584 1502 2651; x_wconf 91' lang='lat' dir='ltr'>Gon·</span> 
     </span>
     <span class='ocr_line' id='line_1_21' title="bbox 272 2690 1503 2772; baseline -0.002 -13"><span class='ocrx_word' id='word_1_163' title='bbox 272 2696 371 2759; x_wconf 87' lang='lat' dir='ltr'>zalus</span> <span class='ocrx_word' id='word_1_164' title='bbox 386 2693 417 2757; x_wconf 90' lang='lat' dir='ltr'>ei</span> <span class='ocrx_word' id='word_1_165' title='bbox 433 2692 658 2770; x_wconf 89' lang='lat' dir='ltr'>reddidisset,</span> <span class='ocrx_word' id='word_1_166' title='bbox 679 2709 751 2758; x_wconf 91' lang='lat' dir='ltr'>non</span> <span class='ocrx_word' id='word_1_167' title='bbox 769 2693 883 2755; x_wconf 92' lang='lat' dir='ltr'>solum</span> <span class='ocrx_word' id='word_1_168' title='bbox 905 2690 1129 2756; x_wconf 86' lang='lat' dir='ltr'>satisfactum</span> <span class='ocrx_word' id='word_1_169' title='bbox 1148 2705 1218 2772; x_wconf 88' lang='lat' dir='ltr'>est,</span> <span class='ocrx_word' id='word_1_170' title='bbox 1242 2694 1302 2758; x_wconf 89' lang='lat' dir='ltr'>sed</span> <span class='ocrx_word' id='word_1_171' title='bbox 1326 2692 1503 2760; x_wconf 80' lang='lat' dir='ltr'>fatebatur</span> 
     </span>
     <span class='ocr_line' id='line_1_22' title="bbox 272 2798 1500 2881; baseline 0 -15"><span class='ocrx_word' id='word_1_172' title='bbox 272 2801 418 2866; x_wconf 89' lang='lat' dir='ltr'>Ordinis</span> <span class='ocrx_word' id='word_1_173' title='bbox 435 2801 490 2864; x_wconf 91' lang='lat' dir='ltr'>sui</span> <span class='ocrx_word' id='word_1_174' title='bbox 511 2799 708 2879; x_wconf 68' lang='lat' dir='ltr'>religiosos</span> <span class='ocrx_word' id='word_1_175' title='bbox 736 2799 796 2879; x_wconf 92' lang='lat' dir='ltr'>qui</span> <span class='ocrx_word' id='word_1_176' title='bbox 820 2799 884 2862; x_wconf 90' lang='lat' dir='ltr'>sub</span> <span class='ocrx_word' id='word_1_177' title='bbox 910 2799 1013 2863; x_wconf 90' lang='lat' dir='ltr'>titulo</span> <span class='ocrx_word' id='word_1_178' title='bbox 1039 2798 1078 2862; x_wconf 88' lang='lat' dir='ltr'>B.</span> <span class='ocrx_word' id='word_1_179' title='bbox 1106 2799 1268 2881; x_wconf 86' lang='lat' dir='ltr'>Virginis</span> <span class='ocrx_word' id='word_1_180' title='bbox 1289 2801 1500 2879; x_wconf 89' lang='lat' dir='ltr'>militabant,</span> 
     </span>
     <span class='ocr_line' id='line_1_23' title="bbox 272 2905 1500 2991; baseline -0.001 -17"><span class='ocrx_word' id='word_1_181' title='bbox 272 2909 466 2991; x_wconf 90' lang='lat' dir='ltr'>antiquitus</span> <span class='ocrx_word' id='word_1_182' title='bbox 489 2907 703 2970; x_wconf 89' lang='lat' dir='ltr'>adversatos</span> <span class='ocrx_word' id='word_1_183' title='bbox 727 2905 835 2969; x_wconf 82' lang='lat' dir='ltr'>tuisse</span> <span class='ocrx_word' id='word_1_184' title='bbox 860 2907 923 2981; x_wconf 90' lang='lat' dir='ltr'>eis,</span> <span class='ocrx_word' id='word_1_185' title='bbox 950 2909 1009 2987; x_wconf 92' lang='lat' dir='ltr'>qui</span> <span class='ocrx_word' id='word_1_186' title='bbox 1036 2906 1222 2970; x_wconf 89' lang='lat' dir='ltr'>sabbatum</span> <span class='ocrx_word' id='word_1_187' title='bbox 1249 2907 1500 2988; x_wconf 89' lang='lat' dir='ltr'>observabant,</span> 
     </span>
     <span class='ocr_line' id='line_1_24' title="bbox 269 3003 1501 3092; baseline -0.002 -12"><span class='ocrx_word' id='word_1_188' title='bbox 269 3016 335 3080; x_wconf 90' lang='lat' dir='ltr'>sed</span> <span class='ocrx_word' id='word_1_189' title='bbox 359 3033 463 3090; x_wconf 87' lang='lat' dir='ltr'>nunc,</span> <span class='ocrx_word' id='word_1_190' title='bbox 488 3032 532 3076; x_wconf 91' lang='lat' dir='ltr'>ne</span> <span class='ocrx_word' id='word_1_191' title='bbox 558 3013 603 3076; x_wconf 90' lang='lat' dir='ltr'>ab</span> <span class='ocrx_word' id='word_1_192' title='bbox 628 3013 708 3076; x_wconf 90' lang='lat' dir='ltr'>aliis</span> <span class='ocrx_word' id='word_1_193' title='bbox 735 3003 1090 3092; x_wconf 65' lang='lat' dir='ltr'>reprehenderentur,</span> <span class='ocrx_word' id='word_1_194' title='bbox 1114 3031 1152 3077; x_wconf 89' lang='lat' dir='ltr'>se</span> <span class='ocrx_word' id='word_1_195' title='bbox 1178 3013 1356 3078; x_wconf 88' lang='lat' dir='ltr'>custodire</span> <span class='ocrx_word' id='word_1_196' title='bbox 1378 3017 1501 3079; x_wconf 91' lang='lat' dir='ltr'>sabba·</span> 
     </span>
     <span class='ocr_line' id='line_1_25' title="bbox 267 3120 1503 3202; baseline 0 -15"><span class='ocrx_word' id='word_1_197' title='bbox 267 3134 368 3202; x_wconf 88' lang='lat' dir='ltr'>tum;</span> <span class='ocrx_word' id='word_1_198' title='bbox 394 3140 478 3185; x_wconf 93' lang='lat' dir='ltr'>nam</span> <span class='ocrx_word' id='word_1_199' title='bbox 502 3121 590 3184; x_wconf 85' lang='lat' dir='ltr'>satis</span> <span class='ocrx_word' id='word_1_200' title='bbox 615 3120 857 3200; x_wconf 82' lang='lat' dir='ltr'>intelligebant</span> <span class='ocrx_word' id='word_1_201' title='bbox 882 3137 1009 3184; x_wconf 89' lang='lat' dir='ltr'>verum</span> <span class='ocrx_word' id='word_1_202' title='bbox 1033 3121 1220 3185; x_wconf 89' lang='lat' dir='ltr'>sabbatum</span> <span class='ocrx_word' id='word_1_203' title='bbox 1249 3139 1326 3186; x_wconf 89' lang='lat' dir='ltr'>esse</span> <span class='ocrx_word' id='word_1_204' title='bbox 1357 3123 1503 3187; x_wconf 90' lang='lat' dir='ltr'>domini·</span> 
     </span>
     <span class='ocr_line' id='line_1_26' title="bbox 267 3231 479 3294; baseline -0.024 0"><span class='ocrx_word' id='word_1_205' title='bbox 267 3249 351 3294; x_wconf 92' lang='lat' dir='ltr'>cum</span> <span class='ocrx_word' id='word_1_206' title='bbox 374 3231 479 3293; x_wconf 90' lang='lat' dir='ltr'>diem.</span> 
     </span>
    </p>

    <p class='ocr_par' dir='ltr' id='par_1_6' title="bbox 265 3334 1502 4151">
     <span class='ocr_line' id='line_1_27' title="bbox 332 3334 1502 3417; baseline 0 -17"><span class='ocrx_word' id='word_1_207' title='bbox 332 3337 419 3400; x_wconf 57' lang='lat'>1933.</span> <span class='ocrx_word' id='word_1_208' title='bbox 464 3337 587 3416; x_wconf 82' lang='lat' dir='ltr'>Coepit</span> <span class='ocrx_word' id='word_1_209' title='bbox 602 3336 728 3400; x_wconf 89' lang='lat' dir='ltr'>deinde</span> <span class='ocrx_word' id='word_1_210' title='bbox 742 3353 823 3399; x_wconf 90' lang='lat' dir='ltr'>eum</span> <span class='ocrx_word' id='word_1_211' title='bbox 838 3334 1060 3414; x_wconf 84' lang='lat' dir='ltr'>interrogare</span> <span class='ocrx_word' id='word_1_212' title='bbox 1075 3334 1119 3398; x_wconf 92' lang='lat' dir='ltr'>de</span> <span class='ocrx_word' id='word_1_213' title='bbox 1133 3336 1343 3415; x_wconf 88' lang='lat' dir='ltr'>quibusdam</span> <span class='ocrx_word' id='word_1_214' title='bbox 1367 3337 1502 3417; x_wconf 91' lang='lat' dir='ltr'>opinio·</span> 
     </span>
     <span class='ocr_line' id='line_1_28' title="bbox 266 3442 1502 3524; baseline -0.002 -16"><span class='ocrx_word' id='word_1_215' title='bbox 266 3444 382 3521; x_wconf 92' lang='lat' dir='ltr'>nibus,</span> <span class='ocrx_word' id='word_1_216' title='bbox 399 3443 576 3524; x_wconf 91' lang='lat' dir='ltr'>inquibus</span> <span class='ocrx_word' id='word_1_217' title='bbox 595 3460 716 3506; x_wconf 87' lang='lat' dir='ltr'>errare</span> <span class='ocrx_word' id='word_1_218' title='bbox 736 3444 850 3505; x_wconf 90' lang='lat' dir='ltr'>solent</span> <span class='ocrx_word' id='word_1_219' title='bbox 870 3442 1047 3521; x_wconf 86' lang='lat' dir='ltr'>abyssini,</span> <span class='ocrx_word' id='word_1_220' title='bbox 1068 3459 1110 3504; x_wconf 91' lang='lat' dir='ltr'>ac</span> <span class='ocrx_word' id='word_1_221' title='bbox 1132 3443 1283 3522; x_wconf 88' lang='lat' dir='ltr'>primum</span> <span class='ocrx_word' id='word_1_222' title='bbox 1304 3459 1373 3523; x_wconf 93' lang='lat' dir='ltr'>quo</span> <span class='ocrx_word' id='word_1_223' title='bbox 1395 3443 1502 3506; x_wconf 89' lang='lat' dir='ltr'>dedu·</span> 
     </span>
     <span class='ocr_line' id='line_1_29' title="bbox 265 3547 1502 3630; baseline -0.002 -16"><span class='ocrx_word' id='word_1_224' title='bbox 265 3560 434 3614; x_wconf 87' lang='lat' dir='ltr'>cerentur</span> <span class='ocrx_word' id='word_1_225' title='bbox 448 3551 588 3613; x_wconf 87' lang='lat' dir='ltr'>animae</span> <span class='ocrx_word' id='word_1_226' title='bbox 604 3560 682 3630; x_wconf 88' lang='lat' dir='ltr'>post</span> <span class='ocrx_word' id='word_1_227' title='bbox 699 3559 863 3613; x_wconf 89' lang='lat' dir='ltr'>mortem:</span> <span class='ocrx_word' id='word_1_228' title='bbox 884 3547 1067 3627; x_wconf 91' lang='lat' dir='ltr'>respondit</span> <span class='ocrx_word' id='word_1_229' title='bbox 1090 3549 1159 3626; x_wconf 91' lang='lat' dir='ltr'>ille,</span> <span class='ocrx_word' id='word_1_230' title='bbox 1176 3549 1271 3629; x_wconf 87' lang='lat' dir='ltr'>quod</span> <span class='ocrx_word' id='word_1_231' title='bbox 1293 3548 1338 3612; x_wconf 89' lang='lat' dir='ltr'>ad</span> <span class='ocrx_word' id='word_1_232' title='bbox 1361 3549 1502 3628; x_wconf 91' lang='lat' dir='ltr'>paradi·</span> 
     </span>
     <span class='ocr_line' id='line_1_30' title="bbox 265 3654 1500 3736; baseline -0.002 -15"><span class='ocrx_word' id='word_1_233' title='bbox 265 3676 347 3721; x_wconf 87' lang='lat' dir='ltr'>sum</span> <span class='ocrx_word' id='word_1_234' title='bbox 376 3668 602 3734; x_wconf 85' lang='lat' dir='ltr'>terrestrem,</span> <span class='ocrx_word' id='word_1_235' title='bbox 637 3657 800 3736; x_wconf 91' lang='lat' dir='ltr'>quodque</span> <span class='ocrx_word' id='word_1_236' title='bbox 828 3673 899 3719; x_wconf 91' lang='lat' dir='ltr'>non</span> <span class='ocrx_word' id='word_1_237' title='bbox 928 3655 1050 3718; x_wconf 88' lang='lat' dir='ltr'>statim</span> <span class='ocrx_word' id='word_1_238' title='bbox 1083 3654 1204 3720; x_wconf 88' lang='lat' dir='ltr'>videre</span> <span class='ocrx_word' id='word_1_239' title='bbox 1234 3665 1398 3736; x_wconf 89' lang='lat' dir='ltr'>poterant</span> <span class='ocrx_word' id='word_1_240' title='bbox 1433 3655 1500 3718; x_wconf 87' lang='lat' dir='ltr'>Dei</span> 
     </span>
     <span class='ocr_line' id='line_1_31' title="bbox 266 3761 1501 3843; baseline -0.002 -15"><span class='ocrx_word' id='word_1_241' title='bbox 266 3765 470 3828; x_wconf 87' lang='lat' dir='ltr'>essentiam.</span> <span class='ocrx_word' id='word_1_242' title='bbox 487 3763 736 3842; x_wconf 82' lang='lat' dir='ltr'>Interrogavit,</span> <span class='ocrx_word' id='word_1_243' title='bbox 752 3761 905 3843; x_wconf 89' lang='lat' dir='ltr'>Spiritus</span> <span class='ocrx_word' id='word_1_244' title='bbox 919 3761 1072 3825; x_wconf 88' lang='lat' dir='ltr'>Sanctus</span> <span class='ocrx_word' id='word_1_245' title='bbox 1088 3779 1109 3824; x_wconf 91' lang='lat' dir='ltr'>a</span> <span class='ocrx_word' id='word_1_246' title='bbox 1124 3779 1194 3842; x_wconf 91' lang='lat' dir='ltr'>quo</span> <span class='ocrx_word' id='word_1_247' title='bbox 1209 3762 1432 3843; x_wconf 88' lang='lat' dir='ltr'>procederet?</span> <span class='ocrx_word' id='word_1_248' title='bbox 1447 3765 1501 3827; x_wconf 90' lang='lat' dir='ltr'>re&#39;·</span> 
     </span>
     <span class='ocr_line' id='line_1_32' title="bbox 266 3869 1501 3954; baseline -0.002 -19"><span class='ocrx_word' id='word_1_249' title='bbox 266 3872 409 3954; x_wconf 89' lang='lat' dir='ltr'>spondit</span> <span class='ocrx_word' id='word_1_250' title='bbox 425 3891 447 3934; x_wconf 92' lang='lat' dir='ltr'>a</span> <span class='ocrx_word' id='word_1_251' title='bbox 462 3870 581 3949; x_wconf 77' lang='lat' dir='ltr'>Patre,</span> <span class='ocrx_word' id='word_1_252' title='bbox 602 3869 785 3933; x_wconf 88' lang='lat' dir='ltr'>sedetiam</span> <span class='ocrx_word' id='word_1_253' title='bbox 806 3887 884 3933; x_wconf 89' lang='lat' dir='ltr'>esse</span> <span class='ocrx_word' id='word_1_254' title='bbox 899 3869 1062 3950; x_wconf 89' lang='lat' dir='ltr'>spiritum</span> <span class='ocrx_word' id='word_1_255' title='bbox 1076 3869 1173 3948; x_wconf 90' lang='lat' dir='ltr'>Filii,</span> <span class='ocrx_word' id='word_1_256' title='bbox 1189 3887 1255 3932; x_wconf 90' lang='lat' dir='ltr'>nec</span> <span class='ocrx_word' id='word_1_257' title='bbox 1277 3869 1501 3950; x_wconf 88' lang='lat' dir='ltr'>improbabat</span> 
     </span>
     <span class='ocr_line' id='line_1_33' title="bbox 265 3963 1502 4061; baseline -0.002 -18"><span class='ocrx_word' id='word_1_258' title='bbox 265 3980 361 4061; x_wconf 90' lang='lat' dir='ltr'>quod</span> <span class='ocrx_word' id='word_1_259' title='bbox 375 3979 420 4042; x_wconf 91' lang='lat' dir='ltr'>ab</span> <span class='ocrx_word' id='word_1_260' title='bbox 435 3988 584 4057; x_wconf 90' lang='lat' dir='ltr'>utroque</span> <span class='ocrx_word' id='word_1_261' title='bbox 599 3978 792 4058; x_wconf 85' lang='lat' dir='ltr'>procedere</span> <span class='ocrx_word' id='word_1_262' title='bbox 812 3977 1005 4056; x_wconf 89' lang='lat' dir='ltr'>diceretur,</span> <span class='ocrx_word' id='word_1_263' title='bbox 1022 3963 1309 4056; x_wconf 73' lang='lat' dir='ltr'>quandoquidem</span> <span class='ocrx_word' id='word_1_264' title='bbox 1330 3994 1399 4040; x_wconf 91' lang='lat' dir='ltr'>una</span> <span class='ocrx_word' id='word_1_265' title='bbox 1423 3987 1502 4041; x_wconf 91' lang='lat' dir='ltr'>erat</span> 
     </span>
     <span class='ocr_line' id='line_1_34' title="bbox 267 4085 710 4151; baseline -0.009 0"><span class='ocrx_word' id='word_1_266' title='bbox 267 4087 384 4151; x_wconf 90' lang='lat' dir='ltr'>Patris</span> <span class='ocrx_word' id='word_1_267' title='bbox 398 4097 432 4150; x_wconf 91' lang='lat' dir='ltr'>et</span> <span class='ocrx_word' id='word_1_268' title='bbox 451 4085 530 4148; x_wconf 88' lang='lat' dir='ltr'>Filii</span> <span class='ocrx_word' id='word_1_269' title='bbox 546 4085 710 4148; x_wconf 88' lang='lat' dir='ltr'>essentia.</span> 
     </span>
    </p>

    <p class='ocr_par' dir='ltr' id='par_1_7' title="bbox 263 4190 1502 4808">
     <span class='ocr_line' id='line_1_35' title="bbox 281 4190 1502 4272; baseline -0.002 -16"><span class='ocrx_word' id='word_1_270' title='bbox 281 4225 286 4232; x_wconf 93' lang='lat'><strong>·</strong></span> <span class='ocrx_word' id='word_1_271' title='bbox 329 4194 417 4256; x_wconf 85' lang='grc'>1954.</span> <span class='ocrx_word' id='word_1_272' title='bbox 460 4192 699 4272; x_wconf 86' lang='lat' dir='ltr'>Interrogavit</span> <span class='ocrx_word' id='word_1_273' title='bbox 714 4190 840 4256; x_wconf 91' lang='lat' dir='ltr'>deinde</span> <span class='ocrx_word' id='word_1_274' title='bbox 856 4190 900 4254; x_wconf 91' lang='lat' dir='ltr'>de</span> <span class='ocrx_word' id='word_1_275' title='bbox 918 4190 1143 4270; x_wconf 84' lang='lat' dir='ltr'>Purgatorio;</span> <span class='ocrx_word' id='word_1_276' title='bbox 1167 4191 1229 4254; x_wconf 90' lang='lat' dir='ltr'>sed</span> <span class='ocrx_word' id='word_1_277' title='bbox 1244 4190 1425 4254; x_wconf 89' lang='lat' dir='ltr'>nesciebat</span> <span class='ocrx_word' id='word_1_278' title='bbox 1442 4191 1502 4254; x_wconf 92' lang='lat' dir='ltr'>illc</span> 
     </span>
     <span class='ocr_line' id='line_1_36' title="bbox 264 4296 1500 4378; baseline -0.004 -13"><span class='ocrx_word' id='word_1_279' title='bbox 264 4301 311 4366; x_wconf 92' lang='lat' dir='ltr'>ab</span> <span class='ocrx_word' id='word_1_280' title='bbox 324 4301 464 4364; x_wconf 78' lang='lat' dir='ltr'>inferno</span> <span class='ocrx_word' id='word_1_281' title='bbox 479 4299 708 4378; x_wconf 85' lang='lat' dir='ltr'>distinguere,</span> <span class='ocrx_word' id='word_1_282' title='bbox 724 4308 759 4361; x_wconf 90' lang='lat' dir='ltr'>et</span> <span class='ocrx_word' id='word_1_283' title='bbox 774 4297 975 4362; x_wconf 86' lang='lat' dir='ltr'>affirmabat</span> <span class='ocrx_word' id='word_1_284' title='bbox 991 4298 1129 4362; x_wconf 89' lang='lat' dir='ltr'>animas</span> <span class='ocrx_word' id='word_1_285' title='bbox 1145 4298 1320 4362; x_wconf 91' lang='lat' dir='ltr'>malorum</span> <span class='ocrx_word' id='word_1_286' title='bbox 1335 4296 1500 4360; x_wconf 88' lang='lat' dir='ltr'>christia·</span> 
     </span>
     <span class='ocr_line' id='line_1_37' title="bbox 264 4405 1502 4485; baseline -0.005 -12"><span class='ocrx_word' id='word_1_287' title='bbox 264 4425 390 4473; x_wconf 90' lang='lat' dir='ltr'>norum</span> <span class='ocrx_word' id='word_1_288' title='bbox 411 4408 456 4472; x_wconf 91' lang='lat' dir='ltr'>ad</span> <span class='ocrx_word' id='word_1_289' title='bbox 480 4407 654 4471; x_wconf 90' lang='lat' dir='ltr'>inleruum</span> <span class='ocrx_word' id='word_1_290' title='bbox 675 4407 737 4484; x_wconf 88' lang='lat' dir='ltr'>ire,</span> <span class='ocrx_word' id='word_1_291' title='bbox 764 4415 798 4469; x_wconf 91' lang='lat' dir='ltr'>et</span> <span class='ocrx_word' id='word_1_292' title='bbox 819 4406 868 4470; x_wconf 92' lang='lat' dir='ltr'>ibi</span> <span class='ocrx_word' id='word_1_293' title='bbox 893 4422 1049 4483; x_wconf 89' lang='lat' dir='ltr'>manere,</span> <span class='ocrx_word' id='word_1_294' title='bbox 1074 4405 1186 4468; x_wconf 87' lang='lat' dir='ltr'>donec</span> <span class='ocrx_word' id='word_1_295' title='bbox 1207 4421 1329 4468; x_wconf 90' lang='lat' dir='ltr'>eorum</span> <span class='ocrx_word' id='word_1_296' title='bbox 1350 4415 1502 4485; x_wconf 86' lang='lat' dir='ltr'>peccata</span> 
     </span>
     <span class='ocr_line' id='line_1_38' title="bbox 263 4511 1502 4598; baseline -0.003 -20"><span class='ocrx_word' id='word_1_297' title='bbox 263 4525 520 4598; x_wconf 84' lang='lat' dir='ltr'>purgarentur;</span> <span class='ocrx_word' id='word_1_298' title='bbox 538 4521 572 4576; x_wconf 90' lang='lat' dir='ltr'>et</span> <span class='ocrx_word' id='word_1_299' title='bbox 586 4513 729 4577; x_wconf 90' lang='lat' dir='ltr'>tandem</span> <span class='ocrx_word' id='word_1_300' title='bbox 750 4529 873 4576; x_wconf 91' lang='lat' dir='ltr'>omnes</span> <span class='ocrx_word' id='word_1_301' title='bbox 894 4513 1092 4594; x_wconf 89' lang='lat' dir='ltr'>baptizatos</span> <span class='ocrx_word' id='word_1_302' title='bbox 1107 4513 1228 4576; x_wconf 90' lang='lat' dir='ltr'>salvos</span> <span class='ocrx_word' id='word_1_303' title='bbox 1251 4511 1339 4590; x_wconf 91' lang='lat' dir='ltr'>lore,</span> <span class='ocrx_word' id='word_1_304' title='bbox 1356 4521 1390 4575; x_wconf 91' lang='lat' dir='ltr'>et</span> <span class='ocrx_word' id='word_1_305' title='bbox 1406 4512 1502 4574; x_wconf 88' lang='lat' dir='ltr'>solos</span> 
     </span>
     <span class='ocr_line' id='line_1_39' title="bbox 263 4617 1501 4700; baseline -0.004 -14"><span class='ocrx_word' id='word_1_306' title='bbox 263 4621 423 4686; x_wconf 88' lang='lat' dir='ltr'>infideles</span> <span class='ocrx_word' id='word_1_307' title='bbox 448 4623 484 4684; x_wconf 92' lang='lat' dir='ltr'>in</span> <span class='ocrx_word' id='word_1_308' title='bbox 505 4620 643 4684; x_wconf 78' lang='lat' dir='ltr'>inferno</span> <span class='ocrx_word' id='word_1_309' title='bbox 667 4636 871 4698; x_wconf 88' lang='lat' dir='ltr'>mansuros;</span> <span class='ocrx_word' id='word_1_310' title='bbox 899 4630 933 4682; x_wconf 90' lang='lat' dir='ltr'>et</span> <span class='ocrx_word' id='word_1_311' title='bbox 957 4619 1131 4700; x_wconf 91' lang='lat' dir='ltr'>probabat</span> <span class='ocrx_word' id='word_1_312' title='bbox 1155 4637 1200 4682; x_wconf 86' lang='lat' dir='ltr'>ex</span> <span class='ocrx_word' id='word_1_313' title='bbox 1223 4618 1343 4684; x_wconf 91' lang='lat' dir='ltr'>verbis</span> <span class='ocrx_word' id='word_1_314' title='bbox 1370 4617 1501 4686; x_wconf 86' lang='lat' dir='ltr'>Christi</span> 
     </span>
     <span class='ocr_line' id='line_1_40' title="bbox 266 4724 1502 4808; baseline -0.002 -16"><span class='ocrx_word' id='word_1_315' title='bbox 266 4729 352 4808; x_wconf 82' lang='lat' dir='ltr'>“qui</span> <span class='ocrx_word' id='word_1_316' title='bbox 363 4727 566 4806; x_wconf 72' lang='lat' dir='ltr'>credrderit,</span> <span class='ocrx_word' id='word_1_317' title='bbox 581 4731 614 4790; x_wconf 85' lang='lat' dir='ltr'>ei</span> <span class='ocrx_word' id='word_1_318' title='bbox 630 4727 838 4807; x_wconf 76' lang='lat' dir='ltr'>baptt&#39;zatus</span> <span class='ocrx_word' id='word_1_319' title='bbox 845 4725 982 4806; x_wconf 83' lang='lat' dir='ltr'>fuerit,</span> <span class='ocrx_word' id='word_1_320' title='bbox 996 4725 1126 4790; x_wconf 86' lang='lat' dir='ltr'>salvus</span> <span class='ocrx_word' id='word_1_321' title='bbox 1140 4725 1227 4790; x_wconf 78' lang='lat' dir='ltr'>erit:</span> <span class='ocrx_word' id='word_1_322' title='bbox 1246 4724 1310 4806; x_wconf 82' lang='lat' dir='ltr'>qui</span> <span class='ocrx_word' id='word_1_323' title='bbox 1328 4739 1502 4789; x_wconf 78' lang='lat' dir='ltr'>veronen</span> 
     </span>
    </p>
   </div>
   <div class='ocr_carea' id='block_1_3' title="bbox 0 0 1864 5400">
    <p class='ocr_par' dir='ltr' id='par_1_8' title="bbox 0 0 1864 5400">
     <span class='ocr_line' id='line_1_41' title="bbox 0 0 1864 5400; baseline 0 1"><span class='ocrx_word' id='word_1_324' title='bbox 0 0 1864 5400; x_wconf 95' lang='lat' dir='ltr'> </span> 
     </span>
    </p>
   </div>
  </div>
 </body>
</html>
