3717 5400
395 476 451 535 514
855 478 982 539 Canna.
1008 478 1083 538 Soc.
1110 479 1179 553 Jas.

460 620 547 684 1400.
591 622 703 687 Erant
718 637 836 689 autem
852 624 971 705 aliqui,
988 625 1048 704 qui
1062 640 1197 704 augere
1211 624 1421 705 temporalia
1439 624 1534 687 bona
1556 624 1631 686 col·

396 730 480 808 legii
504 730 618 793 nostri
643 730 851 809 voluissent,
879 731 909 794 si
935 732 1054 811 plures
1075 748 1120 794 ex
1140 730 1273 794 nostris
1293 730 1423 793 ibidem
1438 729 1627 793 vidissent.

396 834 533 900 Horum
549 837 733 901 desideriis
748 855 793 901 ex
807 848 908 918 parte
923 838 1145 902 satisfactum
1161 848 1216 902 est
1228 855 1310 901 cum
1325 838 1362 901 P.
1377 837 1620 913 Provincialis,

394 942 547 1008 Michael
557 945 599 1008 de
608 943 749 1024 TorreS,
760 945 864 1009 simul
876 963 958 1009 cum
970 945 1007 1008 P.
1016 944 1160 1023 Basili0,
1170 946 1259 1009 alias
1266 944 1375 1009 Avila
1389 945 1410 1022 ¹,
1424 944 1619 1009 Granatam

394 1051 491 1115 venit
503 1051 571 1115 hac
583 1052 661 1133 ipsa
672 1062 820 1133 aestate,
832 1061 867 1117 et
882 1070 1013 1132 magna
1026 1054 1131 1134 plane
1145 1054 1386 1117 consolatione
1400 1054 1521 1115 urbem
1536 1051 1619 1115 aile-

394 1132 528 1237 ceru‘nt,
546 1178 589 1225 ac
610 1162 801 1243 praecipue
820 1160 1151 1241 Archiepiscopum,
1168 1170 1203 1223 et
1222 1160 1485 1224 ecclesiasticos
1500 1159 1619 1222 cathe-

392 1272 501 1343 dralis
527 1270 711 1345 ecclesiae,
735 1279 770 1332 et
795 1268 963 1332 basilicae
985 1269 1106 1346 regiae
1122 1267 1145 1345 ¹,
1161 1278 1196 1331 et
1213 1267 1386 1332 Comitem
1403 1265 1626 1345 Tendillae⁸,

391 1378 612 1458 praefectum
626 1375 648 1451 ⁴,
666 1392 746 1439 cum
761 1375 905 1455 reliquis
920 1375 1112 1453 nobilibus;
1129 1385 1165 1438 et
1180 1374 1365 1438 invisendo
1380 1375 1541 1437 eumdem
1556 1372 1619 1437 Pa·

390 1493 480 1548 trem
492 1484 764 1561 Provincialem,
779 1483 873 1546 hanc
884 1483 994 1545 animi
1004 1483 1060 1545 sui
1071 1482 1287 1545 hilaritatem
1298 1499 1384 1561 prae
1395 1499 1434 1545 se
1445 1480 1617 1545 serebant.

388 1591 485 1656 Inter
500 1609 590 1672 quos
604 1591 670 1654 suit
685 1590 875 1671 Inquisitor
886 1598 921 1652 et
933 1590 1200 1670 capellanorum
1211 1590 1391 1668 regiorum
1403 1588 1614 1669 praefectam,

390 1708 424 1761 et
444 1698 688 1763 universitatis
707 1705 825 1760 rector
844 1706 878 1759 et
898 1696 1102 1775 collegiales
1116 1696 1273 1759 omnium
1292 1695 1539 1773 collegiorum3
1555 1694 1617 1775 qui

389 1822 511 1869 omnes
525 1805 663 1885 gratias
678 1804 832 1883 agebant
848 1801 925 1866 Deo
938 1804 1114 1867 maximas
1125 1803 1219 1883 quod
1232 1801 1445 1867 Societatem
1457 1813 1623 1866 nostram.

388 1910 585 1977 Granatam
602 1911 823 1987 adduxisset;
840 1919 875 1972 et
889 1910 981 1973 haec
1000 1910 1158 1973 omnium
1177 1918 1333 1972 statuum
1354 1909 1616 1988 congratulatio

386 2021 465 2083 visa
481 2028 534 2082 est
549 2019 646 2082 Patri
660 2016 876 2081 Provinciali
891 2016 1129 2081 testimonium
1144 2032 1313 2095 magnum
1332 2015 1612 2079 benevolentiae:

388 2137 423 2190 et
438 2126 508 2190 alia
523 2127 558 2190 id
572 2142 688 2206 genus
702 2125 944 2204 considerans
966 2125 1101 2187 nullum
1122 2140 1160 2187 se
1183 2124 1315 2187 vidisse
1336 2125 1506 2204 populum
1524 2121 1613 2185 affir-

390 2234 521 2311 mabat,
539 2233 598 2313 qui
613 2242 686 2295 tam
701 2232 860 2295 unanimi
874 2247 1051 2295 consensu
1062 2230 1106 2293 de
1117 2227 1295 2293 Societate
1306 2240 1427 2293 nostra
1440 2239 1513 2293 tam
1524 2230 1613 2293 bene

386 2341 545 2419 sentiret;
561 2357 644 2403 nam
660 2340 720 2419 qui
734 2337 931 2402 eruditione
946 2345 981 2401 et
994 2337 1178 2402 nobilitate
1200 2337 1351 2401 caeteris
1370 2338 1612 2417 praestabant,

383 2446 600 2513 Societatem
616 2447 722 2509 etiam
737 2462 823 2525 prae
837 2444 988 2508 caeteris
1003 2444 1176 2520 colebant,
1194 2452 1228 2507 et
1243 2444 1287 2507 de
1304 2442 1496 2507 Societatis
1515 2462 1619 2507 exer·-

383 2554 476 2619 citiis
490 2555 541 2617 sic
556 2552 765 2630 sentiebant,
782 2562 820 2615 ut
834 2552 890 2615 vir
905 2551 1060 2632 quidam,
1072 2552 1273 2615 litterarum
1284 2560 1319 2614 et
1329 2552 1501 2615 virtutum
1512 2569 1614 2615 orna·

380 2662 510 2727 mentis
522 2661 651 2738 claruS,
666 2660 794 2724 dixerit
806 2659 900 2742 quod
912 2658 1209 2741 quemadmodum
1221 2659 1372 2740 apostoli
1383 2660 1420 2722 in
1431 2659 1611 2739 primitiva

380 2769 541 2838 Ecclesia
556 2770 767 2833 documenta
782 2767 959 2848 quaedam
973 2767 1163 2846 habebant,
1177 2766 1303 2846 quibus
1313 2767 1474 2830 homines
1485 2767 1532 2829 ad
1542 2766 1611 2830 Dei

381 2878 515 2941 cultum
530 2877 723 2955 allicerent,
737 2876 786 2939 ita
799 2875 962 2939 eumdem
972 2874 1137 2955 spiritum
1151 2874 1340 2938 tradidisse
1354 2874 1537 2938 Exercitia
1548 2873 1610 2938 So·

380 2983 512 3062 cietati,
530 2984 656 3064 quibus
671 2983 832 3046 homines
854 2982 900 3045 ad
919 2999 1021 3044 suam
1043 2982 1194 3045 salutem
1216 2982 1411 3045 curandam
1433 2991 1468 3045 et
1482 2996 1615 3045 conse·-

377 3090 553 3172 quendam
565 3089 777 3170 juvarentur
790 3086 813 3154 ⁸.

439 3196 527 3261 1401.
571 3197 629 3262 Ad
653 3198 804 3278 primam
830 3196 1054 3273 concionem,
1085 3213 1192 3276 quam
1221 3195 1258 3258 P.
1289 3195 1443 3260 Basilius
1471 3198 1612 3276 habuit,

376 3305 477 3369 multi
493 3323 537 3368 ex
553 3304 667 3368 doctis
681 3303 881 3367 hominibus
896 3301 972 3383 ejus
986 3303 1232 3367 universitatis
1246 3313 1281 3366 et
1296 3321 1342 3366 ex
1357 3304 1448 3382 aliiS,
1465 3305 1524 3384 qni
1538 3305 1605 3384 pri·

375 3429 453 3476 mas
468 3412 505 3476 in
519 3412 666 3475 civitate
680 3411 870 3489 habebant,
895 3409 1141 3474 interfuerunt.
1163 3409 1246 3474 Fuit
1263 3409 1355 3474 inter
1377 3412 1467 3475 alios
1485 3421 1521 3475 et
1542 3411 1607 3476 Ar·

375 3518 636 3600 chiepiscopus,
662 3517 719 3580 cui
737 3533 956 3597 magnopere
978 3517 1103 3580 concio
1126 3517 1268 3597 placuit.
1291 3515 1476 3581 Secundae
1499 3517 1607 3582 etiam

373 3625 466 3690 idem
480 3625 649 3702 interfuit,
667 3642 758 3706 quae
770 3625 864 3704 apud
877 3621 943 3688 sa
962 3623 1106 3687 Annam
1118 3621 1130 3654 ⁰
1140 3623 1262 3687 habita
1274 3632 1339 3688 est.
1353 3623 1476 3705 Populi
1487 3634 1606 3689 autem

372 3749 503 3813 magna
522 3735 666 3796 omnino
682 3731 868 3795 multitudo
883 3731 1045 3795 eumdem
1059 3732 1160 3812 sequi
1174 3732 1302 3813 coepit,
1318 3741 1354 3795 et
1367 3741 1442 3796 tota
1456 3733 1531 3796 lere
1544 3750 1611 3797 no*

373 3839 507 3915 bilitas,
526 3848 560 3902 et
575 3839 739 3918 quamvis
758 3839 815 3901 ille
838 3837 881 3904 ob
903 3846 1053 3919 peccata
1071 3839 1233 3919 graviter
1254 3839 1467 3920 increparet,
1488 3849 1524 3904 et
1541 3840 1610 3904 im*

373 3947 552 4010 modicum
567 3947 720 4009 vestium
739 3947 872 4010 cultum
893 3945 985 4010 inter
1007 3955 1150 4010 caetera
1170 3937 1458 4026 reprehenderet,
1478 3963 1606 4029 perge·

369 4053 455 4117 bant
471 4053 699 4116 nihilominus
715 4052 750 4116 in
765 4070 807 4116 eo
823 4051 1015 4131 audiendo,
1032 4052 1093 4116 sed
1108 4052 1359 4132 significabant
1373 4063 1498 4134 optare
1510 4072 1550 4119 se
1564 4062 1609 4118 ut

369 4161 487 4224 oleum
504 4161 587 4223 vino
603 4161 826 4224 admisceret.
843 4159 912 4225 Sed
926 4159 965 4224 P.
982 4161 1136 4224 Basilius
1149 4159 1241 4240 Deo,
1263 4158 1363 4240 qu'us
1377 4161 1504 4242 spiritu
1523 4177 1604 4241 age·

409 4365 418 4399 ¹
446 4365 555 4412 Rectlus
565 4367 637 4410 altas
648 4366 802 4422 Alpkonsus
811 4367 844 4412 de
854 4367 947 4422 Avila·
957 4378 1008 4413 non
1018 4367 1086 4414 enlm
1097 4379 1240 4423 cognomen
1250 4369 1293 4414 hie
1303 4369 1425 4426 mutavit,
1437 4371 1484 4416 red
1498 4381 1605 4416 nonen.

405 4437 416 4468 ⁸
441 4437 494 4482 Seu
503 4439 595 4484 ancelli
604 4439 679 4493 reali.
691 4439 757 4484 Vlde
768 4450 857 4494 snpra.
868 4451 929 4494 par.
938 4439 988 4492 5⁰⁹.
999 4452 1022 4484 n.
1033 4439 1094 4495 1388,
1104 4441 1225 4486 ennoea.

408 4507 421 4542 ⁸
445 4509 563 4556 Emeum
574 4511 672 4564 (largo)
682 4510 770 4566 Lopez
779 4513 810 4556 de
820 4511 955 4556 ldendoza.

407 4581 419 4616 Ι
446 4579 531 4636 Regni
543 4581 677 4626 Gradatae
687 4582 849 4638 Promotum.

403 4651 414 4683 ⁵
443 4651 510 4696 Vide
521 4663 610 4708 supra,
619 4664 680 4707 pag.
694 4653 744 4708 510,
755 4666 779 4698 n.
791 4655 851 4699 1391.

404 4718 418 4748 ⁶
446 4723 588 4768 Haecerat
599 4724 759 4778 parochialia
769 4727 881 4772 ecclesia
892 4727 966 4780 luxtn
975 4727 1091 4773 tribunal
1101 4729 1203 4784 reglum
1215 4729 1377 4776 cantillam
1387 4734 1494 4782 dietam.
