3717 5400
819 509 884 569 Aa.
905 511 976 571 1555
1358 578 1361 585 Δ
1454 506 1512 569 699

342 651 430 717 1943.
473 651 594 735 Aliqui
608 662 727 719 tamen
743 655 779 718 in
793 671 836 719 eo
849 672 963 736 regno
979 654 988 687 ¹
1004 672 1135 736 magna
1155 654 1369 721 abstinentia
1382 662 1418 718 et
1438 654 1509 717 vir·

274 760 411 825 tutibus
428 760 579 841 praediti
593 772 691 837 sunt;
708 770 744 825 et
763 778 910 843 prorsus
935 761 974 827 P.
995 761 1174 827 Gonzalus
1191 760 1374 842 judicabat
1393 768 1507 824 totum

278 870 349 931 hoc
363 867 546 947 negotium
560 884 605 931 ex
618 866 717 948 Rege
731 868 898 950 pendere,
914 869 1077 950 quodque
1093 868 1123 933 si
1137 869 1213 951 ipse
1228 869 1335 933 vellet
1355 867 1508 948 Aposto-

280 974 372 1037 licae
386 974 570 1038 Ecclesiae
582 991 722 1055 parere,
739 975 800 1039 alii
814 976 962 1040 libenter
974 984 1152 1057 parerent,
1165 975 1327 1055 quamvis
1338 973 1506 1053 nonnulli,

281 1091 356 1145 tam
369 1080 536 1145 monachi
551 1098 658 1163 quam
672 1082 813 1163 idiotae,
829 1082 900 1147 sint
914 1091 988 1147 tam
1004 1082 1182 1162 obstinati,
1203 1090 1242 1146 ut
1262 1082 1379 1163 potius
1397 1081 1509 1145 vitam

274 1203 389 1267 quam
403 1203 521 1251 mores
536 1188 702 1268 antiquos
714 1189 913 1270 relinquere
932 1189 1049 1270 parati
1063 1198 1192 1253 essent.
1217 1186 1340 1251 Voluit
1354 1185 1393 1252 P.
1416 1186 1509 1251 Gon·

277 1295 381 1357 zalus
406 1294 452 1357 ad
474 1293 625 1374 gentiles
645 1295 723 1359 illos
744 1296 910 1375 transire,
936 1306 975 1359 ut
1000 1296 1138 1360 videret
1162 1312 1246 1358 num
1270 1294 1424 1358 fructum
1448 1294 1507 1357 ali·

279 1418 385 1481 quem
406 1400 548 1465 Christo
571 1402 662 1465 inter
683 1402 779 1482 ipsos
797 1418 925 1483 capere
947 1410 1081 1483 posset;
1106 1400 1391 1484 quandoquidem
1416 1401 1510 1465 inter

278 1505 465 1588 aethiopes
484 1508 562 1587 hos,
585 1525 675 1588 quos
694 1509 870 1572 abissinos
889 1518 1034 1588 vocant,
1057 1509 1155 1573 illum
1171 1526 1235 1589 pro
1250 1524 1315 1571 suo
1334 1507 1509 1573 desiderio

280 1631 352 1678 non
365 1614 541 1695 capiebat;
557 1615 619 1678 sed
634 1615 836 1679 admonitus
850 1624 916 1695 est,
933 1617 1028 1697 quod
1043 1616 1074 1679 si
1088 1615 1123 1679 id
1138 1615 1284 1695 laceret,
1298 1616 1509 1695 simulatque

277 1722 425 1785 ahexini
440 1722 476 1786 id
490 1722 633 1800 scirent,
651 1723 824 1787 occissuri
839 1740 920 1787 eum
939 1731 1054 1788 erant.
1481 1736 1484 1743 ’

344 1827 433 1893 1944.
476 1828 566 1893 Cum
577 1828 651 1909 jam
665 1840 804 1910 tempus
818 1846 897 1893 esse
910 1829 1093 1895 videretur
1107 1846 1317 1909 responsum
1330 1827 1474 1909 petendi
1488 1848 1510 1893 a

279 1934 392 2015 Rege,
409 1934 504 2016 quod
518 1936 594 2016 ipse
608 1936 832 2016 promiserat,
849 1934 1031 2016 respondit
1047 1936 1104 1999 ille
1118 1952 1190 1999 non
1201 1952 1279 1999 esse
1291 1935 1385 2016 quod
1396 1944 1510 1999 tanto·

281 2058 366 2123 pere
379 2050 600 2123 properaret,
616 2058 697 2105 cum
711 2042 824 2124 patris
837 2042 950 2122 ipsius
965 2044 1104 2121 legatus
1119 2042 1165 2107 ad
1185 2041 1423 2123 Portugalliae
1443 2040 1510 2107 Re·

277 2146 390 2227 gem¹
405 2148 538 2229 aliquot
553 2166 665 2213 annos
678 2149 715 2212 in
730 2147 949 2228 Portugallia
960 2158 1204 2215 commoratus
1213 2158 1307 2213 esset
1319 2158 1510 2230 antequam

281 2273 304 2317 a
325 2254 423 2335 Rege
447 2256 690 2345 expediretur;
712 2256 776 2319 sed
796 2255 872 2336 ipse
897 2254 935 2319 P.
962 2254 1140 2320 Gonzalus
1161 2254 1267 2319 facile
1289 2256 1510 2335 intelligebat

278 2361 378 2442 quod
390 2362 532 2425 nolebat
546 2361 623 2426 Rex
637 2361 850 2443 Aethiopiae
863 2369 902 2425 ut
916 2360 962 2426 ad
982 2379 1080 2426 mare
1095 2363 1170 2444 ipse
1188 2363 1385 2442 accederet,
1401 2380 1446 2426 ne
1465 2360 1510 2425 de

281 2468 389 2531 rebus
402 2468 514 2549 ipsius
529 2486 619 2549 quae
632 2469 850 2549 intelligebat
864 2470 1046 2545 scriberet,
1067 2487 1151 2533 nam
1170 2469 1201 2533 si
1220 2486 1265 2533 ex
1284 2468 1510 2533 inferioribus

278 2575 386 2654 regni
410 2576 548 2639 litterae
572 2575 812 2655 mittebantur,
839 2575 960 2639 statim
985 2576 1315 2657 intercipiebantur;
1341 2576 1403 2639 sed
1429 2592 1512 2638 cum

282 2691 425 2762 urgeret
449 2680 646 2762 Gonzalus,
676 2682 799 2748 ultimo
827 2681 1011 2763 respondit
1038 2682 1116 2746 Rex
1144 2694 1182 2747 ut
1211 2683 1328 2747 adhuc
1350 2699 1508 2747 mensem

281 2806 392 2852 unum
406 2799 621 2869 expectaret;
638 2799 672 2854 et
686 2791 717 2854 si
731 2807 774 2854 eo
788 2800 947 2870 tempore
966 2806 1176 2870 responsum
1197 2807 1269 2854 non
1292 2789 1392 2854 daret
1414 2788 1511 2852 aliud

280 2912 390 2975 quam
400 2896 498 2976 prius
509 2895 666 2976 dederat,
680 2907 717 2960 ut
728 2906 812 2961 tunc
824 2897 1036 2975 intelligeret
1047 2913 1085 2960 se
1096 2896 1310 2978 expeditum,
1321 2906 1356 2959 et
1367 2913 1432 2977 pro
1443 2914 1512 2961 suo

277 3002 432 3067 arbitrio
446 3001 639 3068 recederet.

345 3108 434 3172 1945.
477 3108 694 3174 Tentavetat
708 3111 808 3192 prius
825 3109 861 3175 P.
878 3109 1069 3190 GonzaluS,
1086 3127 1167 3175 cum
1180 3109 1258 3174 Rex
1273 3118 1408 3192 peteret
1421 3111 1511 3175 utin

280 3232 348 3278 sua
363 3215 462 3279 curia
477 3226 648 3294 maneret,
665 3226 703 3280 ut
716 3217 923 3282 facultatem
938 3217 1174 3281 concionandi
1186 3234 1308 3280 coram
1322 3218 1400 3299 ipso
1413 3215 1511 3297 Rege

276 3324 391 3386 semel
404 3323 555 3402 singulis
569 3323 801 3388 hebdomadis
816 3323 974 3398 haberet;
991 3323 1054 3387 sed
1065 3322 1142 3386 Rex
1158 3325 1291 3387 nullum
1301 3339 1511 3403 responsum

282 3429 368 3491 huic
382 3430 544 3509 petitioni
558 3429 716 3495 dederat.

347 3534 436 3600 1946.
479 3536 659 3600 Evocatus
672 3536 738 3601 suit
751 3553 774 3598 a
788 3533 926 3615 Regina
946 3534 1159 3617 Aethiopiae
1180 3545 1309 3617 quarta
1329 3535 1386 3600 die
1407 3536 1512 3601 Octo·

281 3641 369 3720 bris,
378 3659 469 3722 quae
477 3643 593 3723 ipsum
604 3643 888 3725 alloquioptabat
898 3653 934 3705 et
943 3643 1090 3706 calicem
1101 3643 1290 3723 quemdam
1298 3644 1431 3724 videre,
1442 3661 1512 3725 quo

285 3749 379 3810 idem
409 3746 514 3812 Pater
539 3749 576 3812 in
599 3750 713 3812 sacris
735 3750 911 3828 utebatur,
936 3749 995 3830 qui
1018 3749 1112 3829 apud
1133 3749 1248 3830 ipsam
1269 3750 1373 3814 valde
1395 3749 1512 3815 luerat

283 3854 460 3918 laudatus.
475 3853 565 3918 Cum
579 3854 788 3936 quibusdam
803 3873 890 3936 ergo
904 3855 1069 3920 lusitanis
1083 3855 1129 3920 ad
1143 3855 1319 3936 Reginam
1334 3857 1512 3921 admissus

282 3960 321 4022 in
345 3960 501 4041 quodam
525 3962 676 4026 tentorio
702 3962 878 4043 tapetibus
901 3971 1032 4040 strato,
1058 3979 1139 4026 curn
1161 3972 1195 4028 et
1217 3963 1294 4044 ipsa
1321 3964 1358 4027 in
1382 3965 1512 4028 lectulo

282 4068 439 4147 quodam
453 4067 604 4132 sederet.
619 4067 778 4134 Genibus
792 4087 879 4150 ergo
899 4069 1013 4149 flexiS,
1034 4086 1176 4134 manum
1196 4069 1355 4150 Reginae
1376 4073 1513 4135 oscula-

280 4185 341 4238 tus
360 4192 405 4238 ac
425 4174 542 4239 felicia
556 4185 739 4257 precatus,
755 4193 794 4240 se
808 4177 995 4241 excusavit
1009 4177 1104 4258 quod
1118 4178 1217 4258 prius
1231 4178 1346 4259 ipsam
1364 4194 1436 4241 non
1455 4194 1513 4241 sa·

282 4333 498 4354 hana-*an—

322 4455 332 4487 ¹
359 4453 405 4499 hir.
415 4454 494 4500 habet
501 4455 544 4500 hle
553 4453 695 4500 relativam
703 4422 762 4509 qai:
771 4454 817 4498 sed
825 4453 928 4499 aldetnr
937 4464 1161 4509 supervacaneum
1169 4463 1226 4498 erse
1236 4457 1263 4498 et
1271 4452 1396 4497 orationis
1405 4463 1510 4498 sensnm

282 4533 491 4643 peregregiam
499 4597 612 4652 qnidam,
621 4597 722 4642 nomlne
729 4595 886 4650 Matthaeus,
894 4597 988 4642 musar
997 4608 1014 4641 a
1025 4595 1095 4652 Rege
1107 4597 1271 4653 Aethloplae,
1287 4595 1377 4641 Lebna
1391 4595 1519 4652 Dangnll·

281 4672 350 4716 allas
366 4669 460 4724 narra,
475 4672 509 4714 ad
525 4670 728 4723 Emmanuelem,
744 4669 922 4724 Portngalllae
936 4668 1047 4724 Regem,
1063 4680 1129 4713 anno
1146 4669 1206 4714 1516.
1217 4667 1336 4721 Cassam,
1349 4667 1462 4712 Hierion
1479 4667 1514 4714 de

282 4743 424 4798 Etaropras
434 4743 529 4786 cartas
538 4744 571 4787 de
582 4743 638 4788 San
648 4741 952 4798 1gnacto,r.r,paoe.trt,
962 4749 988 4786 et
998 4748 1016 4785 t.
1028 4753 1054 4796 v,
1063 4753 1121 4797 pag.
1133 4741 1167 4786 7⁶.
