3717 5400
376 479 433 538 toi
836 477 965 538 Canon.
985 478 1061 538 Soc.
1082 479 1152 551 Jns.

441 625 529 690 1086.
572 625 779 690 Contuierat
803 625 911 688 etiam
937 624 975 688 P.
1002 625 1207 705 Alphonsus
1231 624 1372 689 Roman
1400 645 1481 690 cum
1501 625 1610 692 Patre

375 734 631 797 Commissario
646 732 778 811 Borgia
794 751 841 795 an
855 732 1036 796 deferendi
1049 742 1166 796 essent
1178 732 1224 795 ad
1235 732 1468 813 inquisitores
1478 733 1608 798 officia-

375 841 421 903 lis
435 840 707 920 Archiepiscopi
721 849 756 902 et
771 840 842 916 alii,
859 839 920 919 qui
942 840 1079 903 litteras
1097 839 1212 902 nostri
1232 840 1510 920 conservatoris
1531 839 1607 920 ejus

375 949 599 1026 auctoritate,
616 949 876 1021 laceraverant,
894 956 928 1008 et
943 957 1085 1009 nostros
1105 946 1264 1009 haeresis
1284 954 1510 1011 notaverant.
1536 946 1606 1012 Sed

375 1054 413 1118 P.
430 1055 644 1118 Franciscus
658 1071 734 1117 rem
749 1054 795 1116 ad
809 1054 954 1116 Patrem
965 1053 1142 1131 ignatium
1155 1052 1288 1133 rejecit.
1301 1052 1346 1116 Et
1358 1037 1501 1118 oinnino
1514 1056 1606 1118 male

374 1181 413 1225 se
424 1172 611 1241 gesserant
623 1161 1031 1225 excommunicationem
1043 1178 1113 1223 non
1125 1161 1295 1237 curando,
1310 1173 1344 1224 et
1356 1179 1421 1224 sua
1433 1162 1605 1225 nihilomi-

374 1287 442 1332 nus
456 1268 569 1333 0fficia
585 1270 796 1344 exercendo,
815 1285 895 1331 cum
913 1268 1186 1347 appellationem
1200 1286 1265 1330 suo
1280 1280 1440 1347 tempore
1460 1286 1531 1332 non
1551 1269 1605 1332 in·

374 1377 607 1456 terposuisset
623 1376 644 1439 ¹.
663 1376 757 1437 Mala
772 1377 881 1439 etiam
904 1386 982 1438 erat
1002 1392 1112 1437 causa
1132 1375 1405 1456 Archiepiscopi
1424 1384 1458 1438 et
1477 1374 1605 1439 officia·

374 1484 471 1561 lium,
485 1484 545 1564 qui
556 1483 701 1547 Litteris
712 1482 933 1563 Apostolicis
946 1482 1088 1543 obedire
1104 1484 1300 1543 noluerant.
1314 1480 1383 1545 Sed
1394 1482 1432 1545 P.
1445 1481 1605 1561 ignatius

372 1590 490 1670 potius
506 1609 559 1666 ea,
577 1607 669 1670 quae
684 1591 784 1669 pacis
805 1600 918 1668 erant,
943 1590 1138 1669 cogitabat,
1160 1598 1194 1649 et
1217 1588 1251 1650 id
1272 1599 1409 1651 tantum
1431 1588 1545 1651 effecit
1566 1599 1605 1653 ut

373 1714 437 1776 per
456 1698 664 1760 citationem
687 1706 721 1759 et
742 1697 987 1760 inhibitionem
1013 1706 1088 1759 tota
1114 1695 1203 1758 haec
1226 1712 1335 1757 causa
1360 1693 1429 1773 hic,
1456 1694 1602 1775 Romae,

370 1805 623 1883 cognoscenda
640 1803 903 1866 transferretur.
919 1802 989 1866 Sed
1004 1803 1092 1865 haec
1108 1802 1295 1882 posterius,
1313 1800 1347 1865 id
1361 1811 1425 1880 est,
1442 1804 1508 1866 sub
1519 1802 1603 1865 anni

371 1909 489 1988 tinem,
506 1927 585 1972 cum
606 1908 679 1988 Jam
699 1910 813 1972 nostri
835 1909 1165 1987 Caesaraugustam
1183 1908 1382 1987 rediissent,
1406 1919 1487 1972 acta
1507 1920 1602 1972 sunt.

371 2016 515 2081 Interim
531 2019 615 2081 dum
630 2020 790 2097 procella
802 2016 964 2094 durabat,
980 2017 1131 2095 publicis
1142 2016 1372 2079 concionibus
1382 2016 1507 2095 nostri,
1521 2017 1602 2079 licet

369 2124 442 2203 jam
457 2126 633 2200 absentcS,
651 2125 913 2203 lacerabantur,
931 2136 967 2187 et
981 2124 1048 2186 illis
1064 2133 1177 2188 terror
1193 2123 1441 2201 incutiebatur,
1466 2125 1526 2205 qui
1546 2141 1601 2187 sa·

371 2244 555 2295 eramenta
571 2233 860 2311 frequentabant;
877 2240 912 2293 et
928 2232 1037 2294 libere
1053 2232 1158 2294 nimis
1173 2231 1241 2294 hac
1256 2230 1299 2293 de
1314 2249 1352 2293 re
1368 2232 1552 2309 agebatur.

367 2320 371 2327 ¹
433 2338 521 2402 1087.
565 2338 669 2402 Initio
684 2339 838 2419 quidem,
854 2356 936 2401 cum
953 2337 1046 2417 Majo
1062 2348 1096 2399 et
1111 2338 1216 2420 Junio
1232 2354 1352 2400 mense
1371 2339 1543 2401 notuisset
1565 2338 1619 2411 in,

371 2446 554 2527 Hispania·
570 2449 695 2510 electio
716 2446 916 2509 Cardinalis
935 2445 1101 2508 Theatini
1120 2446 1155 2507 in
1177 2443 1361 2509 Summum
1380 2443 1597 2524 Pontificem,

368 2571 519 2633 cumque
533 2565 676 2617 nostros
690 2553 873 2616 theatinos
887 2554 923 2615 in
939 2570 1070 2631 magna
1086 2563 1186 2632 parte
1198 2551 1393 2632 Hispaniae
1412 2562 1598 2631 vocarent,

368 2660 429 2741 qui
448 2661 581 2724 nostris
601 2660 884 2724 adversabantur
903 2661 1007 2742 quasi
1029 2660 1129 2724 freno
1150 2659 1305 2740 quodam
1327 2659 1412 2739 ipsis
1430 2658 1597 2740 imposito

368 2769 638 2845 coercebantur;
656 2768 718 2831 sed
732 2777 857 2848 postea
873 2785 955 2830 cum
971 2766 1173 2830 contrarius
1189 2783 1310 2830 rumor
1326 2766 1597 2846 percrebuisset,

368 2876 540 2939 contrarii
555 2875 701 2938 effectus
716 2893 826 2939 causa
840 2874 925 2954 iuit;
943 2893 1026 2938 nam
1042 2886 1077 2938 et
1090 2874 1393 2954 Archiepiscopus
1404 2874 1545 2937 dicebat
1559 2893 1598 2937 se

367 2993 574 3045 curaturum
590 3001 633 3046 ne
648 2994 771 3045 nostra
786 2981 945 3046 Societas
960 2982 1270 3061 Caesaraugustae
1286 2992 1445 3045 maneret
1461 2991 1495 3045 et
1511 2982 1599 3045 obti-

367 3107 453 3153 nere
466 3109 506 3152 se
521 3091 688 3170 sperabat
710 3109 731 3154 a
751 3090 921 3153 Pontifice
941 3088 1053 3153 Paulo
1074 3088 1136 3168 IV,
1159 3089 1252 3170 quod
1270 3089 1373 3152 nobis
1395 3105 1472 3152 esse
1496 3091 1598 3152 valde

366 3198 586 3260 contrarium
611 3199 846 3274 intellexerat,
873 3209 907 3261 et
929 3197 973 3259 de
999 3205 1142 3260 nostrae
1165 3195 1351 3259 Societatis
1367 3196 1597 3260 subversione

367 3313 541 3368 acturum.
558 3303 628 3368 Sed
642 3321 724 3368 cum
735 3321 773 3366 se
786 3303 922 3366 videret
937 3322 958 3366 a
971 3303 1230 3366 Gubernatrice
1241 3303 1364 3382 premi,
1379 3303 1503 3366 obtulit
1514 3303 1602 3370 Pro·‚

365 3412 445 3490 regi
459 3429 497 3474 se
520 3423 728 3473 curaturum
746 3418 784 3472 ut
803 3410 971 3473 monachi
991 3419 1025 3472 et
1041 3409 1188 3489 parochi
1209 3410 1461 3489 parochiarum
1482 3419 1595 3473 totum

364 3534 468 3580 suum
484 3516 542 3596 jus
559 3518 592 3580 in
612 3517 880 3580 Gubernatricis
898 3517 1063 3579 manibus
1082 3516 1354 3590 constituerent;
1380 3517 1501 3580 clerici
1523 3519 1597 3597 qui·

362 3624 446 3687 dem
460 3623 603 3686 omnino
618 3624 693 3700 ejus
708 3624 857 3686 arbitrio
873 3632 1022 3701 starent;
1040 3623 1206 3686 monachi
1222 3633 1260 3685 ut
1275 3623 1343 3702 ipsi
1354 3635 1520 3703 parerent
1535 3625 1595 3688 do·

409 3939 417 3970 l
445 3938 488 3982 Sic
498 3938 633 3992 perspicue
648 3938 673 3981 in
683 3935 738 3989 lisa
749 3948 840 3980 sensus
854 3945 942 3980 tamen
957 3939 1084 3980 elucescet
1100 3937 1198 3986 melius,
1210 3938 1232 3980 si
1247 3937 1377 3980 scribatur
1387 3937 1431 3982 sic:
1443 3937 1478 3980 Et
1489 3940 1596 3983 omnino

366 4012 437 4054 arole
453 4022 482 4054 se
496 4015 639 4062 gesserant
650 4010 776 4065 officiales
787 4009 988 4064 archiepiscopi
1004 4011 1309 4051 excommunicationem
1321 4021 1337 4050 a
1350 4009 1539 4054 conservatore
1550 4011 1594 4055 So·

361 4085 472 4128 rietatis
480 4083 567 4125 latam
580 4095 630 4124 non
642 4082 761 4125 curando
772 4085 797 4124 et
808 4093 857 4124 sua
870 4082 1047 4123 nihilominus
1055 4081 1140 4134 officia
1150 4081 1305 4132 exercendo,
1313 4093 1373 4123 cum
1385 4083 1595 4136 appellationem

361 4166 411 4198 suo
419 4157 540 4209 tempore
551 4166 603 4196 non
614 4155 821 4207 interposuisset
831 4153 1056 4207 Archiepiscopus
1064 4155 1110 4193 aut
1120 4151 1179 4204 ejus
1193 4151 1317 4196 Vitorius
1329 4152 1477 4197 Generalis.
1489 4155 1597 4199 Excorn·

363 4226 503 4270 municatlo
514 4227 590 4279 enim,
602 4227 627 4268 in
645 4225 738 4268 Patres
755 4236 893 4278 eorumque
909 4225 1025 4267 lautores
1041 4225 1096 4266 lata
1107 4234 1153 4276 per
1164 4223 1342 4267 Guardianum
1353 4223 1441 4269 Sancti
1453 4225 1598 4279 Francisci,

360 4297 482 4340 ellectum
493 4299 574 4340 nilum
584 4298 673 4341 sortiri
685 4309 734 4340 non
747 4303 861 4351 poterat,
874 4296 995 4351 quoniam
1013 4305 1074 4338 ante
1091 4305 1149 4336 eam
1160 4297 1242 4337 latam
1258 4295 1353 4339 Patres
1368 4297 1401 4340 aei
1417 4299 1597 4350 Apostollcam

364 4367 457 4411 Sedem
467 4371 676 4423 appellaverant.
688 4367 755 4411 Vide
765 4378 853 4422 supra,
865 4378 927 4421 pag.
939 4366 990 4420 390,
1003 4377 1027 4408 n.
1040 4364 1103 4408 1069.
1116 4365 1162 4408 “Ei
1173 4364 1201 4410 Ρ.
1214 4365 1335 4420 Baptista
1346 4367 1376 4411 de
1387 4367 1483 4412 Barma
1494 4381 1598 4424 respon·

364 4440 406 4482 dio
416 4441 571 4494 apetandose
582 4441 614 4482 de
625 4442 664 4484 las
674 4450 805 4492 censuras;
816 4449 917 4492 aurique
931 4449 965 4481 no
974 4448 1020 4480 era
1036 4437 1172 4480 necesaria
1186 4437 1213 4480 la
1221 4437 1366 4492 apelacion,
1377 4449 1440 4493 pues
1454 4442 1478 4482 el
1494 4442 1597 4486 notario

364 4523 398 4554 no
412 4513 544 4555 mostraba
558 4512 638 4567 podet
651 4522 717 4565 para
731 4510 812 4554 itacer
826 4511 903 4563 aquei
917 4509 1063 4560 mandato„
1079 4507 1214 4559 Aavaaaz,
1230 4510 1246 4550 l.
1262 4519 1292 4562 c.,
1312 4521 1368 4563 cap.
1384 4510 1419 4554 51.
1435 4511 1470 4554 Et
1481 4523 1494 4554 e
1505 4519 1597 4557 contra

365 4583 595 4627 excommunicatio
606 4590 652 4636 per
664 4582 801 4626 Societatis
816 4580 1034 4624 conservatorem
1046 4587 1136 4634 postea
1152 4581 1207 4622 lata
1222 4579 1339 4624 effectum
1351 4581 1518 4634 sortiebatur,
1536 4587 1596 4638 quia

361 4656 433 4699 uuila
443 4663 503 4698 aute
515 4666 572 4699 eam
588 4666 634 4710 nec
645 4663 737 4709 postea
747 4656 780 4696 ab
791 4653 996 4706 Ar·chteptscopo
1014 4652 1055 4694 vel
1072 4651 1126 4704 ejus
1137 4651 1244 4694 vicario
1261 4652 1413 4706 interposita
1424 4654 1472 4698 iuit
1483 4667 1595 4710 unquam

361 4725 512 4782 appellatio.
523 4726 590 4769 Vide
601 4726 676 4775 inira,
688 4738 712 4769 n.
724 4725 783 4769 1091.
