3717 5400
358 474 419 533 *560
814 471 943 532 Chaon.
967 472 1044 532 Soc.
1069 473 1141 546 Jas.

362 618 432 682 hoc
447 634 592 682 munere
625 617 662 682 Ρ.
680 618 895 682 Franciscus
909 617 1124 699 Rodriguez,
1141 616 1150 647 ¹
1166 618 1228 699 qui
1241 618 1428 683 lectionem
1443 637 1591 684 casuum

361 726 600 790 conscientiae
625 725 937 804 interpretabatur.
954 724 966 755 ⁸
983 725 1166 789 Absolutis
1190 735 1310 790 autem
1347 728 1591 808 concionibuS,

361 832 568 897 inflammati
596 834 730 897 eisdem
755 833 936 897 auditores
964 833 1010 897 ad
1038 832 1301 897 sanctissimam
1326 832 1592 900 Eucharistiam

361 940 589 1003 accedebant.
606 938 819 1019 Hujusmodi
834 948 953 1003 autem
966 939 1151 1003 hominum
1170 940 1261 1005 mira
1283 941 1397 1021 pietas
1422 942 1530 1005 etiam
1555 942 1592 1005 in

361 1046 560 1110 actionibus
575 1049 801 1124 cernebatur;
831 1046 896 1111 suit
921 1048 982 1127 qui
1007 1047 1142 1127 petenti
1165 1048 1313 1128 pauperi
1333 1049 1502 1113 auxilium
1531 1050 1593 1113 ali·

358 1154 466 1235 quod,
484 1170 564 1217 eum
579 1172 649 1218 non
665 1155 811 1217 haberet
827 1154 922 1218 aliud
943 1154 1038 1235 quod
1052 1154 1185 1218 donare
1207 1166 1337 1235 posset,
1368 1157 1589 1236 subuculam,

361 1276 431 1341 qua
445 1260 590 1324 indutus
604 1269 692 1339 erat,
714 1261 811 1324 exuit
827 1272 862 1323 et
877 1260 1039 1324 mendico
1060 1261 1096 1324 in
1111 1264 1374 1342 eleemosynam
1396 1262 1503 1326 dedit.

423 1367 511 1431 1537.
555 1366 645 1432 Cum
669 1377 787 1431 autem
805 1367 1001 1431 christiana
1022 1366 1196 1447 doctrina,
1224 1368 1409 1433 dominicis
1436 1380 1470 1433 et
1492 1369 1593 1434 sestis

359 1474 496 1547 diebus
526 1474 749 1538 scholasticis
777 1472 788 1505 ³
816 1491 882 1555 pro
909 1474 1074 1539 instituto
1102 1474 1293 1540 Societatis
1321 1487 1590 1557 proponeretur,

359 1582 461 1646 multi
475 1600 520 1645 ex
535 1583 692 1646 externis
707 1583 932 1646 scholasticis
951 1600 1030 1647 sese
1052 1579 1306 1663 adjungebant,
1329 1594 1364 1647 et
1380 1584 1439 1647 ubi
1457 1593 1592 1649 attente

360 1706 439 1753 eam
455 1689 648 1768 audissent,
671 1690 706 1751 in
726 1689 856 1770 templo
873 1690 1075 1768 manebant,
1098 1700 1136 1752 ut
1156 1690 1284 1753 devote
1304 1691 1465 1755 eamdem
1485 1690 1592 1756 medi-

359 1806 532 1875 tarentur,
549 1812 730 1875 quousque
745 1813 817 1858 nox
834 1812 898 1859 eos
912 1796 1044 1858 invitos
1062 1804 1096 1858 et
1117 1794 1378 1875 quodammodo
1393 1814 1592 1878 repugnan-

357 1912 413 1966 tes
428 1921 473 1967 ex
488 1903 640 1967 ecclesia
656 1904 863 1983 expellerem
883 1920 967 1965 nam
982 1910 1062 1982 post
1076 1903 1316 1983 vespertinum
1332 1903 1488 1967 officium
1501 1904 1592 1969 haec

359 2010 569 2074 exercitatio
584 2010 792 2073 catechismi
807 2009 923 2073 fiebat.

423 2104 511 2181 1538.
554 2116 787 2181 Vocabantur
807 2118 914 2180 etiam
933 2117 1048 2180 nostri
1063 2117 1110 2180 ad
1132 2127 1302 2197 aegrotos
1321 2118 1540 2198 invisendos,
1556 2128 1591 2182 et

356 2225 551 2305 aliquando
580 2223 805 2287 morientium
831 2223 1093 2287 confirmationi
1125 2232 1160 2287 et
1192 2224 1426 2288 consolationi
1457 2225 1592 2289 dabant

358 2349 517 2413 operam;
542 2342 576 2395 et
592 2338 712 2395 tantus
727 2341 805 2394 erat
824 2347 948 2394 eorum
967 2347 1147 2405 numerus,
1168 2331 1229 2412 qui
1251 2349 1331 2394 eam
1350 2332 1589 2411 requirebant,

360 2450 397 2503 ut
413 2440 617 2503 necessario
633 2442 813 2521 repulsam
825 2440 944 2518 plures
959 2438 1103 2516 ferrent,
1120 2439 1164 2502 ob
1185 2439 1402 2519 paucitatem
1427 2448 1461 2501 et
1487 2457 1591 2504 occu·

357 2548 522 2627 pationes
537 2548 667 2610 multas
682 2545 920 2610 sacerdotum.

423 2652 511 2717 1539.
554 2652 643 2724 Cum
667 2664 787 2718 autem
799 2652 1027 2733 inquisitores
1043 2669 1064 2717 a
1079 2651 1185 2715 Patre
1199 2651 1334 2716 Mirone
1355 2653 1589 2719 obtinuissent

357 2771 398 2824 ut
420 2763 557 2842 aliquos
577 2780 622 2825 ex
643 2762 775 2824 nostris
797 2761 832 2824 in
855 2777 959 2823 suum
981 2760 1079 2822 illum
1102 2776 1285 2824 carcerem
1310 2763 1501 2840 mitterent,
1529 2763 1590 2843 qui

360 2869 548 2932 dominicis
573 2886 616 2931 ac
643 2868 743 2932 festis
772 2869 897 2931 diebus
926 2885 999 2945 eoS,
1022 2869 1083 2947 qui
1108 2867 1236 2931 inclusi
1257 2867 1386 2931 ibidem
1413 2878 1587 2946 tenentur,

357 2975 574 3038 salutaribus
603 2975 805 3056 praeceptis
838 2975 1087 3052 informarent,
1119 2975 1330 3055 quibusdam
1357 2993 1403 3038 ex
1431 2976 1589 3056 Collegio

358 3080 419 3146 Sd*
434 3081 581 3146 Antonii
610 3083 677 3145 hoc
692 3083 874 3161 negotium
903 3079 1026 3144 datum
1054 3090 1119 3160 est,
1150 3092 1188 3145 ut
1210 3081 1370 3145 vicissim
1385 3100 1427 3145 eo
1447 3084 1590 3164 pietatis

357 3188 474 3254 officio
490 3188 733 3270 fungerentur3
751 3200 785 3251 et
799 3204 931 3268 magna
944 3205 1025 3251 cum
1038 3188 1224 3252 alacritate
1236 3189 1440 3253 vinctorum
1455 3200 1491 3254 et
1505 3192 1589 3255 alio·

355 3311 447 3372 rum,
464 3297 523 3375 qui
536 3296 664 3359 ibidem
679 3295 938 3374 detinebantur,
956 3295 1074 3374 excipi
1085 3295 1257 3373 solebant,
1275 3297 1440 3376 quamvis
1455 3298 1588 3378 alioqui

356 3403 440 3467 faex
455 3413 489 3466 et
504 3404 643 3466 sentina
659 3402 835 3482 quaedam
851 3401 1034 3464 bominum
1049 3401 1097 3463 ibi
1111 3412 1221 3480 esset,
1238 3403 1339 3466 multi
1352 3403 1448 3466 enim
1456 3402 1588 3483 judaei,

357 3512 532 3588 saraceni,
560 3510 739 3586 haeretici,
767 3508 916 3571 venefici
938 3517 973 3571 et
994 3508 1055 3572 alii
1076 3507 1287 3588 hujusmodi,
1315 3512 1376 3590 qui
1401 3520 1590 3576 anteactae

358 3618 453 3681 vitae
475 3616 693 3697 poenitentia
715 3615 811 3679 ducti
833 3633 967 3695 poenas
986 3615 1023 3678 in
1043 3632 1188 3679 carcere
1209 3617 1364 3695 luebant,
1381 3627 1588 3683 nostrorum

354 3741 466 3805 opera
486 3725 522 3786 in
544 3723 669 3804 spiritu
691 3723 958 3786 reficiebantur:
989 3721 1133 3801 quodsi
1153 3724 1225 3787 ulla
1246 3723 1351 3788 fiebat
1372 3725 1588 3790 intermissio

354 3832 401 3894 ob
417 3832 506 3895 alias
521 3834 785 3911 occupationes
800 3847 890 3910 quae
903 3829 1019 3907 magis
1037 3830 1223 3909 urgebant,
1244 3847 1376 3911 magno
1395 3833 1445 3895 illi
1467 3834 1589 3898 dolore

358 3936 476 4001 affecti
497 3951 639 4001 nostros
659 3955 756 4000 nese
776 3937 980 4000 desererent
999 3945 1034 3998 et
1055 3945 1155 4000 tanto
1175 3938 1267 4000 bono
1286 3939 1472 4018 privarent
1489 3940 1590 4004 obse-

359 4153 572 4162 ————-

398 4286 407 4320 Ι
435 4285 603 4332 successerat
614 4287 694 4330 etlam
704 4295 761 4328 cum
772 4283 919 4328 cordubam
928 4282 1041 4335 Jacobus
1051 4283 1133 4336 venit,
1143 4291 1259 4338 utsupra
1270 4285 1367 4330 dictum
1379 4294 1429 4332 est.
1440 4287 1509 4332 Vlde
1523 4295 1542 4332 t.
1553 4299 1590 4341 ιν,

357 4369 418 4414 ραι.
427 4359 475 4412 521,
487 4371 512 4402 n.
525 4358 585 4404 ttot.

397 4431 408 4464 ¹
435 4431 492 4476 Hoc
499 4442 604 4476 munere
612 4430 767 4483 fungebatur·
775 4435 850 4474 tanta
857 4429 1026 4484 dexteritate,
1036 4435 1065 4473 ut
1075 4429 1118 4473 ⁸1².
1126 4429 1268 4473 Baithasar
1278 4428 1351 4484 Dlaz,
1362 4429 1472 4475 Goensis
1481 4431 1591 4487 Collegit

357 4503 467 4558 Rector„
477 4514 534 4548 cum
545 4504 688 4557 postularet
699 4501 784 4546 vlrnnr
794 4502 851 4556 “qul
863 4502 888 4545 in
899 4501 1061 4556 explicandis
1070 4501 1246 4546 conscientiae
1255 4502 1359 4546 casibus
1368 4504 1501 4557 peculiare
1510 4505 1591 4549 talen·

356 4580 412 4618 tum
422 4574 554 4628 haberet„
565 4574 611 4618 “ad
620 4573 644 4617 ld
655 4574 807 4617 nominatim
817 4572 845 4616 Ρ.
857 4570 1025 4617 Franclscum
1036 4572 1190 4627 Rodriguez,
1197 4572 1260 4616 licet
1268 4572 1376 4626 pedibus
1384 4576 1462 4620 valde
1471 4576 1590 4630 debilem,

307 4679 308 4682 η
352 4647 466 4700 optabat
467 4675 508 4690 .....
510 4645 596 4700 „Vide
605 4655 693 4699 supra,
704 4651 724 4688 t.
733 4655 770 4691 rr,
780 4656 841 4699 pag.
850 4645 899 4698 661,
908 4656 934 4688 u.
945 4645 1052 4688 traam
1062 4655 1168 4700 eaquae
1179 4645 1269 4688 statim
1280 4645 1399 4690 dicentur
1409 4659 1434 4691 u.
1444 4647 1504 4691 1559.

395 4715 409 4749 ⁸
435 4716 598 4772 itascilicet,
609 4717 651 4772 qul
662 4717 765 4761 scholas
775 4723 879 4761 nostras
889 4717 1098 4772 frequentabant.
1142 4752 1145 4757 ,
