3717 5400
366 501 420 560 808
822 503 949 562 Canos.
971 501 1046 560 Soc.
1069 501 1138 572 les.

365 648 611 726 concionator,
634 665 695 728 per
718 665 821 728 quem
845 648 890 712 ad
912 649 1003 712 alios
1023 645 1183 726 ejusdem
1202 647 1348 726 ordinis,
1363 657 1398 710 et
1412 657 1591 726 externos,

364 753 501 817 fructus
517 753 719 818 dilatandus
734 755 955 834 sperabatur.

424 860 494 924 837.
539 861 578 924 Ρ.
604 861 781 925 Antonius
807 860 974 926 Bucletus
999 871 1094 924 totus
1109 875 1186 924 erat
1208 863 1243 924 in
1259 859 1442 924 audiendis
1457 859 1596 924 confes-

364 969 532 1046 sionibus,
551 968 738 1032 visitandis
751 979 785 1032 et
801 969 1028 1032 consolandis
1039 968 1197 1046 infirmis,
1211 969 1330 1032 tamin
1343 968 1593 1048 hospitalibus,

362 1093 467 1156 quam
484 1075 519 1138 in
536 1075 686 1155 privatis
700 1076 873 1140 domibus,
890 1075 985 1139 Inter
1000 1075 1090 1138 alios
1108 1086 1238 1152 autem,
1258 1076 1382 1138 italum
1402 1076 1590 1154 quemdam

360 1184 585 1246 sacerdotem
614 1183 767 1260 invenit,
795 1183 853 1263 qui
878 1183 991 1246 tribus
1012 1183 1116 1246 annis
1138 1182 1189 1245 sic
1210 1183 1400 1246 militarem
1423 1184 1590 1246 vitamet

361 1289 520 1354 habitum
537 1298 705 1369 sequutus
720 1290 846 1366 iuerat,
864 1300 901 1352 ut
917 1290 1051 1352 nullum
1071 1290 1261 1366 vestigium
1277 1288 1412 1352 ordinis
1426 1290 1483 1352 sui
1496 1289 1533 1352 in
1547 1307 1595 1353 eo-

359 1407 559 1475 appareret;
588 1397 658 1476 qui,
685 1405 831 1476 peracta
857 1394 952 1476 apud
975 1412 1056 1458 eum
1074 1395 1234 1475 generali
1258 1395 1491 1475 consessione,
1508 1414 1592 1463 cum

358 1521 491 1582 magna
509 1505 603 1568 vitae
618 1512 804 1566 anteactae
821 1502 1033 1565 contritione
1048 1520 1091 1566 ac
1111 1503 1356 1580 detestatione,
1380 1503 1416 1566 in
1436 1504 1590 1583 patriam

360 1611 475 1687 rediit,
491 1620 528 1673 ut
539 1610 651 1673 vitam
665 1609 779 1672 ordini
790 1626 854 1672 suo
866 1608 1084 1672 conformem
1095 1608 1251 1686 duceret,
1264 1608 1437 1688 incipiens
1448 1610 1593 1678 interim

358 1734 483 1799 preces
500 1718 664 1782 horarias
680 1717 831 1780 recitare
847 1726 881 1778 et
897 1733 935 1778 se
950 1715 1172 1778 sacerdotem
1188 1716 1224 1778 in
1244 1715 1366 1779 habitu
1388 1715 1587 1780 ostendere.

416 1823 488 1888 838.
533 1823 706 1904 Occupati
731 1823 872 1887 suerunt
898 1822 935 1885 hi
960 1821 1085 1886 Patres
1108 1821 1313 1902 frequenter
1340 1839 1421 1886 cum
1446 1823 1587 1889 officiali

355 1932 587 2010 Tornacensi,
604 1941 748 1994 nostrae
764 1929 952 1994 Societatis
968 1939 1138 2006 amatore,
1155 1930 1191 1993 in
1207 1930 1366 2010 plurimis
1384 1928 1427 1992 de
1445 1931 1585 1994 haeresi

354 2039 530 2119 suspectis
558 2037 814 2100 examinandis.
845 2035 1007 2099 Mittebat
1035 2047 1069 2098 et
1101 2035 1328 2100 Gubernator
1361 2036 1519 2099 civitatis
1545 2038 1585 2100 li·

353 2148 437 2211 bros
459 2146 631 2226 plurimos
653 2155 837 2224 suspectos
856 2143 1125 2217 examinandos,
1149 2161 1217 2224 qua
1234 2144 1269 2207 in
1284 2162 1323 2206 re
1338 2154 1507 2222 quantum
1522 2161 1587 2207 no-

354 2253 439 2317 stris
454 2252 578 2316 fideret
594 2249 829 2330 significabat.
846 2250 884 2312 ln
900 2251 979 2314 aliis
994 2250 1113 2324 etiam,
1134 2263 1207 2313 tam
1227 2251 1302 2329 ipse
1322 2268 1427 2331 quarn
1449 2251 1589 2315 nobiles

353 2371 388 2424 et
406 2361 638 2436 magistratus
653 2375 761 2437 opera
776 2369 981 2420 nostrorum
996 2357 1144 2419 libenter
1163 2368 1198 2420 et
1218 2357 1421 2437 frequenter
1441 2358 1582 2420 uteban-

354 2478 423 2531 tur.
440 2466 482 2529 Et
500 2465 740 2528 nobilissimae
756 2483 798 2528 ac
813 2465 1027 2543 praecipuae
1042 2461 1198 2526 familiae
1214 2463 1290 2543 ejus
1304 2464 1461 2527 civitatis
1475 2464 1580 2530 alicui

354 2592 399 2637 ex
426 2573 619 2652 praedictis
643 2572 756 2634 tribus
777 2571 941 2633 Patribus
963 2570 1165 2650 frequenter
1188 2570 1456 2649 confitebantur,
1479 2589 1581 2635 neca

354 2679 586 2745 concionibus
598 2695 719 2742 eorum
732 2695 887 2758 unquam
902 2677 1061 2755 aberant,
1074 2687 1108 2741 et
1123 2693 1254 2758 magna
1269 2678 1456 2743 dilectione
1471 2696 1514 2741 ac
1529 2697 1580 2742 re·

352 2788 512 2853 verentia
536 2798 678 2850 nostros
698 2786 1020 2866 prosequebantur;
1042 2796 1078 2849 et
1101 2787 1160 2848 vix
1184 2789 1360 2865 respirare
1382 2787 1509 2851 licebat
1530 2786 1581 2849 in-

351 2896 501 2973 terdum,
525 2911 605 2957 cum
627 2911 698 2956 non
719 2896 832 2955 solum
855 2910 899 2957 ex
921 2892 1077 2969 civitate,
1101 2894 1161 2955 scd
1188 2906 1222 2955 et
1248 2892 1580 2973 circumjacentibus

350 3004 455 3083 pagis
469 3000 646 3081 gregatim
662 3000 803 3079 plurimi
819 3000 863 3062 ad
879 3009 1033 3077 nostros,
1050 2999 1283 3063 confessionis
1297 3000 1428 3078 gratia,
1449 3017 1579 3063 convo·

348 3111 475 3173 larent.

409 3215 480 3278 839.
525 3216 644 3277 Bonus
662 3224 781 3276 autem
795 3212 833 3275 P.
848 3211 1049 3291 QuintinuS,
1067 3230 1183 3274 cuma
1201 3231 1304 3275 mane
1320 3231 1429 3292 usque
1449 3215 1495 3277 ad
1517 3232 1602 3277 ve·-

348 3340 489 3402 speram
516 3322 553 3385 in
579 3321 647 3384 hac
674 3331 798 3383 sancta
825 3320 1058 3399 occupatione
1084 3320 1275 3394 desideret,
1303 3322 1517 3400 peculiarem
1541 3322 1578 3385 in

348 3430 530 3493 mendicos
548 3428 646 3491 initio
664 3426 967 3505 Quadragesimae
983 3423 1155 3505 [operam]
1171 3428 1347 3504 exercuit;
1369 3446 1451 3491 nam
1472 3429 1577 3492 unde·

347 3552 487 3615 quaque
504 3534 697 3597 accersitos
713 3533 757 3596 ad
773 3552 810 3594 se
826 3530 1026 3610 hujusmodi
1048 3531 1207 3595 homines
1228 3544 1262 3595 et
1286 3535 1375 3597 alios
1398 3536 1576 3613 vagabun-

345 3643 424 3721 dos,
442 3641 704 3721 quodammodo
721 3638 764 3701 ad
791 3637 1028 3700 confitendum
1051 3640 1231 3717 compulit,
1255 3657 1344 3719 quos
1365 3640 1521 3720 abjectos
1541 3653 1575 3705 et

344 3751 483 3813 laceros
498 3758 598 3811 tanta
614 3745 787 3809 charitate
804 3755 838 3806 et
864 3745 1083 3807 humanitate
1104 3747 1382 3824 amplectebatur
1403 3758 1438 3810 et
1457 3766 1575 3813 move-

345 3857 416 3932 bat,
433 3867 471 3917 ut
488 3856 596 3933 aliqui
611 3870 656 3916 ex
671 3851 912 3931 spectantibus
925 3868 1010 3929 prae
1023 3850 1256 3915 admiratione
1269 3864 1303 3914 et
1315 3854 1446 3931 gaudio
1464 3858 1576 3937 lacry=

343 3960 713 4026 mmmmmmmmk

404 4068 475 4132 840.
519 4068 558 4131 ln
574 4068 641 4129 hac
659 4066 764 4128 etiam
781 4066 1015 4144 occupatione
1031 4067 1066 4128 in
1088 4068 1258 4145 parochia
1280 4066 1339 4131 Sil
1358 4068 1494 4149 jacobi,
1519 4088 1572 4133 ro·

383 4238 391 4267 ⁴
420 4237 624 4281 Moderationem
634 4244 720 4279 tamen
730 4234 844 4287 aliquam
856 4238 894 4277 tot
904 4233 930 4277 ln
942 4235 1072 4278 laboribus
1088 4248 1104 4278 a
1120 4236 1200 4279 Patre
1214 4236 1334 4287 Quintino
1349 4238 1521 4283 adhibendam
1534 4242 1572 4295 ju·

341 4309 441 4353 dicavit
451 4308 578 4362 ignatius.
595 4307 690 4350 Scribit
701 4308 768 4349 enim
784 4318 818 4347 rix
827 4316 901 4356 com„
915 4305 1042 4349 Polaticus
1060 4306 1132 4351 Patri
1149 4308 1282 4352 Bernardo
1297 4308 1417 4353 Oliverlo:
1433 4310 1485 4356 “La
1495 4311 1526 4355 R.
1537 4312 1571 4358 V.

342 4380 496 4435 giudlcaudo
507 4381 554 4423 che
565 4380 583 4423 il
594 4378 623 4422 P.
635 4378 756 4430 Quintino
765 4376 848 4420 labori
860 4382 954 4430 troppo
964 4384 991 4420 et
1000 4378 1071 4421 servi
1081 4390 1145 4431 poco
1156 4380 1245 4423 ordine
1255 4382 1322 4424 nelle
1333 4382 1395 4425 hore
1404 4383 1445 4426 del
1454 4383 1569 4437 maugie-

342 4463 380 4495 rc.
390 4450 506 4494 studiare
518 4458 543 4493 et
552 4452 672 4504 vigilare.
683 4450 700 4492 li
711 4449 768 4491 dica
779 4459 825 4501 per
835 4454 911 4500 parte
923 4448 948 4491 di
959 4448 1055 4494 Nostro
1067 4449 1150 4494 Padre
1160 4452 1207 4494 che
1218 4452 1257 4496 usi
1267 4453 1453 4509 moderatione,
1469 4462 1495 4498 et
1510 4455 1528 4499 il
1538 4456 1572 4501 si·

341 4523 400 4565 mile
411 4521 495 4565 faccia
506 4521 539 4563 V.
550 4521 579 4565 R.
591 4528 687 4575 quanto
698 4531 714 4563 a
724 4530 760 4573 sq
771 4520 887 4572 perebee
899 4520 924 4563 lu
935 4522 1031 4573 verita,
1042 4522 1083 4566 chi
1094 4529 1185 4577 troppo
1196 4524 1288 4567 labora
1302 4528 1316 4567 e
1330 4527 1478 4570 necessario
1488 4528 1575 4573 labori

339 4604 411 4648 poco,
425 4594 520 4646 perche
530 4604 579 4635 non
590 4594 684 4635 durerh
696 4592 773 4643 lungo
783 4598 868 4643 tempo
880 4592 905 4633 la
916 4601 963 4634 sua
974 4592 1064 4650 lauert,
1075 4600 1101 4636 et
1111 4596 1138 4638 al
1154 4595 1287 4639 contrario
1297 4595 1337 4639 chi
1349 4598 1442 4641 labora
1455 4598 1572 4643 modera-

338 4670 463 4717 tamente,
473 4664 565 4705 labora
575 4664 653 4710 assai.
664 4658 726 4715 qud*
743 4660 880 4703 inodorata
896 4666 1019 4714 taurana,
1034 4664 1084 4707 27.⁸
1097 4664 1158 4717 Julii
1175 4665 1332 4710 issa-idem
1347 4668 1438 4713 eadem
1451 4669 1493 4712 die
1507 4670 1571 4714 mi.

339 4743 410 4791 ptum
421 4742 460 4779 cst
472 4734 519 4787 ipsi
533 4734 602 4777 Patri
614 4732 733 4785 Quintino
