3717 5400
369 500 425 563 toe
826 500 957 563 Cuaott.
977 502 1054 561 Soc.
1076 502 1146 576 Jes.

369 665 432 711 sus
445 649 574 727 iuerat,
589 665 693 729 quem
707 666 775 712 nec
785 648 956 713 nobilium
967 666 1034 711 nec
1045 648 1296 729 inquisitorum
1308 666 1435 729 preces
1445 648 1604 713 emollire

369 764 570 836 potuerant.
590 754 706 819 Litem
725 770 812 835 ergo
835 756 1074 836 importunam
1097 764 1132 819 et
1156 756 1383 819 vexationem
1407 755 1552 834 longam
1566 765 1601 820 et

369 878 521 941 magnas
534 878 711 942 expensas
725 862 853 925 missas
867 862 1013 939 iaciens
1036 878 1102 943 pro
1128 861 1262 926 foribus
1282 862 1465 941 eeclesiae,
1481 863 1600 927 omnia

370 968 519 1031 libenter
533 968 753 1046 adversario,
772 968 905 1033 Christi
920 987 1054 1047 amore,
1071 968 1300 1034 condonavit.

413 1074 503 1139 1328.
545 1074 651 1138 Patre
675 1076 783 1139 etiam
805 1074 968 1155 Baptista
992 1074 1154 1139 Sanchez
1170 1077 1415 1152 concionante,
1436 1092 1598 1158 quarum·

370 1183 453 1246 dam
476 1182 647 1246 nobilium
668 1194 913 1247 matronarum
938 1184 998 1247 diu
1020 1183 1226 1247 dissidentia
1249 1183 1370 1261 corda,
1397 1185 1432 1247 in
1447 1184 1524 1264 ipsa
1544 1199 1599 1245 ec·

371 1290 491 1368 clesia,
512 1290 633 1353 multis
647 1289 849 1353 videntibus
867 1300 902 1353 et
921 1290 1190 1367 admirantibus
1213 1291 1402 1355 conciliata
1417 1300 1510 1353 sunt.
1531 1288 1600 1354 Sed

369 1405 405 1459 et
418 1395 457 1461 P.
473 1396 632 1480 Joannes
645 1394 781 1460 Suarez
794 1397 890 1476 apud
909 1413 1092 1461 carcerem
1106 1399 1286 1478 pubiicum
1308 1408 1439 1459 octavo
1460 1413 1600 1477 quoque

369 1504 438 1583 die,
454 1520 535 1569 cum
549 1502 668 1567 fructu
678 1520 751 1567 non
760 1503 943 1583 mediocri,
959 1504 1192 1569 concionatus
1211 1512 1275 1568 est.
1292 1503 1504 1585 Explicabat
1520 1502 1601 1567 fidei

369 1611 539 1675 articulos
553 1628 618 1691 pro
633 1608 768 1675 foribus
782 1621 926 1675 nostrae
938 1610 1065 1675 domus
1078 1610 1222 1690 quidam
1237 1628 1283 1675 ex
1293 1611 1437 1687 nostris,
1450 1611 1601 1690 singulis

369 1716 556 1782 dominicis
570 1718 706 1792 diebus,
722 1726 758 1781 et
771 1726 870 1781 tanta
889 1717 1073 1782 bominum
1095 1717 1280 1782 multitudo
1297 1717 1464 1781 audiendi
1483 1717 1599 1781 studio

368 1825 616 1902 conveniebat,
632 1836 671 1890 ut
695 1826 758 1888 vix
773 1825 1037 1889 concionatoris
1061 1842 1150 1902 vox,
1178 1825 1310 1905 alioqui
1334 1826 1406 1889 alta
1431 1834 1466 1887 et
1487 1827 1597 1903 clara,

368 1933 484 2013 posito
497 1931 600 2011 iuxta
614 1933 709 1996 iores
723 1942 909 2012 suggestu,
925 1932 971 1994 ab
986 1931 1150 1995 omnibus
1163 1940 1284 2011 posset
1298 1931 1427 1995 audiri.

409 2038 499 2105 1329.
540 2039 626 2104 Erat
642 2058 662 2103 e
676 2040 823 2119 regione
837 2039 1047 2102 coenobium
1066 2038 1243 2120 quoddam
1253 2039 1446 2103 monalium
1464 2038 1599 2102 ordinis

336 2131 339 2136 ⁵
367 2144 428 2212 S.i¹
447 2147 626 2212 Dominici
641 2148 812 2228 probatae
827 2146 1028 2210 sanctitatis
1046 2144 1066 2225 ¹,
1085 2163 1234 2226 quarum
1250 2146 1501 2225 confessarius
1518 2162 1599 2209 cum

367 2272 413 2321 ex
427 2256 517 2320 cella
531 2272 596 2319 sua
615 2255 803 2319 lectionem
825 2254 1045 2335 praedictam
1072 2252 1239 2331 audisset,
1268 2252 1447 2317 Priorem¹
1464 2253 1549 2318 adiit
1563 2262 1599 2315 et

368 2363 573 2444 impetravit
589 2371 627 2425 ut
638 2362 748 2425 certis
766 2360 978 2441 quibusdam
998 2360 1122 2424 diebus
1137 2361 1172 2423 in
1185 2361 1390 2424 monialium
1410 2362 1541 2440 templo
1556 2376 1599 2425 ea

366 2470 472 2534 lectio
486 2470 688 2533 haberetur.

408 2575 497 2641 1330.
541 2574 689 2639 Servis⁸
706 2576 825 2652 etiam,
849 2586 1021 2655 quantum
1047 2592 1170 2639 eorum
1194 2575 1330 2638 serebat
1351 2584 1487 2656 captus,
1505 2574 1600 2637 chri·

367 2684 505 2749 stianae
519 2682 599 2747 fidei
619 2682 832 2747 documenta
857 2682 1139 2763 explicabantur,
1160 2682 1253 2746 unde
1273 2681 1411 2748 fructus
1430 2700 1501 2746 non
1517 2699 1597 2763 poe·

365 2791 764 2870 nitenduscapiebatur;
779 2801 910 2853 etcum
932 2799 1108 2855 mercator
1128 2791 1271 2870 quidam
1292 2791 1400 2854 semel
1422 2791 1515 2854 hanc
1530 2791 1596 2852 sla·

366 2915 492 2961 vorum
513 2897 597 2976 (sic)
617 2898 805 2962 lectionem
830 2896 998 2974 audisset,
1021 2898 1142 2961 statim
1163 2915 1255 2976 eum,
1278 2899 1339 2976 qui
1359 2899 1596 2979 praelegerat,

365 3005 511 3069 domum
524 3016 678 3082 secutus,
695 3005 727 3070 ei
744 3015 894 3086 peccata
908 3004 1093 3068 confessus
1108 3016 1172 3068 est.

409 3111 497 3178 1331.
540 3112 740 3191 Pergebant
759 3124 877 3176 autem
892 3113 1101 3176 concionari
1116 3111 1153 3174 P.
1176 3112 1336 3192 Baptista
1356 3121 1391 3175 et
1412 3110 1451 3174 P.
1469 3111 1598 3174 Paulus

366 3221 402 3283 in
416 3220 528 3284 variis
553 3221 650 3283 urbis
674 3221 814 3300 templis
839 3234 971 3299 magno
997 3237 1077 3283 cum
1100 3221 1273 3299 applausu
1295 3229 1329 3282 et
1347 3219 1596 3296 commotione,

365 3328 503 3391 fructus
517 3343 647 3406 autem,
664 3328 724 3408 qui
738 3328 1036 3408 consequebatur,
1054 3328 1109 3390 vel
1130 3345 1175 3390 ex
1195 3325 1477 3390 confessionibus
1498 3325 1597 3389 cerni

365 3443 505 3515 poterat
520 3435 710 3498 multorum
724 3451 908 3512 annorum,
926 3451 1018 3515 quae
1033 3434 1185 3498 amultis
1196 3434 1338 3512 fiebant,
1351 3443 1385 3496 et
1397 3451 1442 3496 ex
1457 3449 1597 3496 eorum·

365 3542 497 3604 demet
515 3541 667 3604 aliorum
686 3541 886 3604 auditorum
907 3542 1050 3605 fervore
1075 3541 1112 3604 in
1136 3541 1331 3604 invisendis
1354 3539 1596 3614 xenodochiis,

367 3658 406 3711 ut
427 3647 474 3711 ibi
493 3648 760 3727 aegrotantibus
779 3648 1031 3712 ministrarent.
1054 3647 1135 3711 Duo
1160 3649 1267 3712 etiam
1289 3648 1385 3710 suere
1406 3647 1487 3724 viri,
1510 3647 1596 3709 alter

367 3755 511 3832 nobilis,
527 3757 617 3818 alter
631 3765 825 3831 mercator,
841 3755 901 3834 qui
920 3755 971 3818 sic
991 3755 1157 3819 commoti
1176 3756 1291 3832 suere,
1313 3764 1351 3818 ut
1370 3771 1461 3834 quae
1480 3753 1526 3816 ad
1547 3753 1597 3815 ni·

367 3863 477 3926 mium
491 3863 546 3926 sui
566 3872 731 3926 ornatum
750 3875 983 3942 paraverant,
1003 3863 1213 3942 venderent,
1237 3863 1391 3943 parietes
1409 3859 1517 3924 etiam
1538 3860 1597 3925 do·

366 3985 507 4032 morum
520 3985 665 4032 suarum
680 3969 857 4048 tapetibus
871 3969 1077 4048 spoliarent,
1095 3977 1132 4032 ut
1153 3970 1189 4032 in
1204 3985 1399 4049 pauperum
1420 3983 1504 4030 usus
1524 3983 1599 4048 pre·

410 4247 419 4278 ί
447 4243 631 4288 nonasterium
644 4255 723 4299 supra
737 4245 835 4288 dietum
845 4245 878 4288 de
891 4245 977 4288 Sunia
988 4244 1078 4289 Maria
1093 4246 1126 4290 de
1142 4243 1250 4297 Gracia,
1265 4245 1331 4300 quod
1347 4245 1437 4299 paucis
1451 4251 1511 4288 ante
1523 4244 1599 4289 anuis

369 4323 492 4362 erexerat
501 4316 613 4369 Joannes
623 4316 782 4361 Fernaudez.
793 4316 894 4373 Manoz,
904 4319 922 4363 1.
934 4329 965 4374 c.,
974 4325 993 4362 t.
1004 4317 1160 4362 xiia-Vide
1169 4329 1258 4374 snpra,
1269 4331 1294 4362 n.
1311 4317 1370 4362 1822.

409 4386 422 4420 ¹
449 4388 616 4434 Priorissam?

408 4461 421 4494 ¹
450 4457 578 4514 Mancipia
587 4461 712 4515 intellige,
723 4462 779 4504 sive
787 4470 842 4516 eos,
851 4461 894 4511 qui
904 4463 946 4503 vel
953 4461 1012 4515 iure
1019 4461 1090 4516 belli,
1099 4462 1202 4506 velalla
1211 4461 1322 4514 ratione,
1331 4472 1363 4504 ex
1371 4459 1450 4505 indiis
1460 4460 1599 4514 asportati,

369 4533 526 4586 praeuertim
537 4544 599 4576 vero
609 4545 642 4576 ex
651 4533 785 4577 saracenis
796 4531 873 4586 capti.
884 4533 994 4587 publicis
1009 4534 1130 4586 operibus
1139 4539 1185 4578 aut
1197 4533 1361 4588 privatorum
1376 4532 1483 4576 servitio
1496 4531 1599 4576 addice-

369 4605 473 4657 bantur.
481 4615 590 4658 quorum
599 4617 648 4648 non
657 4606 767 4659 exiguus
776 4615 898 4648 numerus
909 4605 1009 4660 Hispali
1018 4613 1079 4649 tunc
1087 4607 1210 4660 temporis
1217 4606 1365 4649 ersa-“los
1373 4606 1501 4658 euciavos,
1509 4604 1540 4648 de
1549 4615 1598 4658 que

369 4675 423 4731 lisy
437 4676 544 4720 mucbos
558 4675 673 4720 mitiores
687 4687 719 4719 en
729 4682 786 4720 esta
796 4676 911 4729 tiridati„
921 4676 950 4720 P.
962 4674 1074 4728 Joannes
1084 4675 1178 4729 Juarez
1190 4677 1261 4720 Patri
1272 4675 1374 4730 ignatio
1388 4676 1420 4720 de
1432 4675 1541 4732 Loyola.
1552 4674 1598 4720 iii·

370 4748 447 4800 spati,
455 4747 482 4790 27
492 4749 559 4801 Aug.
570 4747 629 4792 ibbo.
642 4746 708 4791 Vide
718 4747 840 4792 Litterae
848 4747 1079 4800 Quadrimesires,
1089 4757 1108 4793 t.
1119 4760 1155 4805 tv,
1167 4761 1226 4804 pag.
1236 4749 1287 4794 ili.
