3717 5400
396 492 453 553 592
857 495 986 556 Cnaou.
1007 494 1080 554 Soc.
1102 496 1174 567 Jns.

398 640 506 717 tione,
534 648 572 703 ut
596 640 849 703 monasterium
871 638 931 703 SA*
954 638 1083 703 Felicis
1104 655 1169 717 pro
1189 639 1393 718 quingentis
1414 639 1544 717 aureis,
1564 636 1622 702 Sal

399 747 547 829 Joannis
562 748 605 811 de
624 747 858 827 Longovarez
878 765 942 827 pro
961 746 1040 809 aliis
1060 746 1277 827 quingentis3
1295 745 1429 826 reliqua
1446 746 1490 809 de
1510 746 1627 811 rediti-

397 855 465 918 bus
479 854 731 919 Universitatis
746 871 784 917 se
800 854 983 917 daturum:
1005 853 1074 915 tria
1089 852 1235 929 scilicet,
1258 853 1364 915 immo
1385 863 1536 932 quatuor
1550 854 1628 915 mil·

397 960 446 1023 lia
459 960 680 1024 ducatorum.
697 961 742 1025 Et
757 960 876 1024 statim
897 958 974 1023 Rex
992 960 1135 1023 volebat
1152 960 1218 1025 hos
1237 961 1410 1040 applicari
1430 959 1575 1040 reditus,
1590 968 1625 1024 et

397 1064 634 1147 1111111111111).τί
648 1068 774 1131 Pinero
786 1068 1058 1148 exequutionem
1070 1064 1174 1145 hujus
1188 1067 1251 1144 rei,
1265 1067 1324 1146 qui
1335 1066 1443 1129 etiam
1455 1085 1553 1147 spem
1565 1068 1624 1133 da·

400 1176 460 1238 bat
477 1176 609 1241 nostris
628 1175 722 1256 quod
745 1176 781 1237 in
800 1174 965 1253 ingressu
984 1174 1124 1252 collegii
1144 1173 1189 1236 ad
1209 1183 1351 1236 centum
1369 1173 1624 1254 quinquaginta

399 1283 546 1347 alendos
569 1282 786 1346 dotationem
803 1280 879 1343 Rex
897 1290 1068 1344 aucturus
1092 1291 1197 1358 esset,
1220 1280 1458 1360 quadraginta
1478 1282 1625 1346 ducatos

399 1408 463 1470 pro
478 1390 628 1470 singulis
644 1388 893 1471 computando,
910 1404 1002 1469 quae
1016 1398 1101 1450 taxa
1116 1389 1248 1467 exigua
1264 1387 1450 1451 videbatur
1465 1406 1508 1451 ea
1523 1391 1559 1471 111
1573 1407 1625 1452 re·

398 1498 515 1575 gione,
533 1506 566 1560 et
578 1496 834 1577 quinquaginta
849 1512 914 1574 pro
930 1494 1079 1573 singulis
1094 1510 1173 1557 esse
1187 1495 1424 1573 assignandos
1441 1494 1460 1573 1;
1479 1496 1542 1559 sed
1560 1495 1625 1560 Re·

398 1605 505 1683 ginae
524 1613 558 1667 et
578 1604 645 1683 ipsi
665 1603 801 1666 doctori
822 1602 951 1665 Pinero
970 1601 1158 1665 videbatur
1176 1589 1248 1665 non
1262 1619 1341 1665 esse
1360 1618 1404 1665 ea
1427 1601 1471 1665 de
1490 1619 1529 1665 re
1545 1620 1625 1667 con-

395 1712 625 1790 tendendum,
651 1728 734 1773 nam
759 1710 876 1772 omnia
897 1719 993 1772 recte
1017 1720 1142 1789 postea
1166 1710 1330 1772 confecta
1352 1709 1410 1787 iri;
1428 1720 1463 1773 et
1482 1712 1624 1774 omnino

398 1818 696 1882 monasteriorum
708 1816 973 1897 praedictorum
983 1818 1086 1879 valor
1099 1818 1208 1894 longe
1219 1814 1332 1894 major
1344 1824 1421 1879 erat
1431 1833 1538 1896 quam
1548 1816 1625 1881 Rex

396 1934 603 2003 taxaverat,
630 1934 664 1988 et
693 1924 828 1987 reditus
856 1922 1056 2002 hujusmodi
1086 1922 1303 1986 decimarum
1334 1923 1370 1985 in
1398 1924 1473 1986 dies
1501 1925 1625 2004 augeri

399 2032 525 2095 solent.

463 2138 549 2201 1629.
594 2138 748 2201 Volebat
773 2146 891 2199 autem
910 2136 988 2199 Rex
1012 2136 1118 2199 vendi
1143 2152 1269 2216 agrum
1294 2137 1495 2217 quemdam,
1522 2155 1625 2217 quem

399 2245 565 2325 paludem
582 2223 694 2307 nostri
708 2244 898 2319 vocabant,
917 2252 954 2306 ut
967 2241 1165 2306 aedilicium
1186 2241 1288 2323 Regii
1304 2243 1452 2318 Collegii
1468 2244 1625 2309 absolve·

401 2361 509 2427 retur,
527 2352 692 2432 quamvis
707 2352 775 2413 hoc
790 2350 923 2413 factum
939 2349 1078 2412 nonsit.
1093 2348 1284 2431 Postquam
1298 2350 1387 2413 haec
1402 2350 1465 2413 Dr.
1481 2350 1626 2416 Pinerus

402 2459 620 2523 renuntiavit
635 2458 673 2520 P.
690 2457 829 2535 Mironi,
847 2456 893 2519 ad
907 2456 1041 2534 Regem
1057 2472 1095 2518 se
1116 2457 1262 2520 contulit
1281 2456 1396 2520 Miron
1420 2467 1456 2520 ut
1475 2457 1519 2520 de
1534 2458 1625 2521 dono

396 2566 537 2645 gratias
553 2575 687 2644 ageret.
707 2563 817 2627 Multa
834 2573 951 2626 autem
972 2562 1049 2626 Rex
1073 2564 1117 2625 de
1142 2564 1301 2642 utilitate,
1326 2582 1433 2644 quam
1460 2566 1625 2643 sperabat

397 2680 710 2753 consequuturam,
728 2671 801 2750 egit
819 2686 900 2734 cum
912 2687 966 2748 eo,
984 2688 1029 2734 ex
1052 2671 1121 2734 hac
1143 2671 1283 2751 collegii
1298 2672 1352 2735 sui
1367 2671 1571 2747 donatione;
1592 2684 1625 2736 et

397 2795 568 2858 magnam
580 2779 863 2842 benevolentiam
875 2795 940 2858 pro
953 2795 1018 2841 suo
1030 2795 1129 2840 more
1140 2793 1227 2856 erga
1235 2777 1447 2841 Societatem
1460 2779 1625 2845 ostendit,

463 2885 551 2949 1630.
594 2885 678 2949 Inde
694 2885 874 2964 proiectus
886 2894 939 2948 est
952 2883 1385 2948 ConimbricamP.bliron
1399 2883 1494 2965 Majo
1504 2895 1626 2950 mense

397 3003 437 3056 ut
461 3003 723 3074 praeceptores,
750 3010 839 3072 quos
864 2994 1032 3071 elegerat,
1052 2992 1251 3054 litterarum
1275 2993 1485 3072 praesertim
1505 2993 1626 3058 huma·

397 3100 551 3178 niorum,
567 3119 642 3178 eos,
660 3099 815 3181 inquam,
833 3100 892 3179 qui
907 3099 1024 3161 minus
1043 3109 1144 3161 erant
1159 3099 1357 3178 exercitati,
1373 3099 1624 3180 Ulyssiponam

398 3216 461 3270 aut
475 3207 630 3271 Eboram
642 3207 806 3282 mitteret,
820 3215 858 3267 ut
875 3205 992 3268 inillis
1007 3205 1138 3268 scholis
1154 3223 1193 3268 se
1207 3216 1426 3286 exercerent3
1444 3207 1503 3287 qui
1519 3207 1625 3270 etiam

399 3313 658 3394 philosophiam
671 3311 884 3392 praelecturi
896 3320 1009 3388 erant,
1019 3311 1055 3373 in
1067 3309 1268 3391 hujusmodi
1278 3311 1405 3376 studiis
1417 3312 1623 3389 tractandis

397 3439 470 3484 non
485 3422 597 3484 solum
624 3419 765 3498 privato
790 3416 918 3493 studio,
946 3417 1009 3480 sed
1034 3417 1331 3498 disputationibus
1356 3429 1411 3482 ter
1435 3419 1471 3482 in
1497 3419 1625 3482 hebdo-

399 3528 505 3591 mada
526 3526 698 3589 habendis
712 3525 981 3603 exercebantur,
998 3535 1032 3588 et
1047 3526 1083 3588 in
1103 3543 1146 3588 eo
1165 3525 1408 3606 proficiebant.
1425 3525 1625 3606 Aliquando

400 3633 567 3697 etiamad
592 3633 869 3696 Universitatem
895 3632 1098 3711 disputandi
1122 3632 1240 3710 gratia
1266 3632 1505 3711 mittebantur,
1531 3633 1626 3713 quod

398 3740 693 3812 scholasticorum
705 3749 738 3802 ct
753 3747 1023 3818 praeceptorum
1034 3738 1277 3802 satisfactione
1289 3739 1530 3818 praestabant,
1541 3756 1626 3801 nam

396 3848 502 3910 docte
517 3847 611 3909 etad
627 3845 812 3908 utilitatem
829 3844 1049 3907 audientium
1063 3844 1244 3924 disputare
1260 3844 1482 3908 videbantur.

462 3951 551 4017 1631.
598 3951 704 4014 Pater
736 3960 853 4014 autem
886 3949 1089 4030 Cyprianus
1119 3951 1407 4014 mathematicam
1440 3953 1625 4016 lectionem

395 4059 496 4124 domi
510 4059 563 4121 eis
577 4057 816 4138 praelegebat;
833 4055 938 4119 Pater
953 4065 1071 4118 autem
1083 4055 1237 4119 Michael
1251 4058 1294 4121 de
1310 4057 1410 4138 Sosa,
1424 4059 1484 4139 qui
1495 4058 1625 4123 Rector

399 4164 548 4244 Collegii
567 4164 758 4228 Eborensis
773 4165 946 4226 hactenus
966 4162 1082 4225 luerat
1099 4163 1122 4241 ²,
1144 4163 1346 4243 praefectus
1365 4166 1564 4229 studiorum
1578 4166 1628 4229 fu·

397 4287 500 4336 turus
520 4281 608 4334 erat.
632 4271 878 4334 Constituebat
898 4279 1016 4333 autem
1038 4268 1076 4333 P.
1094 4269 1210 4333 Miron
1230 4282 1268 4334 ut
1285 4272 1385 4335 initio
1405 4271 1571 4336 Octobris
1591 4283 1627 4335 et

440 4512 447 4542 l
476 4510 616 4555 Duodecim
631 4517 718 4555 tamen
732 4512 847 4566 proxime
862 4511 959 4566 elapsis
973 4513 1057 4566 annis,
1072 4513 1106 4556 ab
1119 4525 1188 4557 anno
1202 4513 1303 4557 scillcet
1318 4513 1384 4569 ists,
1399 4514 1510 4569 triginta
1526 4521 1628 4559 rantum

395 4593 491 4627 aureos
500 4594 547 4638 pro
557 4583 666 4636 singulis
677 4583 732 4627 Rex
743 4591 951 4639 computaveram
962 4596 1021 4628 nam
1035 4585 1068 4629 ad
1079 4591 1183 4630 centnm
1198 4586 1305 4629 alendos
1316 4587 1368 4630 trin
1378 4587 1460 4648 11111111
1474 4586 1629 4632 ducatorum

392 4655 582 4709 elargiebatur.
597 4655 661 4698 Vide
673 4667 761 4711 supra,
772 4662 791 4700 t.
803 4667 819 4708 1,
832 4667 892 4711 pag.
904 4657 949 4712 119,
960 4657 1030 4712 moi,
1040 4664 1066 4701 11
1076 4657 1193 4713 pamm,
1205 4657 1288 4704 11214.

437 4726 448 4758 ¹
476 4725 543 4770 Vide
553 4738 640 4781 supra,
651 4739 711 4782 pag.
721 4727 768 4780 582,
778 4739 801 4772 n.
814 4727 873 4774 1602.
