3717 5400
372 473 427 534 112
829 470 957 533 Canon.
979 469 1055 530 Soc.
1076 470 1147 544 Jrs.

367 631 447 685 erat
463 619 484 700 ¹,
501 631 537 683 et
551 621 735 700 negotium
761 618 962 684 facessebat
978 617 1059 682 aliis
1080 619 1117 682 in
1142 618 1260 698 rebuS,
1288 619 1369 686 inde
1390 621 1461 684 alio
1476 621 1605 688 missus

371 738 425 792 cst
439 727 462 792 ¹.

428 835 499 898 307.
544 833 695 914 Quidam
720 833 911 897 Baithasar
922 833 1028 909 Melo,
1055 834 1115 913 qui
1143 833 1235 898 inter
1262 835 1352 900 alios
1372 842 1603 900 recesserata

367 942 547 1008 Societate
558 942 595 1005 in
609 941 839 1020 Portugallia,
856 955 1077 1019 magnopere
1092 938 1221 1005 institit
1236 951 1274 1005 ut
1300 942 1416 1006 denuo
1435 941 1472 1006 in
1485 939 1603 1006 Socie-

367 1060 479 1114 tatem
494 1050 750 1125 admitteretur,
768 1055 803 1110 et
816 1045 965 1112 &uuae
983 1065 1004 1110 a
1020 1044 1059 1108 P.
1076 1046 1238 1126 Baptista
1255 1047 1406 1112 Violaeo
1427 1048 1604 1114 admissus

367 1168 435 1222 ast.
454 1157 498 1220 Et
517 1155 682 1237 quamvis
703 1165 788 1218 tunc
813 1154 903 1217 bene
924 1171 964 1216 se
987 1153 1111 1233 gessit,
1143 1165 1268 1234 postca
1294 1163 1412 1218 tamen
1434 1155 1604 1234 temporis

367 1280 539 1330 successu
553 1263 641 1326 satis
655 1260 776 1325 docuit
790 1260 886 1340 quod
901 1260 996 1324 inter
1011 1277 1084 1338 eos,
1102 1261 1164 1340 qui
1182 1263 1292 1326 semel
1314 1262 1483 1327 recedunt
1503 1281 1524 1326 a
1544 1261 1603 1327 So·

366 1373 509 1451 ciatate,
527 1370 632 1451 pauci
646 1369 763 1434 denuo
779 1368 913 1446 recepti
928 1367 966 1430 in
981 1365 1159 1432 Societate
1174 1369 1376 1448 proliciunt,
1391 1378 1425 1434 et
1434 1369 1548 1434 eidem
1560 1369 1604 1432 ad

370 1479 438 1542 Dei
450 1479 604 1558 gloriam
618 1476 704 1542 utile
719 1473 954 1538 ministerium
967 1473 1186 1554 impendunt.

430 1584 501 1649 308.
544 1584 639 1648 luter
663 1578 1053 1662 Superintendentem³
1079 1591 1113 1644 ct
1134 1580 1325 1648 Rectorem
1348 1583 1386 1646 P.
1409 1583 1605 1648 Antonium

366 1692 598 1757 Soldevillam
613 1707 684 1754 non
698 1691 789 1752 bene
803 1687 1050 1776 conveniebat,
1068 1689 1284 1768 quodetiam
1300 1690 1512 1757 documento
1527 1690 1602 1766 fuit,

367 1800 406 1863 in
420 1799 561 1878 exiguis
580 1795 791 1878 praesertim
812 1794 987 1874 collegiis,
1009 1811 1080 1859 non
1099 1794 1249 1860 feliciter
1269 1797 1460 1862 succedere
1480 1798 1603 1877 guber·

369 1907 563 1985 nationem,
576 1905 638 1968 ubi
651 1913 725 1966 tam
739 1901 871 1964 Rector
891 1919 998 1982 quam
1020 1899 1320 1983 Superintendens
1337 1904 1450 1970 eidem
1460 1915 1602 1968 vacant.

368 2013 461 2078 Cum
476 2020 595 2076 autem
608 2010 743 2074 Rector
758 2008 933 2089 quasdam
954 2008 1091 2072 litteras
1106 2009 1308 2090 scripsisset
1321 2010 1419 2074 Patri
1439 2010 1605 2078 Generali

368 2128 494 2184 contra
515 2115 871 2198 Superintendentem
895 2113 1039 2178 Patrem
1061 2115 1260 2194 Violaeum,
1278 2134 1344 2181 nec
1359 2128 1480 2182 tamen
1493 2118 1604 2184 misis-

368 2235 434 2306 set,
450 2225 650 2289 inciderunt
674 2223 755 2286 illae
780 2223 817 2285 in
842 2238 970 2284 manus
994 2221 1033 2284 P.
1060 2222 1211 2301 Violaei,
1240 2233 1274 2287 et
1301 2242 1372 2288 non
1396 2228 1510 2290 solum
1525 2243 1604 2290 cum

368 2335 444 2398 suis
459 2332 643 2413 responsis
657 2348 721 2394 eas
734 2329 886 2392 Romam
904 2329 1011 2408 misit,
1028 2329 1091 2394 sed
1106 2331 1214 2394 etiam
1229 2348 1350 2397 coram
1361 2333 1524 2398 omnibus
1538 2333 1605 2397 col·

373 2441 560 2520 legialibus
574 2436 586 2469 ⁴
602 2438 761 2515 contulit;
779 2437 839 2518 qui
853 2453 963 2500 manu
979 2455 1044 2502 sua
1058 2438 1196 2501 litteras
1210 2438 1431 2520 subscriptas
1446 2439 1484 2503 P.
1504 2440 1604 2520 Igna·

371 2547 421 2611 tio
436 2547 618 2622 miserunt,
635 2544 763 2624 quibus
782 2543 1006 2608 testabantur
1026 2547 1157 2624 partim
1170 2545 1272 2618 falsa,
1289 2545 1418 2625 partim
1439 2547 1532 2610 male
1552 2547 1607 2610 in-

369 2655 523 2732 tellecta,
539 2653 671 2734 partim
685 2651 729 2716 ob
749 2651 859 2719 animi
876 2652 1182 2733 perturbationem
1196 2652 1234 2717 in
1245 2653 1378 2719 malum
1393 2669 1535 2719 sensum
1547 2652 1605 2718 de-

369 2772 467 2826 torta
480 2762 601 2840 luisse,
617 2778 709 2841 quae
723 2759 829 2824 Pater
842 2760 901 2825 ille
921 2758 965 2823 de
983 2758 1300 2840 Superintendente
1315 2761 1519 2842 scripserat;
1541 2763 1606 2827 im-

370 2886 430 2933 mo
449 2880 484 2932 et
504 2869 665 2949 ipsemet,
687 2868 747 2949 qui
770 2867 976 2947 scripserat,
1002 2885 1045 2931 eo
1064 2866 1239 2931 adductus
1258 2868 1323 2932 fuit
1345 2877 1384 2932 ut
1403 2867 1440 2931 P.
1468 2868 1606 2949 ignatio

371 2976 544 3040 scriberet
564 2994 604 3039 se
614 2975 802 3055 scripsisse
817 2972 959 3055 quidem
974 2991 1065 3053 quae
1081 2992 1167 3038 vera
1181 2984 1385 3054 putaverat,
1402 2984 1520 3041 tamen
1533 2974 1605 3055 jani

370 3100 410 3147 se
424 3100 621 3163 agnoscere
636 3092 671 3146 et
687 3080 847 3145 confiteri
860 3080 956 3161 quod
970 3082 1065 3145 dicta
1081 3090 1184 3145 erant
1204 3081 1378 3162 quaedam
1400 3092 1526 3147 contra
1547 3082 1607 3147 Su·

371 3190 675 3270 perintendentem
696 3197 731 3251 et
751 3188 840 3252 duos
862 3188 952 3253 alios
975 3187 1075 3264 false,
1099 3188 1317 3253 calumniose
1339 3198 1374 3253 et
1395 3189 1606 3253 scandalusa

370 3297 475 3375 (haec
489 3296 583 3359 enim
597 3306 681 3359 sunt
697 3296 809 3375 ipsius
823 3294 946 3370 verba)
963 3302 998 3357 ei
1012 3310 1104 3375 quae
1119 3313 1190 3358 non
1204 3295 1293 3359 bene
1307 3296 1530 3360 intellexerat
1541 3314 1606 3361 nec

370 3405 624 3484 interpretatus
649 3401 776 3466 fuerat.
807 3399 962 3466 Demum
986 3402 1103 3465 visum
1130 3412 1184 3466 est
1206 3401 1330 3467 Genua
1353 3402 1607 3471 removendum

414 3789 422 3821 ¹
452 3788 482 3831 P.
494 3787 647 3831 Emmanuel
658 3788 753 3830 Gomez
765 3788 796 3829 de
805 3786 995 3841 Montemayor.
1007 3785 1073 3829 Vide
1083 3796 1172 3840 supra,
1183 3795 1202 3829 t.
1214 3797 1251 3839 ir,
1263 3798 1314 3841 pag
1338 3786 1372 3841 43,
1382 3800 1409 3832 n.
1421 3788 1456 3832 68.

413 3862 425 3892 ¹
452 3860 493 3903 Ad
503 3860 538 3907 id.
547 3859 614 3913 qnod
624 3861 781 3902 stroobacure
791 3858 834 3902 liic
844 3859 927 3902 innuit
944 3858 1081 3903 Polancus.
1095 3858 1363 3903 reserendavidentnr
1374 3871 1414 3913 ea,
1422 3870 1489 3914 quae
1501 3862 1562 3915 lpse,
1575 3871 1608 3903 ex

372 3942 430 3977 corn
440 3964 447 3983 ,
456 3932 586 3975 scribebat
605 3930 678 3975 Patri
689 3930 805 3988 Laynez:
818 3928 910 3973 ¹‘Sarla
919 3929 1000 3973 etlam
1010 3931 1075 3973 bene
1090 3928 1139 3973 ebe
1150 3930 1177 3973 la
1191 3929 1222 3974 R.
1233 3929 1266 3973 V.
1278 3929 1377 3975 lacesse
1399 3942 1432 3977 un
1442 3933 1567 3977 scrutinio
1574 3932 1608 3981 ile

374 4006 410 4055 all
421 4005 479 4047 libri
490 4017 503 4045 e
513 4004 599 4047 scritti
615 4003 639 4045 d'
653 4002 765 4057 ognlnno
782 4012 829 4055 per
845 4002 959 4055 levargli
971 4002 1056 4055 quello
1071 4001 1120 4045 che
1136 4012 1185 4045 non
1195 4002 1319 4045 conviene
1336 4013 1352 4046 a
1365 4004 1435 4057 tuttl;
1452 4016 1465 4046 e
1481 4004 1609 4049 trovando

372 4075 484 4128 qualche
493 4076 575 4117 breve
584 4075 667 4127 peria
678 4073 832 4117 visitatione
842 4072 867 4115 dl
886 4070 1003 4124 Cortice,
1014 4082 1086 4115 come
1096 4082 1146 4115 non
1167 4072 1314 4117 uaceatarlo
1329 4076 1360 4117 ne
1376 4074 1439 4117 utile
1455 4074 1506 4128 plu.
1515 4074 1574 4119 dica
1584 4074 1609 4118 di

374 4147 473 4189 solario
488 4146 613 4189 mandare
623 4156 639 4188 a
650 4144 740 4191 Roma.
751 4156 765 4187 e
776 4146 830 4187 cori
846 4144 870 4187 lo
886 4146 964 4197 potra
979 4144 1035 4187 lare
1054 4154 1102 4187 can
1117 4154 1164 4187 aaa
1177 4144 1346 4197 commodita.
1363 4146 1459 4199 perche
1476 4157 1526 4191 non
1542 4146 1609 4191 deaei

373 4216 484 4270 qualche
495 4216 629 4258 occasione
641 4215 666 4259 dl
679 4216 779 4266 vanita,
789 4222 855 4266 etc...
863 4214 902 4256 6.·
912 4212 1064 4257 Decembri·
1076 4212 1193 4257 taba-1³.
1205 4212 1359 4259 Emmanuel
1370 4214 1465 4259 Gomez
1476 4217 1507 4261 de
1515 4214 1610 4260 Monte-

374 4296 466 4341 mayor
476 4286 599 4330 visitator
610 4286 695 4330 iuerat
706 4296 765 4329 cum
776 4286 804 4328 Ρ.
815 4286 954 4342 sylvestro
972 4284 1082 4329 Lanuini
1094 4286 1119 4328 ln
1134 4285 1220 4330 insula
1237 4284 1352 4331 Corsica.
1365 4286 1431 4330 Vide
1447 4298 1534 4342 anpra.
1551 4294 1571 4333 t.
1581 4298 1612 4331 ιιι

374 4364 401 4401 et
412 4356 591 4401 rv.-Gravlua
601 4358 700 4413 aliquid
716 4358 776 4401 huic
788 4357 863 4400 Patri
877 4356 1039 4400 Emmanuell
1057 4356 1199 4409 exciderat,
1218 4356 1284 4411 quod
1301 4356 1461 4401 Genueusem
1477 4356 1611 4403 Vlcarlunr

374 4428 500 4473 olienaum
517 4428 637 4478 reddidit.
654 4434 683 4472 ut
695 4430 783 4472 videre
794 4436 835 4472 eat
852 4428 877 4472 ln
893 4428 1008 4479 Polancl,
1020 4438 1053 4471 ex
1070 4438 1145 4479 com„
1160 4428 1259 4472 litteris
1274 4428 1348 4472 Patri
1368 4428 1460 4481 Joanni
1476 4429 1611 4485 Baptistae

375 4500 454 4544 Vlola
468 4500 536 4543 daila
550 4500 575 4544 2l
591 4499 726 4544 Februarii
743 4500 820 4555 hujus
837 4500 896 4543 anni
915 4498 1102 4543 libb-Missua
1116 4505 1156 4542 eat
1172 4505 1261 4543 autam
1271 4499 1362 4543 Genua
1378 4499 1529 4545 Lauretum.
1542 4500 1609 4553 Vide

372 4581 463 4626 supra.
473 4583 533 4626 pag.
542 4572 578 4625 86,
590 4583 613 4615 n.
623 4572 671 4616 att.

418 4644 430 4675 ³
456 4641 523 4686 Vide
533 4654 620 4697 aupra,
632 4654 695 4697 pag.
709 4642 755 4696 toa,
766 4642 853 4686 n.297.

417 4716 429 4745 ⁴
456 4713 632 4763 liavidellcet.
643 4714 728 4768 quide
739 4713 871 4758 Societate
882 4720 958 4757 crant
969 4710 1158 4765 etlnColleglo
1170 4711 1299 4759 Ganuenai
1312 4714 1450 4768 degebant.
1528 4703 1531 4712 '
