3717 5400
811 501 874 558 Au.
897 503 969 561 1555
1449 505 1503 565 351

272 642 317 706 D.
334 643 474 726 Juliano
490 644 687 725 Ardingelo
701 643 721 723 ¹,
733 663 819 709 suae
831 646 957 709 domus
969 647 1163 726 praelecto,
1181 665 1223 710 ac
1240 649 1378 714 medico
1395 660 1434 713 ut
1451 669 1508 714 cu·

274 769 351 814 ram
367 752 405 815 P.
423 751 539 815 Pontii
554 753 737 830 haberent,
754 753 1027 829 commendans;
1044 771 1114 834 quo
1130 753 1203 834 jam
1219 759 1506 839 convalescente,

273 859 462 938 pecuniam
477 859 591 922 eidem
604 860 757 940 reliquit,
774 869 812 956 qt
828 860 1000 940 paulatim
1023 869 1058 923 et
1077 861 1262 924 commode
1282 863 1508 929 Avenionem

267 967 423 1029 veniret.
438 965 613 1045 Quamdiu
626 967 854 1046 navigarunt,
869 976 903 1029 et
918 976 1000 1029 ante
1013 968 1293 1048 navigationem,
1307 969 1510 1036 cardinalis

273 1071 466 1136 Farnesius
495 1073 612 1136 cibum
640 1075 775 1137 nullum
803 1074 1022 1153 prohibitum
1050 1075 1086 1136 in
1122 1073 1408 1154 Quadragcsima
1440 1079 1508 1142 sibi

274 1179 427 1258 proponi
441 1180 564 1257 voluit,
582 1191 616 1242 et
631 1197 772 1260 semper
785 1197 872 1243 suae
888 1197 1031 1243 mensae
1044 1181 1202 1244 assidere
1215 1180 1254 1244 P.
1270 1181 1435 1247 Pontium
1447 1203 1507 1248 vo·

275 1287 350 1364 luit,
368 1295 402 1349 et
418 1286 464 1348 ad
478 1287 612 1366 optima
635 1304 796 1368 quaeque
821 1288 978 1350 animum
1004 1304 1221 1368 propensum
1246 1305 1385 1370 semper
1411 1293 1508 1355 exhi·

274 1393 362 1472 buit,
380 1402 415 1456 et
429 1394 465 1455 in
480 1403 555 1456 tota
578 1395 721 1456 trireme
741 1394 905 1472 religiose
925 1412 964 1456 se
983 1411 1110 1472 gerere
1130 1393 1168 1457 Ρ.
1190 1394 1318 1459 Pontio
1340 1398 1508 1462 videban-

267 1485 349 1579 *tur;
367 1517 432 1563 nec
448 1501 609 1563 omittam
624 1512 698 1563 tam
713 1501 872 1565 districte
887 1501 1068 1564 Marsiliae
1083 1511 1117 1564 et
1132 1502 1168 1564 in
1184 1501 1373 1567 Provincia
1399 1506 1509 1570 absti-

273 1607 432 1670 nentiam
459 1608 803 1688 quadragesimalem
830 1609 863 1670 id
889 1609 1062 1689 temporis
1079 1607 1190 1671 fuisse
1212 1610 1451 1691 observatam,
1469 1622 1508 1677 ut

270 1731 354 1776 cum
373 1715 530 1778 medicus
546 1715 788 1778 necessarium
802 1731 880 1778 esse
900 1733 1003 1778 usum
1025 1717 1187 1779 carnium
1206 1715 1245 1779 Ρ.
1268 1715 1395 1781 Pontio
1414 1718 1507 1782 dicc-

271 1830 338 1899 ret,
368 1830 402 1883 et
427 1821 667 1885 confessarius
692 1839 734 1884 ac
759 1821 927 1885 Vicarius
949 1821 1184 1884 Marsiliensis
1206 1821 1299 1886 idem
1321 1823 1506 1888 confirma·

271 1938 363 2007 rent,
380 1928 443 1990 vix
458 1938 588 2006 tamen,
606 1930 681 1991 sine
697 1927 906 1991 offendiculo
919 1929 1082 2007 aliorum,
1097 1929 1264 1991 carnibus
1276 1931 1375 1994 vesci
1386 1941 1505 2011 potue·

271 2034 329 2110 rit,
356 2045 391 2097 et
417 2046 608 2114 antequam
633 2035 790 2098 medicus
816 2037 1055 2112 consuluerat,
1081 2035 1155 2116 eius
1180 2053 1283 2100 usum
1305 2038 1506 2120 relinquere

271 2140 401 2204 debuit.

329 2249 401 2310 947.
444 2248 667 2312 Avenionem
683 2249 823 2312 demum
837 2249 1002 2328 pervenit
1017 2258 1051 2311 et
1066 2267 1087 2311 a
1104 2247 1286 2314 Cardinali
1307 2261 1413 2331 atque
1429 2252 1505 2332 ejus

265 2357 369 2418 curia
386 2365 546 2419 amanter
565 2367 735 2436 exceptus
750 2364 815 2434 est3
839 2365 874 2418 et
898 2373 980 2419 cum
1005 2357 1050 2419 ab
1066 2374 1108 2419 eo
1134 2356 1340 2421 facultatem
1366 2370 1505 2438 peteret

269 2470 307 2524 ut
323 2462 540 2542 Brugnolam
555 2463 566 2495 ¹
582 2464 632 2526 ire
644 2463 712 2526 sibi
726 2465 859 2541 liceret,
878 2463 1125 2528 dissimulabat
1141 2462 1354 2544 Cardinalis,
1376 2475 1410 2528 et
1434 2467 1504 2531 alia

267 2568 312 2631 de
328 2587 366 2631 re
381 2587 582 2633 sermonem
593 2570 776 2646 inserebat,
791 2569 995 2648 aliquandiu
1010 2570 1104 2632 enim
1116 2570 1279 2634 cumdem
1291 2572 1338 2634 ibi
1350 2573 1504 2636 retinere

267 2676 462 2755 cogitabat.
475 2676 631 2741 Vocavit
644 2686 762 2740 autem
774 2675 1016 2756 Pro-legatum
1028 2675 1317 2743 Avenionensem
1328 2677 1339 2708 ³
1352 2688 1386 2743 et
1398 2679 1504 2745 Vica-

268 2784 371 2862 rium,
389 2785 635 2864 commisitque
650 2785 718 2847 illis
735 2784 937 2848 Cardinalis
953 2794 990 2846 ut
1002 2784 1212 2864 singillatim
1224 2802 1348 2850 omnes
1363 2788 1502 2852 concio·

266 2899 424 2969 natoreS,
441 2890 628 2954 Avenione
643 2910 685 2954 ea
701 2890 984 2971 Quadragcsima
1009 2892 1270 2971 praedicantes,
1294 2893 1400 2957 simul
1421 2912 1504 2959 cum

268 2995 374 3060 Patre
390 2997 515 3061 Pontio
530 2998 702 3061 audirent.
724 2997 782 3061 Ad
798 2998 1003 3061 monialium
1018 2999 1125 3061 ctiam
1142 3001 1360 3063 monasteria
1383 3002 1502 3065 omnia

264 3120 349 3167 cum
365 3104 487 3167 eodem
503 3106 554 3168 ire
566 3104 681 3183 jussit.
705 3105 850 3168 Vicario
867 3112 986 3168 autem
1011 3122 1172 3167 seorsum
1193 3124 1236 3168 ac
1257 3105 1354 3169 Patri
1374 3106 1502 3171 Pontio

263 3212 454 3289 commisit,
471 3222 508 3275 ut
524 3212 763 3275 confessarios
774 3211 960 3274 Avenione
975 3210 1123 3274 idoneos
1139 3214 1306 3277 constitui
1320 3225 1501 3295 curarent;

264 3328 301 3381 et
316 3319 457 3399 quidem
473 3337 514 3382 eo
532 3330 690 3399 tempore
706 3328 782 3381 erat
798 3334 950 3397 magnus
964 3318 1221 3397 poenitentium
1236 3320 1281 3381 ad
1297 3321 1366 3383 hoc
1380 3340 1500 3385 sacra·

266 3436 423 3489 mentum
434 3443 629 3493 concursus
640 3432 785 3505 propter
796 3424 924 3488 festum
935 3424 1227 3489 Annuntiationis
1236 3427 1278 3490 B.
1292 3427 1455 3507 Virginis
1466 3438 1502 3492 et

266 3533 701 3614 indulgentiasquasdam.
718 3549 809 3612 quae
826 3541 901 3595 tota
925 3531 1208 3611 Quadragesima
1230 3550 1385 3613 magnae
1405 3545 1499 3615 sunt,

264 3650 374 3720 atque
389 3640 534 3703 Romae.

325 3746 397 3810 948.
442 3746 608 3811 Vicarius
623 3764 720 3827 erg0,
738 3748 794 3809 vir
810 3745 946 3823 doctus,
962 3763 1084 3809 secum
1103 3745 1251 3810 deduxit
1275 3748 1312 3811 P.
1335 3747 1501 3817 Pontium

265 3862 304 3917 ut
318 3855 493 3935 insignem
509 3854 697 3934 quemdam
708 3851 993 3933 praedicatorem
1006 3851 1149 3916 Ordinis
1164 3852 1226 3917 gn
1243 3852 1422 3919 Dominici
1438 3876 1499 3922 au·

262 3962 370 4038 diret;
402 3973 436 4024 et
465 3962 591 4025 deinde
620 3962 908 4051 concionatorem
937 3960 1041 4022 simul
1068 3976 1149 4024 cum
1173 3962 1297 4025 eodem
1323 3962 1429 4027 Patre
1455 3965 1501 4029 ad

267 4130 465 4139 ——u

304 4238 313 4271 ¹
342 4237 392 4290 Sic;
401 4238 497 4281 rectius
508 4244 533 4281 et
544 4238 704 4292 frequentius
716 4236 898 4290 Ardinglrello.
910 4236 951 4278 vel
962 4235 1141 4287 ardinghettt.
1152 4236 1177 4279 ls
1185 4238 1240 4291 jam
1252 4238 1339 4291 plures
1347 4250 1429 4284 annos
1440 4238 1501 4285 Cer·

258 4309 341 4354 dinali
354 4309 519 4363 inservierat,
530 4310 602 4361 cujus
614 4310 713 4352 nominc
724 4308 912 4361 Imperatorem
928 4308 1049 4351 adiverat
1067 4319 1133 4351 anno
1146 4308 1206 4351 1550.
1218 4309 1285 4353 Vide
1297 4311 1421 4364 Aoniam,
1436 4310 1501 4355 Isto·

262 4382 304 4425 n'a
315 4381 361 4425 dei
371 4384 431 4424 suoi
441 4382 535 4435 tempi,
546 4382 588 4424 iol.
600 4382 647 4429 285.
660 4382 693 4425 Α.

302 4454 313 4484 ¹
341 4452 407 4497 Vide
419 4464 507 4505 supra.
517 4464 577 4507 pag.
588 4454 609 4503 9,
620 4464 644 4495 n.
654 4452 676 4503 9,
688 4457 776 4495 annot.
788 4452 808 4494 2.

301 4524 313 4557 ὅ
340 4525 463 4575 Jacobum
473 4524 582 4567 Mariam
594 4524 662 4576 Sala,
674 4524 831 4578 Episcopum
842 4523 1038 4567 vivaniensem.
1049 4523 1175 4576 Caossnr,
1188 4524 1241 4567 Les
1257 4525 1501 4580 Jesuitesetleurs
1576 4507 1580 4517 ⁵

259 4608 368 4641 oeuvres
379 4599 394 4640 a
407 4597 600 4649 avignonmap.
613 4607 628 4646 ι,
637 4606 696 4650 pag.
705 4597 726 4638 l.
739 4598 837 4639 auctor
848 4596 972 4638 lectorem
980 4596 1091 4639 remlttit
1102 4597 1135 4639 ed
1145 4595 1173 4638 P.
1184 4596 1261 4650 Paua,
1272 4597 1418 4643 Memoires
1427 4604 1502 4654 pom·

262 4672 377 4713 serviro
389 4670 519 4712 l'lrlstoirr
531 4668 566 4709 dn
578 4668 641 4721 pere
652 4666 742 4718 Broet,
753 4674 810 4719 etc,
821 4678 881 4720 pag.
895 4668 944 4720 ‘ite
957 4678 1046 4710 verum
1058 4668 1083 4711 in
1094 4678 1125 4711 ea
1135 4679 1198 4721 pag.
1212 4668 1278 4711 nibil
1291 4671 1344 4713 tale
1356 4670 1498 4725 reperitur,

263 4744 309 4787 sed
320 4744 344 4785 ln
355 4753 414 4797 pag.
424 4740 472 4793 338,
483 4742 526 4784 ubi
538 4746 623 4783 tameo
636 4747 730 4783 mentio
742 4750 790 4781 non
803 4738 829 4781 lit
842 4739 1108 4792 vice-legatl.-Vlde
1119 4740 1197 4791 inira,
1209 4750 1233 4783 n.
1244 4740 1294 4785 966.
