3717 5400
413 477 469 537 674
870 478 997 539 Cannu.
1018 478 1096 538 Soc.
1116 479 1186 552 Jns.

412 625 462 688 tio
478 623 606 688 missas
621 625 658 687 in
673 623 949 689 christianorum
965 623 1148 703 auxilium,
1165 632 1200 688 et
1215 623 1409 702 admonuit,
1425 641 1507 688 cum
1525 623 1635 704 huJ'us·

413 730 511 794 modi
525 730 644 811 aliqua
658 730 854 810 mittuntur,
871 739 909 794 ut
924 746 1031 810 quam
1046 729 1232 812 perspicue
1250 729 1328 796 fieri
1347 740 1466 812 posset
1484 731 1634 795 declara·

412 845 553 913 rentur;
581 855 666 901 nam
689 838 824 919 alioqui
848 838 1037 901 multorum
1062 837 1411 918 interpretationibus
1433 836 1509 901 fore
1534 838 1630 902 obno-

411 944 511 1010 xium
526 944 617 1024 (sic).

420 1081 431 1102 s
475 1049 564 1116 1860.
606 1051 770 1126 Habebat
780 1069 901 1116 secum
913 1051 1088 1116 Chaulani
1099 1051 1338 1132 duosfratres,
1350 1051 1545 1116 Antonium
1555 1051 1635 1116 Fer-

412 1160 551 1225 nandez
565 1169 600 1223 et
613 1159 870 1241 Hieronymum
884 1158 1092 1224 Fernandez
1108 1158 1136 1238 ¹,
1157 1176 1308 1241 quorum
1329 1169 1476 1242 uterque
1495 1149 1637 1241 egregie

412 1285 476 1332 suo
490 1265 729 1348 fungebantur
744 1265 858 1330 officio
873 1275 949 1330 tum
967 1266 1004 1330 in
1024 1266 1144 1346 pueris
1163 1265 1398 1343 instituendis
1415 1276 1490 1331 tum
1505 1268 1542 1330 in
1561 1267 1638 1330 aliis

412 1373 617 1454 domesticis
632 1373 858 1454 exequendis.
875 1372 1033 1454 Uterque
1055 1381 1173 1459 autem
1193 1373 1369 1438 docebant
1389 1373 1425 1436 in
1444 1373 1586 1451 scholis,
1603 1382 1635 1437 et

412 1481 508 1545 domi
527 1480 634 1545 etiam
653 1480 690 1544 in
712 1480 861 1560 privatis
880 1479 1023 1559 studiis,
1046 1489 1151 1560 prout
1166 1497 1187 1542 a
1202 1475 1240 1542 P.
1261 1478 1409 1544 Nicolao
1429 1480 1633 1559 didicerant,

413 1588 547 1652 utiliter
561 1605 601 1652 se
615 1589 840 1668 exercebant3
855 1605 920 1652 nec
939 1588 1081 1652 interim
1100 1587 1272 1651 orationis
1294 1605 1337 1651 ac
1356 1587 1556 1652 devotionis
1570 1597 1635 1651 stu·

411 1696 470 1760 dia
483 1695 701 1760 omittebant.
715 1693 877 1775 Triginta
889 1711 954 1759 sex
964 1711 1095 1775 pueros
1105 1696 1170 1758 sub
1182 1694 1320 1758 initium
1330 1693 1434 1773 hujus
1446 1695 1530 1759 anni
1544 1695 1639 1760 domi

412 1803 529 1868 alebat
543 1801 581 1866 P.
598 1801 777 1882 Nicolaus;
794 1801 883 1866 alios
897 1819 969 1865 non
982 1819 1129 1883 paucoS,
1146 1800 1312 1882 quiajam
1325 1801 1536 1881 grandiores
1553 1811 1638 1866 natu

411 1919 513 1974 erant
533 1918 567 1972 et
586 1909 623 1973 in
644 1909 838 1974 christiana
852 1907 1014 1972 doctrina
1035 1909 1210 1988 instructi,
1227 1908 1273 1973 ad
1292 1909 1417 1972 domos
1434 1925 1521 1972 suas
1539 1909 1639 1973 remi·

412 2025 518 2095 serat,
541 2017 600 2079 vel
618 2017 656 2080 in
675 2016 836 2081 domibus
850 2017 1085 2080 lusitanorum
1100 2017 1352 2095 collocaverat,
1368 2017 1534 2096 quamvis
1550 2015 1643 2079 alios

412 2123 614 2203 quindecim
629 2132 690 2187 aut
705 2122 833 2202 viginti
847 2140 892 2186 ex
911 2123 1098 2186 maritimis
1112 2120 1332 2187 Commurini
1350 2121 1396 2184 ad
1414 2139 1453 2186 se
1468 2121 1561 2185 mitti
1572 2121 1642 2202 Jus-

411 2238 519 2305 serat‚
536 2239 575 2294 ut
590 2231 716 2294 saltem
731 2228 776 2293 ad
792 2230 1049 2309 quinquaginta
1064 2246 1186 2294 eorum
1202 2246 1370 2293 numerus
1384 2230 1599 2310 perveniret.

474 2333 563 2398 1861.
605 2334 674 2400 Pro
689 2353 787 2399 more
803 2349 921 2398 autem
936 2351 1001 2398 suo
1021 2336 1212 2400 conciones
1231 2335 1325 2416 apud
1345 2336 1441 2417 ipsos
1460 2339 1520 2400 vel
1539 2336 1645 2418 spiri·

412 2443 522 2507 tualia
537 2442 713 2523 colloquia
734 2441 899 2520 babebat,
920 2441 1037 2506 minus
1055 2450 1175 2506 tamen
1192 2435 1394 2522 frequenter
1413 2460 1521 2524 quam
1541 2443 1646 2524 prius

412 2559 557 2630 propter
571 2548 784 2614 valetudinis
799 2547 903 2612 valde
919 2547 1071 2612 afflictae
1090 2547 1316 2613 debilitatem.
1337 2548 1407 2614 Ubi
1424 2559 1545 2615 autem
1565 2550 1648 2631 ipse

412 2655 608 2736 deficiebat,
626 2655 701 2737 eJ'us
721 2655 809 2721 socii
827 2654 1015 2737 diligenter
1032 2655 1255 2737 supplebant.
1273 2654 1354 2721 Non
1373 2673 1500 2737 pamm
1521 2667 1645 2723 autern

411 2766 599 2828 molestum
613 2772 690 2827 erat
704 2763 801 2828 Patri
815 2762 962 2827 Nicolao
977 2763 1187 2844 temporalia
1202 2763 1360 2828 subsidia
1379 2764 1462 2829 huic
1479 2764 1649 2845 Collegio

412 2871 614 2951 impetrare;
632 2871 747 2933 nullos
761 2870 855 2934 enim
874 2870 1009 2935 reditus
1027 2869 1181 2934 babebat
1200 2872 1300 2949 alios,
1321 2888 1429 2951 quam
1447 2873 1647 2953 eleemosy-

412 2994 495 3041 nam
515 2977 627 3052 illam,
644 2993 750 3056 quam
764 2975 841 3040 Rex
856 2976 1117 3040 subministrari
1131 2976 1183 3039 eis
1194 2974 1339 3057 jubebat
1353 2978 1391 3041 in
1404 2979 1569 3059 singulos
1583 2996 1648 3042 an·

411 3099 479 3148 nos
493 3082 517 3162 ¹3
534 3081 596 3147 sed
611 3083 763 3147 ministri
778 3082 887 3163 Regis
902 3082 978 3165 ejus
992 3084 1212 3148 voluntatem
1226 3093 1301 3148 tam
1315 3086 1407 3148 male
1418 3086 1650 3166 exequeban-

412 3200 479 3269 tur,
496 3189 738 3273 utaliquando
754 3192 952 3272 relinquere
966 3191 1083 3255 minus
1097 3192 1285 3256 molestum
1299 3209 1407 3273 quam
1425 3209 1653 3273 recuperare

411 3297 602 3361 videretur.
619 3296 665 3361 Et
679 3308 798 3361 tamen
814 3298 945 3378 optime
960 3307 995 3362 et
1010 3314 1189 3379 expensae
1207 3306 1242 3362 et
1262 3298 1362 3362 labor
1380 3299 1416 3362 in
1436 3297 1651 3378 hujusmodi

413 3404 532 3486 pueris
547 3404 682 3468 alendis
696 3414 731 3467 et
748 3404 972 3468 instituendis
987 3404 1267 3484 collocabantur,
1283 3406 1342 3484 qui
1358 3403 1432 3485 J'am
1451 3406 1650 3472 lusitanice

413 3511 510 3592 loqui
531 3528 613 3575 cum
634 3510 850 3589 didicissent,
878 3510 984 3574 etiam
1010 3510 1053 3574 de
1080 3511 1236 3592 peccatis
1260 3511 1518 3576 confitebantur
1544 3512 1653 3578 Patri

411 3616 569 3697 Nicolao,
585 3618 646 3699 qui
660 3617 847 3682 iuratione
861 3618 951 3681 bene
962 3616 1151 3681 confitendi
1162 3627 1197 3681 et
1208 3628 1433 3683 sacramenta
1443 3620 1655 3702 percipien-

411 3724 446 3788 di
461 3742 522 3789 eos
537 3725 745 3788 instruebat.
769 3724 813 3787 Et
835 3724 935 3787 multi
956 3742 1002 3787 ex
1021 3724 1073 3788 eis
1092 3724 1128 3787 in
1148 3722 1336 3788 devotione
1357 3726 1460 3790 valde
1478 3726 1654 3807 proficie-

410 3830 510 3909 bant,
538 3840 574 3895 et
593 3830 712 3894 multis
734 3848 814 3893 cum
838 3831 1009 3911 lacrymis
1028 3830 1304 3910 confitebantur,
1327 3839 1361 3894 et
1381 3831 1485 3911 signa
1504 3850 1656 3915 magna

410 3936 541 4002 interni
555 3937 736 4018 profectus
750 3936 786 3999 in
801 3937 963 4000 veritatis
979 3938 1182 4016 cognitione
1194 3955 1281 4018 prae
1295 3954 1334 4000 se
1348 3937 1518 4003 ferebant.

472 4044 560 4109 1862.
603 4043 764 4107 Ecclesia
793 4061 838 4107 ex
868 4043 1045 4124 lapidibus
1072 4052 1107 4108 et
1135 4045 1234 4109 calce
1266 4044 1427 4109 coniecta
1456 4044 1534 4126 Jam
1568 4059 1660 4115 erat

410 4167 517 4231 opera
532 4150 571 4214 P.
587 4149 737 4230 Nicolai,
753 4150 815 4213 sed
830 4167 1010 4230 nunquam
1025 4152 1137 4216 coctis
1150 4152 1278 4232 tegulis
1289 4169 1370 4216 eam
1380 4161 1500 4233 tegere
1511 4156 1569 4219 ad
1583 4156 1661 4221 boc

412 4274 522 4339 usque
546 4265 684 4337 tempus
706 4265 889 4337 potuerat,
915 4258 960 4320 ob
984 4257 1174 4336 lignorum,
1200 4277 1291 4338 quae
1316 4269 1409 4323 tecto
1433 4266 1662 4330 necessaria

409 4374 523 4441 erant,
551 4363 749 4443 penuriam
775 4364 837 4427 sed
853 4362 928 4444 jam
950 4365 1056 4427 rebus
1075 4364 1288 4429 necessariis
1307 4368 1560 4451 comportatiS,
1586 4370 1665 4439 hoc

450 4660 458 4692 ¹
487 4657 538 4712 Stc;
549 4657 575 4701 in
585 4658 662 4713 unlus
673 4664 759 4704 tamen
768 4660 922 4704 mentionem
933 4670 999 4704 nnnc
1009 4662 1093 4716 primo
1102 4661 1246 4705 incidimus.

448 4730 461 4763 ²
488 4728 555 4775 Vide
565 4740 654 4785 supra,
664 4736 684 4775 t.
694 4742 721 4783 11,
729 4742 789 4787 pag.
800 4730 849 4785 758,
859 4744 884 4775 n.
893 4730 942 4784 72¹7.
953 4740 979 4775 et
988 4733 1064 4788 inira,
1074 4744 1099 4777 n.
1110 4732 1170 4777 tuot.
