3717 5400
807 510 871 569 An.
895 510 965 570 1555
1447 511 1504 572 879

262 655 482 734 properabat
496 654 770 732 Barchinonam‚
788 673 858 720 non
874 657 1030 720 admisso
1044 657 1187 736 viatico,
1201 659 1296 739 quod
1306 659 1501 724 liberaliter

268 761 436 824 monachi
450 761 657 838 offerebant,
673 763 755 826 inde
771 763 945 827 discessit.

330 867 418 932 1022.
461 867 548 932 Cum
564 870 827 934 Barchinonam
841 871 953 951 pridie
968 869 1029 934 gn
1047 871 1217 936 Antonii¹
1233 873 1297 936 sub
1309 890 1500 953 vesperam

266 976 508 1058 pervenisset,
539 975 615 1055 ejus
640 977 737 1039 urbis
759 976 869 1056 jurati
895 976 940 1040 ab
965 987 1016 1040 eo·
1032 980 1258 1058 postularunt
1282 988 1320 1041 ut
1346 981 1382 1044 in
1408 979 1500 1044 festo
1525 966 1527 971 ’

263 1084 326 1150 sn
344 1084 545 1150 Sebastiani
560 1086 571 1116 ²
585 1086 794 1150 concionem
809 1084 968 1165 haberet,
985 1103 1066 1150 eum
1081 1086 1127 1150 ad
1142 1085 1218 1166 ejus
1232 1089 1403 1167 templum
1418 1086 1499 1168 Epi·

267 1211 397 1274 scopus
411 1195 433 1271 ³,
451 1191 634 1270 canonici,
651 1191 824 1256 Consules
845 1202 879 1256 et
901 1194 961 1257 alii
980 1195 1116 1257 nobiles
1136 1195 1206 1257 viri
1219 1195 1256 1258 in
1271 1195 1499 1274 processione

267 1317 333 1380 pro
347 1319 445 1364 more
460 1317 525 1363 suo
541 1312 642 1364 erant
658 1302 752 1364 ituri.
770 1300 946 1365 Postridie
960 1319 1031 1381 quo
1046 1320 1089 1365 eo
1103 1313 1263 1381 venerat,
1279 1303 1498 1382 Episcopum

269 1417 303 1470 et
318 1407 524 1488 Pro-regem
539 1405 551 1438 ⁴
565 1421 600 1472 et
615 1409 703 1471 alios
719 1427 763 1472 ex
778 1410 992 1489 primoribus
1008 1410 1105 1473 urbis
1118 1409 1252 1489 invisit,
1269 1419 1304 1473 et
1319 1409 1363 1472 ab
1387 1411 1497 1473 omni-

267 1513 335 1580 bus
349 1533 429 1580 cum
446 1532 575 1594 magna
591 1516 859 1580 benevolentiae
879 1515 1139 1594 significatione
1157 1516 1223 1580 fuit
1244 1527 1427 1597 exceptus.
1453 1517 1497 1579 Et

266 1623 380 1686 abbas
394 1623 519 1686 Petrus
535 1621 742 1686 Domeneeh
758 1621 769 1654 ⁵
785 1640 864 1686 cum
881 1624 951 1686 alio
966 1624 1120 1703 quodam
1142 1624 1397 1702 eeclesiastico,
1420 1624 1496 1686 viro

267 1731 449 1810 primario,
468 1747 547 1794 eum
562 1730 834 1793 comitabantur.
851 1728 1015 1794 Nondum
1034 1733 1191 1795 solverat
1211 1749 1277 1794 sua
1298 1730 1415 1794 debita
1438 1731 1497 1794 ab·

266 1834 333 1902 bas
347 1837 416 1916 hie,
433 1847 467 1901 et
482 1839 531 1900 ita
545 1838 702 1901 nondum
717 1848 855 1919 poterat
871 1854 908 1901 se
924 1837 1091 1919 expedire
1105 1847 1144 1900 ut
1154 1837 1369 1902 Societatem
1380 1838 1497 1916 ingre·

268 1946 413 2010 deretur
431 1941 453 2008 ⁸.
477 1945 515 2010 P.
539 1947 727 2010 Balthasar
746 1945 879 2026 Pignas
898 1947 1103 2024 assignatus
1124 1945 1240 2008 iuerat
1259 1947 1379 2009 socius
1397 1945 1495 2009 Patri

267 2051 419 2116 Stradae
434 2063 471 2116 ut
488 2053 603 2116 studia
618 2054 833 2117 scholastica
854 2055 958 2118 simul
978 2071 1057 2116 curn
1077 2053 1155 2132 ipso
1176 2052 1339 2116 conferre
1359 2057 1491 2133 possen

268 2159 331 2222 sed
346 2160 428 2241 quia
444 2177 507 2240 per
519 2161 772 2240 occupationes
782 2177 854 2223 non
864 2161 1019 2224 vacabat
1031 2159 1129 2223 Patri
1139 2158 1288 2223 Stradae
1300 2160 1356 2222 his
1367 2159 1495 2223 studiis

268 2267 492 2330 scholasticis
517 2267 647 2330 seriam
666 2267 752 2331 dare
774 2285 935 2348 operam,
960 2278 994 2330 et
1020 2268 1056 2330 in
1076 2265 1358 2330 confessionibus
1378 2266 1417 2329 Ρ.
1442 2265 1494 2329 Pi-

264 2390 357 2452 gnas
372 2385 449 2436 erat
470 2373 778 2453 Caesaraugustae
800 2375 1040 2447 necessarius,
1057 2392 1138 2437 eum
1153 2374 1280 2437 ibidem
1302 2373 1442 2454 reliquit
1458 2382 1493 2436 et

267 2479 334 2544 P.¹¹¹
351 2478 664 2544 Sanctamcrucem
679 2482 715 2544 in
731 2482 866 2544 socium
881 2498 1004 2545 secum
1019 2481 1177 2545 deduxit.

331 2586 419 2652 1023.
462 2588 611 2664 Invenit,
634 2587 879 2668 Praepositum
895 2587 971 2668 eius
986 2587 1149 2667 Collegii,
1164 2587 1202 2650 P.
1215 2588 1389 2670 Joannem
1403 2586 1495 2651 Che·

265 2694 345 2758 vrald
373 2693 384 2726 ²
414 2714 459 2758 ex
487 2695 710 2774 aegritudine
738 2697 1058 2773 convalescentem,
1089 2706 1124 2759 et
1149 2694 1186 2759 P.
1213 2695 1314 2759 Gesti
1338 2693 1361 2774 ⁸,
1388 2713 1495 2775 quem

270 2804 383 2882 primo
399 2820 537 2884 quoque
554 2816 723 2883 tempore,
737 2813 775 2866 ut
789 2802 1006 2867 Procurator
1020 2811 1113 2866 esset
1129 2802 1325 2882 Generalis
1343 2802 1494 2867 Romam

264 2919 344 2973 erat
358 2911 542 2988 missurus,
560 2911 590 2973 si
605 2928 730 2973 secura
746 2911 931 2990 navigatio
945 2911 1090 2974 daretur
1101 2908 1123 2969 ⁹.
1138 2910 1337 2986 Ecclesiam
1351 2910 1495 2974 inchoa·

265 3025 340 3079 tam
354 3017 501 3094 invenit,
518 3016 579 3080 sed
595 3018 751 3081 nondum
766 3018 983 3093 absolutam
1000 3017 1146 3081 dederat
1164 3018 1196 3080 ei
1216 3018 1414 3098 Episcopus
1435 3016 1496 3080 Se·

263 3124 465 3203 gorbiensis
494 3124 515 3155 '⁰
531 3125 576 3187 ad
598 3142 677 3188 eam
701 3124 956 3188 absolvendam
980 3134 1159 3187 trecentos
1180 3134 1214 3187 et
1237 3125 1494 3204 quinquaginta

264 3232 417 3294 ducatos
428 3230 461 3309 ¹';
475 3231 536 3294 sed
549 3232 662 3295 nostri
676 3232 977 3295 barchinonenses
992 3250 1053 3295 aes
1069 3233 1221 3295 alienum
1238 3232 1311 3294 sere
1322 3232 1416 3294 mille
1428 3232 1497 3294 du·

269 3348 433 3401 catorum
459 3346 728 3416 contraxerant;
748 3348 783 3401 et
804 3338 953 3401 libenter
976 3337 1075 3401 Patri
1096 3338 1279 3417 Baptistae
1300 3338 1343 3401 de
1365 3338 1496 3401 Barma

264 3461 389 3507 curam
406 3444 555 3508 aliorum
571 3444 800 3523 collegiorum
815 3462 901 3507 suae
923 3442 1137 3507 Provinciae
1162 3445 1382 3524 relinquebat
1404 3442 1439 3523 ¹⁸,
1457 3457 1496 3509 ut

266 3550 276 3611 i
281 3567 341 3629 pse
353 3551 633 3613 Barchinonensi
644 3551 863 3614 sublevando
879 3560 913 3614 et
925 3551 958 3613 ei
969 3551 1105 3614 civitati
1117 3568 1178 3630 per
1191 3551 1494 3631 praedicationem

267 3728 467 3739 ὴ.-

305 3830 314 3863 ¹
345 3830 529 3883 16.⁸Januurii.

304 3900 317 3933 ⁸
342 3902 529 3955 amaranti.

305 3972 316 4004 ³
343 3974 456 4027 jacobus
466 3974 593 4019 Candor.
605 3974 672 4018 Vide
681 3986 769 4029 supra,
780 3981 799 4019 t.
810 3985 845 4027 ιν,
856 3984 916 4029 pag.
926 3974 976 4027 367,
987 3974 1105 4019 annona

305 4047 316 4080 ⁴
342 4047 448 4091 Petrum
459 4047 528 4091 Aiau
538 4048 568 4090 de
580 4046 676 4091 Rlberu
686 4054 712 4090 et
728 4046 921 4091 Portocarrero.
937 4047 1003 4090 Vlde
1015 4057 1102 4101 supra,
1115 4053 1132 4089 t.
1148 4058 1182 4099 rr,
1194 4058 1253 4101 pag.
1268 4046 1317 4097 356,
1328 4052 1416 4090 annot.
1436 4047 1457 4098 2.
1468 4052 1495 4089 et

261 4116 332 4163 inira
342 4120 368 4163 ln
378 4120 426 4163 hoe
438 4127 456 4163 t.
467 4132 493 4174 v,
505 4131 529 4164 n.
542 4119 601 4165 1063.

302 4190 313 4222 ὅ
339 4190 585 4235 Vlllubeltrunensls
604 4190 707 4246 Abba,
728 4193 800 4247 cujus
824 4192 879 4245 lem
898 4192 1002 4246 saepius
1022 4192 1118 4235 mentio
1138 4191 1209 4235 iacta
1230 4196 1314 4233 estet
1333 4189 1379 4233 liet
1399 4191 1425 4233 ln
1444 4191 1495 4234 hoc

259 4260 398 4307 Chronico.

301 4332 313 4365 ⁶
340 4334 407 4379 Vide
418 4347 504 4389 supra²
516 4344 535 4381 t.
547 4348 573 4391 n,
584 4337 695 4392 panesa
706 4337 790 4391 eroso,
801 4336 881 4385 meld.
893 4342 916 4378 et
930 4342 949 4379 t.
960 4346 997 4390 nr,
1008 4348 1068 4391 pag.
1077 4336 1125 4386 366,
1141 4348 1166 4379 n.
1176 4337 1227 4381 829.

302 4406 312 4435 ἵ
340 4406 391 4460 Slc;
403 4416 442 4450 est
453 4418 540 4453 autern
552 4409 667 4463 cheralt,
678 4410 721 4453 vel
731 4408 829 4453 rectius
841 4408 964 4461 Querela

301 4475 314 4509 ³
342 4478 370 4522 P.
381 4480 505 4532 Joannem
517 4480 599 4525 Gestl.

302 4548 314 4581 ⁰
341 4550 407 4596 Vide
419 4563 506 4602 supra.
517 4558 535 4595 t.
547 4564 583 4607 ιν,
592 4564 651 4607 pag.
661 4552 710 4607 373,
721 4564 745 4597 n.
755 4552 803 4606 802,
815 4558 840 4596 et
852 4562 911 4607 pag.
922 4552 961 4595 691
974 4558 1000 4596 et
1011 4553 1058 4601 492,
1071 4565 1095 4595 n.
1107 4552 1168 4596 1010.

291 4622 313 4654 ¹⁰
341 4624 446 4680 Gaspar
455 4625 525 4677 Jolre
536 4626 567 4668 de
584 4624 671 4680 BorJa.

290 4696 312 4730 ¹¹
341 4698 409 4741 Vide
419 4708 506 4753 snpra,
518 4704 537 4741 t.
548 4709 584 4751 ιν,
595 4709 655 4751 pag.
665 4698 714 4751 343,
726 4708 751 4744 n.
761 4698 810 4753 730,
823 4705 849 4742 et
860 4710 922 4753 pag.
933 4698 982 4749 351.
994 4712 1019 4742 n.
1029 4698 1077 4753 756,
1087 4704 1113 4742 et
1125 4710 1185 4754 pag.
1195 4700 1244 4752 tut,
1254 4712 1280 4744 n.
1290 4699 1352 4744 loli.

291 4768 315 4801 ¹¹
343 4768 410 4813 Vide
420 4781 509 4825 supra,
520 4780 580 4825 pag.
590 4769 638 4824 369,
650 4780 675 4813 n.
685 4770 733 4815 996.
