<?xml version="1.0" encoding="UTF-8"?>
<!DOCTYPE html PUBLIC "-//W3C//DTD XHTML 1.0 Transitional//EN"
    "http://www.w3.org/TR/xhtml1/DTD/xhtml1-transitional.dtd">
<html xmlns="http://www.w3.org/1999/xhtml" xml:lang="en" lang="en">
 <head>
  <title>
</title>
<meta http-equiv="Content-Type" content="text/html;charset=utf-8" />
  <meta name='ocr-system' content='tesseract 3.04.00' />
  <meta name='ocr-capabilities' content='ocr_page ocr_carea ocr_par ocr_line ocrx_word'/>
</head>
<body>
  <div class='ocr_page' id='page_1' title='image "./vitaignatiiloio01polagoog_0469.png"; bbox 0 0 3717 5400; ppageno 0'>
   <div class='ocr_carea' id='block_1_1' title="bbox 818 490 1519 553">
    <p class='ocr_par' dir='ltr' id='par_1_1' title="bbox 818 490 1519 553">
     <span class='ocr_line' id='line_1_1' title="bbox 818 490 1519 553; baseline 0.001 -1"><span class='ocrx_word' id='word_1_1' title='bbox 818 493 883 552; x_wconf 85' lang='lat' dir='ltr'>Art.</span> <span class='ocrx_word' id='word_1_2' title='bbox 907 493 978 551; x_wconf 64' lang='lat' dir='ltr'>loto</span> <span class='ocrx_word' id='word_1_3' title='bbox 1460 490 1519 553; x_wconf 77' lang='lat' dir='ltr'>tou</span> 
     </span>
    </p>
   </div>
   <div class='ocr_carea' id='block_1_2' title="bbox 280 637 1530 3717">
    <p class='ocr_par' dir='ltr' id='par_1_2' title="bbox 280 637 1519 1347">
     <span class='ocr_line' id='line_1_2' title="bbox 280 637 1515 724; baseline -0.002 -18"><span class='ocrx_word' id='word_1_4' title='bbox 280 645 381 724; x_wconf 89' lang='lat' dir='ltr'>pluto</span> <span class='ocrx_word' id='word_1_5' title='bbox 396 643 543 719; x_wconf 89' lang='lat' dir='ltr'>distans,</span> <span class='ocrx_word' id='word_1_6' title='bbox 560 650 595 704; x_wconf 90' lang='lat' dir='ltr'>et</span> <span class='ocrx_word' id='word_1_7' title='bbox 609 650 685 703; x_wconf 88' lang='lat' dir='ltr'>tota</span> <span class='ocrx_word' id='word_1_8' title='bbox 699 640 775 703; x_wconf 85' lang='lat' dir='ltr'>fere</span> <span class='ocrx_word' id='word_1_9' title='bbox 789 640 918 703; x_wconf 90' lang='lat' dir='ltr'>civitas</span> <span class='ocrx_word' id='word_1_10' title='bbox 933 638 978 703; x_wconf 90' lang='lat' dir='ltr'>ad</span> <span class='ocrx_word' id='word_1_11' title='bbox 995 637 1208 703; x_wconf 84' lang='lat' dir='ltr'><strong>Societatem</strong></span> <span class='ocrx_word' id='word_1_12' title='bbox 1229 646 1390 703; x_wconf 88' lang='lat' dir='ltr'>nostram</span> <span class='ocrx_word' id='word_1_13' title='bbox 1410 638 1515 703; x_wconf 88' lang='lat' dir='ltr'>valde</span> 
     </span>
     <span class='ocr_line' id='line_1_3' title="bbox 280 744 1514 831; baseline -0.002 -18"><span class='ocrx_word' id='word_1_14' title='bbox 280 763 463 831; x_wconf 90' lang='lat' dir='ltr'>propensa</span> <span class='ocrx_word' id='word_1_15' title='bbox 480 757 568 826; x_wconf 87' lang='lat' dir='ltr'>erat,</span> <span class='ocrx_word' id='word_1_16' title='bbox 585 756 624 810; x_wconf 92' lang='lat' dir='ltr'>ut</span> <span class='ocrx_word' id='word_1_17' title='bbox 637 744 714 825; x_wconf 82' lang='lat' dir='ltr'>cius</span> <span class='ocrx_word' id='word_1_18' title='bbox 735 764 844 827; x_wconf 89' lang='lat' dir='ltr'>opera</span> <span class='ocrx_word' id='word_1_19' title='bbox 867 746 902 809; x_wconf 92' lang='lat' dir='ltr'>in</span> <span class='ocrx_word' id='word_1_20' title='bbox 923 746 1030 811; x_wconf 82' lang='lat' dir='ltr'>rebus</span> <span class='ocrx_word' id='word_1_21' title='bbox 1052 746 1296 825; x_wconf 84' lang='lat' dir='ltr'>spiritualibus</span> <span class='ocrx_word' id='word_1_22' title='bbox 1314 745 1514 827; x_wconf 76' lang='lat' dir='ltr'>Juvaretur.</span> 
     </span>
     <span class='ocr_line' id='line_1_4' title="bbox 281 853 1518 937; baseline -0.002 -17"><span class='ocrx_word' id='word_1_23' title='bbox 281 854 434 937; x_wconf 83' lang='lat' dir='ltr'>Segunti</span> <span class='ocrx_word' id='word_1_24' title='bbox 456 862 642 937; x_wconf 86' lang='lat' dir='ltr'>praeterea</span> <span class='ocrx_word' id='word_1_25' title='bbox 664 854 820 917; x_wconf 89' lang='lat' dir='ltr'>decanus</span> <span class='ocrx_word' id='word_1_26' title='bbox 843 854 1088 933; x_wconf 89' lang='lat' dir='ltr'>septingentos</span> <span class='ocrx_word' id='word_1_27' title='bbox 1109 870 1236 916; x_wconf 86' lang='lat' dir='ltr'>aureos</span> <span class='ocrx_word' id='word_1_28' title='bbox 1257 854 1367 917; x_wconf 92' lang='lat' dir='ltr'>annui</span> <span class='ocrx_word' id='word_1_29' title='bbox 1381 853 1518 917; x_wconf 85' lang='lat' dir='ltr'>reditus</span> 
     </span>
     <span class='ocr_line' id='line_1_5' title="bbox 282 960 1517 1043; baseline -0.003 -16"><span class='ocrx_word' id='word_1_30' title='bbox 282 963 446 1043; x_wconf 86' lang='lat' dir='ltr'>Collegio</span> <span class='ocrx_word' id='word_1_31' title='bbox 462 961 677 1043; x_wconf 80' lang='lat' dir='ltr'>applicabat,</span> <span class='ocrx_word' id='word_1_32' title='bbox 693 969 729 1023; x_wconf 89' lang='lat' dir='ltr'>et</span> <span class='ocrx_word' id='word_1_33' title='bbox 741 960 844 1023; x_wconf 90' lang='lat' dir='ltr'>brevi</span> <span class='ocrx_word' id='word_1_34' title='bbox 857 960 1002 1023; x_wconf 90' lang='lat' dir='ltr'>totidem</span> <span class='ocrx_word' id='word_1_35' title='bbox 1018 961 1107 1023; x_wconf 89' lang='lat' dir='ltr'>alios</span> <span class='ocrx_word' id='word_1_36' title='bbox 1118 960 1362 1041; x_wconf 89' lang='lat' dir='ltr'>applicaturus</span> <span class='ocrx_word' id='word_1_37' title='bbox 1374 960 1517 1024; x_wconf 86' lang='lat' dir='ltr'>videba-</span> 
     </span>
     <span class='ocr_line' id='line_1_6' title="bbox 282 1066 1517 1151; baseline -0.002 -17"><span class='ocrx_word' id='word_1_38' title='bbox 282 1080 355 1151; x_wconf 83' lang='lat' dir='ltr'>tur,</span> <span class='ocrx_word' id='word_1_39' title='bbox 372 1070 403 1133; x_wconf 87' lang='lat' dir='ltr'>si</span> <span class='ocrx_word' id='word_1_40' title='bbox 417 1068 527 1134; x_wconf 84' lang='lat' dir='ltr'>Sedes</span> <span class='ocrx_word' id='word_1_41' title='bbox 540 1067 749 1148; x_wconf 89' lang='lat' dir='ltr'>Apostolica</span> <span class='ocrx_word' id='word_1_42' title='bbox 765 1084 827 1130; x_wconf 94' lang='lat' dir='ltr'>eos</span> <span class='ocrx_word' id='word_1_43' title='bbox 840 1067 947 1130; x_wconf 85' lang='lat' dir='ltr'>vellet</span> <span class='ocrx_word' id='word_1_44' title='bbox 962 1068 1063 1130; x_wconf 91' lang='lat' dir='ltr'>unire</span> <span class='ocrx_word' id='word_1_45' title='bbox 1079 1072 1099 1130; x_wconf 84' lang='lat'>¹.</span> <span class='ocrx_word' id='word_1_46' title='bbox 1122 1066 1167 1131; x_wconf 91' lang='lat' dir='ltr'>Et</span> <span class='ocrx_word' id='word_1_47' title='bbox 1187 1067 1394 1147; x_wconf 90' lang='lat' dir='ltr'>supradicta</span> <span class='ocrx_word' id='word_1_48' title='bbox 1414 1069 1517 1131; x_wconf 91' lang='lat' dir='ltr'>colle·</span> 
     </span>
     <span class='ocr_line' id='line_1_7' title="bbox 281 1172 1519 1257; baseline -0.002 -16"><span class='ocrx_word' id='word_1_49' title='bbox 281 1178 346 1257; x_wconf 82' lang='lat' dir='ltr'>gia</span> <span class='ocrx_word' id='word_1_50' title='bbox 362 1176 519 1240; x_wconf 91' lang='lat' dir='ltr'>admissa</span> <span class='ocrx_word' id='word_1_51' title='bbox 534 1175 676 1256; x_wconf 92' lang='lat' dir='ltr'>quidem</span> <span class='ocrx_word' id='word_1_52' title='bbox 689 1172 831 1237; x_wconf 85' lang='lat' dir='ltr'>suerunt</span> <span class='ocrx_word' id='word_1_53' title='bbox 846 1174 882 1237; x_wconf 94' lang='lat' dir='ltr'>in</span> <span class='ocrx_word' id='word_1_54' title='bbox 897 1173 965 1237; x_wconf 93' lang='lat' dir='ltr'>hac</span> <span class='ocrx_word' id='word_1_55' title='bbox 985 1174 1170 1254; x_wconf 88' lang='lat' dir='ltr'>provincia</span> <span class='ocrx_word' id='word_1_56' title='bbox 1188 1175 1377 1254; x_wconf 84' lang='lat' dir='ltr'>Castellae,</span> <span class='ocrx_word' id='word_1_57' title='bbox 1398 1192 1519 1256; x_wconf 91' lang='lat' dir='ltr'>quam·</span> 
     </span>
     <span class='ocr_line' id='line_1_8' title="bbox 287 1280 926 1347; baseline -0.009 0"><span class='ocrx_word' id='word_1_58' title='bbox 287 1285 345 1347; x_wconf 83' lang='lat' dir='ltr'>vis</span> <span class='ocrx_word' id='word_1_59' title='bbox 359 1301 432 1347; x_wconf 92' lang='lat' dir='ltr'>non</span> <span class='ocrx_word' id='word_1_60' title='bbox 447 1282 565 1346; x_wconf 89' lang='lat' dir='ltr'>omnia</span> <span class='ocrx_word' id='word_1_61' title='bbox 580 1291 666 1345; x_wconf 90' lang='lat' dir='ltr'>tunc</span> <span class='ocrx_word' id='word_1_62' title='bbox 680 1280 926 1343; x_wconf 84' lang='lat' dir='ltr'>maturuerint.</span> 
     </span>
    </p>

    <p class='ocr_par' dir='ltr' id='par_1_3' title="bbox 282 1386 1523 2646">
     <span class='ocr_line' id='line_1_9' title="bbox 351 1386 1519 1471; baseline -0.001 -19"><span class='ocrx_word' id='word_1_63' title='bbox 351 1390 440 1455; x_wconf 84' lang='lat'>1257.</span> <span class='ocrx_word' id='word_1_64' title='bbox 483 1390 682 1470; x_wconf 90' lang='lat' dir='ltr'>Episcopus</span> <span class='ocrx_word' id='word_1_65' title='bbox 698 1386 886 1451; x_wconf 89' lang='lat' dir='ltr'>Ovetensis</span> <span class='ocrx_word' id='word_1_66' title='bbox 900 1391 923 1464; x_wconf 83' lang='lat'>¹,</span> <span class='ocrx_word' id='word_1_67' title='bbox 941 1387 986 1450; x_wconf 89' lang='lat' dir='ltr'>ad</span> <span class='ocrx_word' id='word_1_68' title='bbox 1002 1406 1106 1468; x_wconf 87' lang='lat' dir='ltr'>quern</span> <span class='ocrx_word' id='word_1_69' title='bbox 1127 1406 1220 1451; x_wconf 89' lang='lat' dir='ltr'>anno</span> <span class='ocrx_word' id='word_1_70' title='bbox 1241 1390 1417 1471; x_wconf 88' lang='lat' dir='ltr'>superiori</span> <span class='ocrx_word' id='word_1_71' title='bbox 1438 1388 1519 1451; x_wconf 89' lang='lat' dir='ltr'>mis·</span> 
     </span>
     <span class='ocr_line' id='line_1_10' title="bbox 282 1492 1522 1576; baseline -0.001 -18"><span class='ocrx_word' id='word_1_72' title='bbox 282 1512 365 1560; x_wconf 85' lang='lat' dir='ltr'>sum</span> <span class='ocrx_word' id='word_1_73' title='bbox 386 1514 464 1560; x_wconf 89' lang='lat' dir='ltr'>esse</span> <span class='ocrx_word' id='word_1_74' title='bbox 486 1492 664 1576; x_wconf 85' lang='lat' dir='ltr'>[diximus]</span> <span class='ocrx_word' id='word_1_75' title='bbox 686 1492 829 1557; x_wconf 91' lang='lat' dir='ltr'>Patrem</span> <span class='ocrx_word' id='word_1_76' title='bbox 850 1492 1082 1557; x_wconf 88' lang='lat' dir='ltr'>Bustamante</span> <span class='ocrx_word' id='word_1_77' title='bbox 1104 1512 1186 1558; x_wconf 91' lang='lat' dir='ltr'>cum</span> <span class='ocrx_word' id='word_1_78' title='bbox 1208 1496 1305 1559; x_wconf 88' lang='lat' dir='ltr'>socio</span> <span class='ocrx_word' id='word_1_79' title='bbox 1324 1493 1347 1573; x_wconf 82' lang='lat'>⁸,</span> <span class='ocrx_word' id='word_1_80' title='bbox 1369 1495 1522 1574; x_wconf 88' lang='lat' dir='ltr'>urgebat</span> 
     </span>
     <span class='ocr_line' id='line_1_11' title="bbox 283 1600 1520 1683; baseline 0 -18"><span class='ocrx_word' id='word_1_81' title='bbox 283 1604 393 1667; x_wconf 85' lang='lat' dir='ltr'>ctiam</span> <span class='ocrx_word' id='word_1_82' title='bbox 408 1613 446 1665; x_wconf 91' lang='lat' dir='ltr'>ut</span> <span class='ocrx_word' id='word_1_83' title='bbox 461 1603 496 1665; x_wconf 91' lang='lat' dir='ltr'>in</span> <span class='ocrx_word' id='word_1_84' title='bbox 511 1603 666 1681; x_wconf 84' lang='lat' dir='ltr'>gratiam</span> <span class='ocrx_word' id='word_1_85' title='bbox 685 1600 913 1664; x_wconf 89' lang='lat' dir='ltr'>Asturiarum</span> <span class='ocrx_word' id='word_1_86' title='bbox 932 1600 1081 1678; x_wconf 92' lang='lat' dir='ltr'>(montes</span> <span class='ocrx_word' id='word_1_87' title='bbox 1104 1612 1186 1665; x_wconf 90' lang='lat' dir='ltr'>sunt</span> <span class='ocrx_word' id='word_1_88' title='bbox 1208 1600 1346 1683; x_wconf 89' lang='lat' dir='ltr'>oppidis</span> <span class='ocrx_word' id='word_1_89' title='bbox 1368 1620 1410 1665; x_wconf 88' lang='lat' dir='ltr'>ac</span> <span class='ocrx_word' id='word_1_90' title='bbox 1432 1602 1520 1665; x_wconf 91' lang='lat' dir='ltr'>locis</span> 
     </span>
     <span class='ocr_line' id='line_1_12' title="bbox 284 1707 1518 1792; baseline -0.002 -18"><span class='ocrx_word' id='word_1_91' title='bbox 284 1710 528 1792; x_wconf 77' lang='lat' dir='ltr'>frequentibus</span> <span class='ocrx_word' id='word_1_92' title='bbox 557 1708 744 1772; x_wconf 88' lang='lat' dir='ltr'>inhabitati</span> <span class='ocrx_word' id='word_1_93' title='bbox 771 1718 807 1771; x_wconf 90' lang='lat' dir='ltr'>et</span> <span class='ocrx_word' id='word_1_94' title='bbox 840 1724 1063 1788; x_wconf 91' lang='lat' dir='ltr'>summopere</span> <span class='ocrx_word' id='word_1_95' title='bbox 1097 1707 1259 1772; x_wconf 87' lang='lat' dir='ltr'>doctrina</span> <span class='ocrx_word' id='word_1_96' title='bbox 1294 1708 1518 1789; x_wconf 85' lang='lat' dir='ltr'>indigentes),</span> 
     </span>
     <span class='ocr_line' id='line_1_13' title="bbox 286 1814 1519 1897; baseline 0.001 -18"><span class='ocrx_word' id='word_1_97' title='bbox 286 1817 478 1896; x_wconf 83' lang='lat' dir='ltr'>collegium</span> <span class='ocrx_word' id='word_1_98' title='bbox 493 1816 622 1879; x_wconf 89' lang='lat' dir='ltr'>ibidem</span> <span class='ocrx_word' id='word_1_99' title='bbox 637 1815 881 1894; x_wconf 71' lang='lat' dir='ltr'>inchoaretur,</span> <span class='ocrx_word' id='word_1_100' title='bbox 902 1823 937 1877; x_wconf 88' lang='lat' dir='ltr'>et</span> <span class='ocrx_word' id='word_1_101' title='bbox 951 1815 1114 1894; x_wconf 89' lang='lat' dir='ltr'>quamvis</span> <span class='ocrx_word' id='word_1_102' title='bbox 1130 1816 1175 1878; x_wconf 88' lang='lat' dir='ltr'>ad</span> <span class='ocrx_word' id='word_1_103' title='bbox 1196 1816 1412 1879; x_wconf 89' lang='lat' dir='ltr'>dotationem</span> <span class='ocrx_word' id='word_1_104' title='bbox 1432 1814 1519 1897; x_wconf 84' lang='lat' dir='ltr'>ejuS,</span> 
     </span>
     <span class='ocr_line' id='line_1_14' title="bbox 288 1921 1521 2004; baseline -0.002 -16"><span class='ocrx_word' id='word_1_105' title='bbox 288 1932 435 2004; x_wconf 90' lang='lat' dir='ltr'>propter</span> <span class='ocrx_word' id='word_1_106' title='bbox 451 1924 659 1987; x_wconf 87' lang='lat' dir='ltr'>tenuitatem</span> <span class='ocrx_word' id='word_1_107' title='bbox 675 1921 860 1999; x_wconf 90' lang='lat' dir='ltr'>redituum,</span> <span class='ocrx_word' id='word_1_108' title='bbox 877 1938 948 1984; x_wconf 93' lang='lat' dir='ltr'>non</span> <span class='ocrx_word' id='word_1_109' title='bbox 964 1930 1084 2001; x_wconf 88' lang='lat' dir='ltr'>posset</span> <span class='ocrx_word' id='word_1_110' title='bbox 1100 1922 1175 2001; x_wconf 92' lang='lat' dir='ltr'>ipse</span> <span class='ocrx_word' id='word_1_111' title='bbox 1190 1922 1414 1986; x_wconf 88' lang='lat' dir='ltr'>necessarios</span> <span class='ocrx_word' id='word_1_112' title='bbox 1429 1940 1521 1987; x_wconf 89' lang='lat' dir='ltr'>sum-</span> 
     </span>
     <span class='ocr_line' id='line_1_15' title="bbox 289 2027 1522 2112; baseline -0.001 -17"><span class='ocrx_word' id='word_1_113' title='bbox 289 2042 371 2112; x_wconf 93' lang='lat' dir='ltr'>ptus</span> <span class='ocrx_word' id='word_1_114' title='bbox 394 2031 637 2111; x_wconf 87' lang='lat' dir='ltr'>suppeditare,</span> <span class='ocrx_word' id='word_1_115' title='bbox 664 2029 806 2091; x_wconf 91' lang='lat' dir='ltr'>domum</span> <span class='ocrx_word' id='word_1_116' title='bbox 831 2028 999 2091; x_wconf 87' lang='lat' dir='ltr'>offerebat</span> <span class='ocrx_word' id='word_1_117' title='bbox 1029 2046 1110 2092; x_wconf 90' lang='lat' dir='ltr'>cum</span> <span class='ocrx_word' id='word_1_118' title='bbox 1135 2029 1239 2092; x_wconf 92' lang='lat' dir='ltr'>horto</span> <span class='ocrx_word' id='word_1_119' title='bbox 1268 2040 1303 2092; x_wconf 94' lang='lat' dir='ltr'>et</span> <span class='ocrx_word' id='word_1_120' title='bbox 1332 2027 1522 2109; x_wconf 85' lang='lat' dir='ltr'>conjuncta</span> 
     </span>
     <span class='ocr_line' id='line_1_16' title="bbox 286 2136 1523 2218; baseline 0 -16"><span class='ocrx_word' id='word_1_121' title='bbox 286 2138 443 2203; x_wconf 88' lang='lat' dir='ltr'>ecclesia</span> <span class='ocrx_word' id='word_1_122' title='bbox 463 2148 497 2201; x_wconf 90' lang='lat' dir='ltr'>et</span> <span class='ocrx_word' id='word_1_123' title='bbox 520 2145 698 2200; x_wconf 91' lang='lat' dir='ltr'>trecentos</span> <span class='ocrx_word' id='word_1_124' title='bbox 717 2152 844 2198; x_wconf 89' lang='lat' dir='ltr'>aureos</span> <span class='ocrx_word' id='word_1_125' title='bbox 864 2136 1014 2215; x_wconf 91' lang='lat' dir='ltr'>singulis</span> <span class='ocrx_word' id='word_1_126' title='bbox 1037 2137 1158 2213; x_wconf 86' lang='lat' dir='ltr'>annis,</span> <span class='ocrx_word' id='word_1_127' title='bbox 1186 2136 1299 2199; x_wconf 89' lang='lat' dir='ltr'>donec</span> <span class='ocrx_word' id='word_1_128' title='bbox 1324 2137 1523 2218; x_wconf 83' lang='lat' dir='ltr'>Imperator</span> 
     </span>
     <span class='ocr_line' id='line_1_17' title="bbox 287 2241 1523 2325; baseline -0.003 -15"><span class='ocrx_word' id='word_1_129' title='bbox 287 2246 442 2310; x_wconf 81' lang='lat' dir='ltr'>Carolus</span> <span class='ocrx_word' id='word_1_130' title='bbox 462 2253 523 2307; x_wconf 93' lang='lat' dir='ltr'>aut</span> <span class='ocrx_word' id='word_1_131' title='bbox 542 2242 711 2323; x_wconf 90' lang='lat' dir='ltr'>Princeps</span> <span class='ocrx_word' id='word_1_132' title='bbox 730 2241 914 2321; x_wconf 92' lang='lat' dir='ltr'>Philippus</span> <span class='ocrx_word' id='word_1_133' title='bbox 935 2242 972 2304; x_wconf 92' lang='lat' dir='ltr'>in</span> <span class='ocrx_word' id='word_1_134' title='bbox 998 2241 1207 2321; x_wconf 88' lang='lat' dir='ltr'>Hispaniam</span> <span class='ocrx_word' id='word_1_135' title='bbox 1236 2244 1379 2323; x_wconf 87' lang='lat' dir='ltr'>rediret,</span> <span class='ocrx_word' id='word_1_136' title='bbox 1407 2262 1428 2307; x_wconf 89' lang='lat' dir='ltr'>a</span> <span class='ocrx_word' id='word_1_137' title='bbox 1453 2261 1523 2325; x_wconf 89' lang='lat' dir='ltr'>quo</span> 
     </span>
     <span class='ocr_line' id='line_1_18' title="bbox 290 2348 1523 2434; baseline -0.002 -18"><span class='ocrx_word' id='word_1_138' title='bbox 290 2354 432 2434; x_wconf 86' lang='lat' dir='ltr'>aliquos</span> <span class='ocrx_word' id='word_1_139' title='bbox 447 2352 581 2414; x_wconf 90' lang='lat' dir='ltr'>reditus</span> <span class='ocrx_word' id='word_1_140' title='bbox 595 2351 639 2413; x_wconf 87' lang='lat' dir='ltr'>de</span> <span class='ocrx_word' id='word_1_141' title='bbox 655 2348 734 2429; x_wconf 90' lang='lat' dir='ltr'>jure</span> <span class='ocrx_word' id='word_1_142' title='bbox 753 2357 964 2427; x_wconf 90' lang='lat' dir='ltr'>patronatus</span> <span class='ocrx_word' id='word_1_143' title='bbox 986 2349 1077 2427; x_wconf 90' lang='lat' dir='ltr'>regii</span> <span class='ocrx_word' id='word_1_144' title='bbox 1101 2364 1139 2411; x_wconf 90' lang='lat' dir='ltr'>se</span> <span class='ocrx_word' id='word_1_145' title='bbox 1162 2350 1436 2429; x_wconf 89' lang='lat' dir='ltr'>impetraturum</span> <span class='ocrx_word' id='word_1_146' title='bbox 1457 2368 1523 2431; x_wconf 91' lang='lat' dir='ltr'>pro</span> 
     </span>
     <span class='ocr_line' id='line_1_19' title="bbox 286 2452 1521 2534; baseline -0.002 -11"><span class='ocrx_word' id='word_1_147' title='bbox 286 2470 389 2523; x_wconf 82' lang='lat' dir='ltr'>certo</span> <span class='ocrx_word' id='word_1_148' title='bbox 405 2458 570 2529; x_wconf 83' lang='lat' dir='ltr'>habebat,</span> <span class='ocrx_word' id='word_1_149' title='bbox 588 2473 668 2519; x_wconf 91' lang='lat' dir='ltr'>curn</span> <span class='ocrx_word' id='word_1_150' title='bbox 683 2464 862 2517; x_wconf 89' lang='lat' dir='ltr'>constaret</span> <span class='ocrx_word' id='word_1_151' title='bbox 877 2452 967 2533; x_wconf 89' lang='lat' dir='ltr'>Regi</span> <span class='ocrx_word' id='word_1_152' title='bbox 979 2471 1086 2534; x_wconf 91' lang='lat' dir='ltr'>quam</span> <span class='ocrx_word' id='word_1_153' title='bbox 1099 2456 1304 2519; x_wconf 87' lang='lat' dir='ltr'>necessaria</span> <span class='ocrx_word' id='word_1_154' title='bbox 1315 2466 1521 2521; x_wconf 88' lang='lat' dir='ltr'>nostrorum</span> 
     </span>
     <span class='ocr_line' id='line_1_20' title="bbox 287 2558 872 2646; baseline -0.014 -16"><span class='ocrx_word' id='word_1_155' title='bbox 287 2582 399 2646; x_wconf 90' lang='lat' dir='ltr'>opera</span> <span class='ocrx_word' id='word_1_156' title='bbox 414 2575 506 2629; x_wconf 90' lang='lat' dir='ltr'>esset</span> <span class='ocrx_word' id='word_1_157' title='bbox 522 2565 558 2627; x_wconf 92' lang='lat' dir='ltr'>in</span> <span class='ocrx_word' id='word_1_158' title='bbox 572 2564 631 2625; x_wconf 93' lang='lat' dir='ltr'>illa</span> <span class='ocrx_word' id='word_1_159' title='bbox 646 2562 832 2642; x_wconf 87' lang='lat' dir='ltr'>provincia</span> <span class='ocrx_word' id='word_1_160' title='bbox 848 2558 872 2622; x_wconf 80' lang='lat'>⁴.</span> 
     </span>
    </p>

    <p class='ocr_par' dir='ltr' id='par_1_4' title="bbox 289 2668 1530 3717">
     <span class='ocr_line' id='line_1_21' title="bbox 356 2668 1524 2751; baseline 0.001 -15"><span class='ocrx_word' id='word_1_161' title='bbox 356 2672 445 2736; x_wconf 83' lang='lat'>1258.</span> <span class='ocrx_word' id='word_1_162' title='bbox 489 2670 640 2750; x_wconf 88' lang='lat' dir='ltr'>Quidam</span> <span class='ocrx_word' id='word_1_163' title='bbox 659 2669 767 2732; x_wconf 92' lang='lat' dir='ltr'>etiam</span> <span class='ocrx_word' id='word_1_164' title='bbox 784 2668 899 2731; x_wconf 89' lang='lat' dir='ltr'>bonus</span> <span class='ocrx_word' id='word_1_165' title='bbox 921 2668 1102 2747; x_wconf 77' lang='lat' dir='ltr'>sacerdoS,</span> <span class='ocrx_word' id='word_1_166' title='bbox 1125 2670 1185 2749; x_wconf 92' lang='lat' dir='ltr'>qui</span> <span class='ocrx_word' id='word_1_167' title='bbox 1206 2670 1326 2751; x_wconf 91' lang='lat' dir='ltr'>oppidi</span> <span class='ocrx_word' id='word_1_168' title='bbox 1348 2671 1524 2737; x_wconf 81' lang='lat' dir='ltr'>Renterr&#39;a</span> 
     </span>
     <span class='ocr_line' id='line_1_22' title="bbox 292 2776 1520 2860; baseline 0.001 -17"><span class='ocrx_word' id='word_1_169' title='bbox 292 2781 464 2844; x_wconf 90' lang='lat' dir='ltr'>nominati</span> <span class='ocrx_word' id='word_1_170' title='bbox 479 2781 515 2842; x_wconf 92' lang='lat' dir='ltr'>in</span> <span class='ocrx_word' id='word_1_171' title='bbox 530 2777 719 2841; x_wconf 90' lang='lat' dir='ltr'>Provincia</span> <span class='ocrx_word' id='word_1_172' title='bbox 735 2776 965 2856; x_wconf 90' lang='lat' dir='ltr'>Guipuzcoae</span> <span class='ocrx_word' id='word_1_173' title='bbox 981 2778 1200 2857; x_wconf 90' lang='lat' dir='ltr'>spiritualem</span> <span class='ocrx_word' id='word_1_174' title='bbox 1217 2795 1340 2842; x_wconf 88' lang='lat' dir='ltr'>curam</span> <span class='ocrx_word' id='word_1_175' title='bbox 1360 2781 1520 2860; x_wconf 88' lang='lat' dir='ltr'>gerebat,</span> 
     </span>
     <span class='ocr_line' id='line_1_23' title="bbox 289 2881 1526 2968; baseline 0 -17"><span class='ocrx_word' id='word_1_176' title='bbox 289 2887 534 2951; x_wconf 89' lang='lat' dir='ltr'>eremitorium</span> <span class='ocrx_word' id='word_1_177' title='bbox 554 2884 730 2965; x_wconf 89' lang='lat' dir='ltr'>quoddam</span> <span class='ocrx_word' id='word_1_178' title='bbox 750 2881 945 2964; x_wconf 84' lang='lat' dir='ltr'>[offerebat]</span> <span class='ocrx_word' id='word_1_179' title='bbox 968 2885 1004 2946; x_wconf 92' lang='lat' dir='ltr'>in</span> <span class='ocrx_word' id='word_1_180' title='bbox 1027 2883 1120 2947; x_wconf 89' lang='lat' dir='ltr'>edita</span> <span class='ocrx_word' id='word_1_181' title='bbox 1145 2895 1245 2964; x_wconf 89' lang='lat' dir='ltr'>parte</span> <span class='ocrx_word' id='word_1_182' title='bbox 1265 2888 1439 2951; x_wconf 92' lang='lat' dir='ltr'>montium</span> <span class='ocrx_word' id='word_1_183' title='bbox 1459 2887 1526 2968; x_wconf 92' lang='lat' dir='ltr'>Py·</span> 
     </span>
     <span class='ocr_line' id='line_1_24' title="bbox 293 2988 1527 3075; baseline 0 -17"><span class='ocrx_word' id='word_1_184' title='bbox 293 3011 493 3069; x_wconf 91' lang='lat' dir='ltr'>reneorum,</span> <span class='ocrx_word' id='word_1_185' title='bbox 516 2988 637 3072; x_wconf 78' lang='lat' dir='ltr'>quod³</span> <span class='ocrx_word' id='word_1_186' title='bbox 662 2991 738 3070; x_wconf 89' lang='lat' dir='ltr'>ipse</span> <span class='ocrx_word' id='word_1_187' title='bbox 757 2990 1021 3069; x_wconf 86' lang='lat' dir='ltr'>aedificaverat,</span> <span class='ocrx_word' id='word_1_188' title='bbox 1049 2989 1141 3071; x_wconf 88' lang='lat' dir='ltr'>quod</span> <span class='ocrx_word' id='word_1_189' title='bbox 1167 2992 1338 3056; x_wconf 83' lang='lat' dir='ltr'>tredecim</span> <span class='ocrx_word' id='word_1_190' title='bbox 1362 3003 1423 3057; x_wconf 88' lang='lat' dir='ltr'>aut</span> <span class='ocrx_word' id='word_1_191' title='bbox 1444 3013 1527 3075; x_wconf 90' lang='lat' dir='ltr'>qua·</span> 
     </span>
     <span class='ocr_line' id='line_1_25' title="bbox 293 3097 1527 3181; baseline 0 -18"><span class='ocrx_word' id='word_1_192' title='bbox 293 3099 490 3164; x_wconf 91' lang='lat' dir='ltr'>tuordecim</span> <span class='ocrx_word' id='word_1_193' title='bbox 505 3098 632 3178; x_wconf 89' lang='lat' dir='ltr'>oppida</span> <span class='ocrx_word' id='word_1_194' title='bbox 649 3099 821 3177; x_wconf 90' lang='lat' dir='ltr'>populosa</span> <span class='ocrx_word' id='word_1_195' title='bbox 836 3098 955 3160; x_wconf 87' lang='lat' dir='ltr'>vicina</span> <span class='ocrx_word' id='word_1_196' title='bbox 971 3097 1138 3177; x_wconf 88' lang='lat' dir='ltr'>habebat,</span> <span class='ocrx_word' id='word_1_197' title='bbox 1151 3098 1196 3160; x_wconf 89' lang='lat' dir='ltr'>ad</span> <span class='ocrx_word' id='word_1_198' title='bbox 1208 3117 1300 3179; x_wconf 86' lang='lat' dir='ltr'>quae</span> <span class='ocrx_word' id='word_1_199' title='bbox 1314 3101 1436 3180; x_wconf 88' lang='lat' dir='ltr'>egredi</span> <span class='ocrx_word' id='word_1_200' title='bbox 1447 3119 1527 3181; x_wconf 93' lang='lat' dir='ltr'>pos·</span> 
     </span>
     <span class='ocr_line' id='line_1_26' title="bbox 290 3205 1528 3272; baseline 0.002 -2"><span class='ocrx_word' id='word_1_201' title='bbox 290 3218 372 3272; x_wconf 86' lang='lat' dir='ltr'>sent</span> <span class='ocrx_word' id='word_1_202' title='bbox 393 3205 505 3270; x_wconf 90' lang='lat' dir='ltr'>nostri</span> <span class='ocrx_word' id='word_1_203' title='bbox 524 3215 559 3268; x_wconf 91' lang='lat' dir='ltr'>et</span> <span class='ocrx_word' id='word_1_204' title='bbox 578 3205 704 3268; x_wconf 90' lang='lat' dir='ltr'>deiude</span> <span class='ocrx_word' id='word_1_205' title='bbox 723 3222 804 3267; x_wconf 92' lang='lat' dir='ltr'>curn</span> <span class='ocrx_word' id='word_1_206' title='bbox 824 3205 943 3268; x_wconf 82' lang='lat' dir='ltr'>fructu</span> <span class='ocrx_word' id='word_1_207' title='bbox 966 3205 1166 3268; x_wconf 89' lang='lat' dir='ltr'>animarum</span> <span class='ocrx_word' id='word_1_208' title='bbox 1189 3207 1234 3269; x_wconf 92' lang='lat' dir='ltr'>ad</span> <span class='ocrx_word' id='word_1_209' title='bbox 1257 3207 1402 3270; x_wconf 92' lang='lat' dir='ltr'>domum</span> <span class='ocrx_word' id='word_1_210' title='bbox 1424 3225 1528 3272; x_wconf 88' lang='lat' dir='ltr'>suam</span> 
     </span>
     <span class='ocr_line' id='line_1_27' title="bbox 293 3313 1530 3395; baseline -0.002 -14"><span class='ocrx_word' id='word_1_211' title='bbox 293 3317 421 3380; x_wconf 89' lang='lat' dir='ltr'>redire.</span> <span class='ocrx_word' id='word_1_212' title='bbox 437 3313 509 3379; x_wconf 92' lang='lat' dir='ltr'>Sub</span> <span class='ocrx_word' id='word_1_213' title='bbox 523 3315 673 3393; x_wconf 90' lang='lat' dir='ltr'>ipsomet</span> <span class='ocrx_word' id='word_1_214' title='bbox 688 3323 805 3374; x_wconf 91' lang='lat' dir='ltr'>monte</span> <span class='ocrx_word' id='word_1_215' title='bbox 820 3314 926 3376; x_wconf 88' lang='lat' dir='ltr'>villae</span> <span class='ocrx_word' id='word_1_216' title='bbox 942 3313 1116 3392; x_wconf 89' lang='lat' dir='ltr'>plurimae</span> <span class='ocrx_word' id='word_1_217' title='bbox 1131 3323 1245 3390; x_wconf 86' lang='lat' dir='ltr'>erant,</span> <span class='ocrx_word' id='word_1_218' title='bbox 1263 3323 1297 3376; x_wconf 90' lang='lat' dir='ltr'>et</span> <span class='ocrx_word' id='word_1_219' title='bbox 1317 3325 1530 3395; x_wconf 88' lang='lat' dir='ltr'>prospectus</span> 
     </span>
     <span class='ocr_line' id='line_1_28' title="bbox 293 3417 1530 3504; baseline -0.003 -15"><span class='ocrx_word' id='word_1_220' title='bbox 293 3439 447 3504; x_wconf 91' lang='lat' dir='ltr'>magnus</span> <span class='ocrx_word' id='word_1_221' title='bbox 462 3430 579 3484; x_wconf 90' lang='lat' dir='ltr'>terrae</span> <span class='ocrx_word' id='word_1_222' title='bbox 593 3431 628 3482; x_wconf 94' lang='lat' dir='ltr'>et</span> <span class='ocrx_word' id='word_1_223' title='bbox 641 3421 752 3482; x_wconf 91' lang='lat' dir='ltr'>maris</span> <span class='ocrx_word' id='word_1_224' title='bbox 767 3428 844 3482; x_wconf 91' lang='lat' dir='ltr'>erat</span> <span class='ocrx_word' id='word_1_225' title='bbox 857 3420 1040 3499; x_wconf 88' lang='lat' dir='ltr'>Bayonam</span> <span class='ocrx_word' id='word_1_226' title='bbox 1058 3417 1070 3448; x_wconf 82' lang='lat'>⁸</span> <span class='ocrx_word' id='word_1_227' title='bbox 1085 3436 1208 3499; x_wconf 88' lang='lat' dir='ltr'>usque.</span> <span class='ocrx_word' id='word_1_228' title='bbox 1226 3420 1410 3484; x_wconf 88' lang='lat' dir='ltr'>Invocatio</span> <span class='ocrx_word' id='word_1_229' title='bbox 1429 3421 1530 3485; x_wconf 83' lang='lat' dir='ltr'>&#39;erat</span> 
     </span>
     <span class='ocr_line' id='line_1_29' title="bbox 292 3525 1529 3605; baseline -0.002 -10"><span class='ocrx_word' id='word_1_230' title='bbox 292 3531 377 3595; x_wconf 48' lang='grc' dir='ltr'>ΒΨ</span> <span class='ocrx_word' id='word_1_231' title='bbox 398 3528 533 3592; x_wconf 89' lang='lat' dir='ltr'>Mariae</span> <span class='ocrx_word' id='word_1_232' title='bbox 549 3525 782 3605; x_wconf 90' lang='lat' dir='ltr'>Magdalenae</span> <span class='ocrx_word' id='word_1_233' title='bbox 798 3526 834 3588; x_wconf 91' lang='lat' dir='ltr'>in</span> <span class='ocrx_word' id='word_1_234' title='bbox 849 3527 1002 3602; x_wconf 90' lang='lat' dir='ltr'>deserto,</span> <span class='ocrx_word' id='word_1_235' title='bbox 1020 3535 1055 3588; x_wconf 91' lang='lat' dir='ltr'>et</span> <span class='ocrx_word' id='word_1_236' title='bbox 1077 3525 1360 3591; x_wconf 90' lang='lat' dir='ltr'>discurrentibus</span> <span class='ocrx_word' id='word_1_237' title='bbox 1375 3546 1396 3591; x_wconf 92' lang='lat' dir='ltr'>a</span> <span class='ocrx_word' id='word_1_238' title='bbox 1418 3528 1529 3593; x_wconf 86' lang='lat' dir='ltr'>Colle·</span> 
     </span>
     <span class='ocr_line' id='line_1_30' title="bbox 294 3632 1530 3717; baseline -0.001 -16"><span class='ocrx_word' id='word_1_239' title='bbox 294 3639 355 3717; x_wconf 86' lang='lat' dir='ltr'>gio</span> <span class='ocrx_word' id='word_1_240' title='bbox 372 3634 567 3716; x_wconf 88' lang='lat' dir='ltr'>Ognatensi</span> <span class='ocrx_word' id='word_1_241' title='bbox 587 3651 649 3714; x_wconf 92' lang='lat' dir='ltr'>per</span> <span class='ocrx_word' id='word_1_242' title='bbox 664 3634 744 3695; x_wconf 90' lang='lat' dir='ltr'>loca</span> <span class='ocrx_word' id='word_1_243' title='bbox 763 3632 970 3712; x_wconf 90' lang='lat' dir='ltr'>provinciae</span> <span class='ocrx_word' id='word_1_244' title='bbox 991 3634 1216 3697; x_wconf 90' lang='lat' dir='ltr'>commodum</span> <span class='ocrx_word' id='word_1_245' title='bbox 1236 3635 1429 3716; x_wconf 91' lang='lat' dir='ltr'>hospitium</span> <span class='ocrx_word' id='word_1_246' title='bbox 1451 3653 1530 3701; x_wconf 92' lang='lat' dir='ltr'>esse</span> 
     </span>
    </p>
   </div>
   <div class='ocr_carea' id='block_1_3' title="bbox 306 3796 504 3808">
    <p class='ocr_par' dir='ltr' id='par_1_5' title="bbox 306 3796 504 3808">
     <span class='ocr_line' id='line_1_31' title="bbox 306 3796 504 3808; baseline 0.005 -1"><span class='ocrx_word' id='word_1_247' title='bbox 306 3796 504 3808; x_wconf 71' lang='lat'>——0———-</span> 
     </span>
    </p>
   </div>
   <div class='ocr_carea' id='block_1_4' title="bbox 292 3873 1536 4780">
    <p class='ocr_par' dir='ltr' id='par_1_6' title="bbox 337 3873 1386 3930">
     <span class='ocr_line' id='line_1_32' title="bbox 337 3873 1386 3930; baseline -0.003 -9"><span class='ocrx_word' id='word_1_248' title='bbox 337 3878 346 3910; x_wconf 75' lang='lat'><strong>¹</strong></span> <span class='ocrx_word' id='word_1_249' title='bbox 377 3878 443 3921; x_wconf 88' lang='lat' dir='ltr'>Vide</span> <span class='ocrx_word' id='word_1_250' title='bbox 454 3887 540 3930; x_wconf 84' lang='lat' dir='ltr'>supra.</span> <span class='ocrx_word' id='word_1_251' title='bbox 550 3881 569 3918; x_wconf 91' lang='lat' dir='ltr'>t.</span> <span class='ocrx_word' id='word_1_252' title='bbox 577 3886 612 3923; x_wconf 75' lang='grc' dir='ltr'>ιν,</span> <span class='ocrx_word' id='word_1_253' title='bbox 623 3885 683 3930; x_wconf 78' lang='lat' dir='ltr'>pag.</span> <span class='ocrx_word' id='word_1_254' title='bbox 693 3875 743 3925; x_wconf 76' lang='grc'>423,</span> <span class='ocrx_word' id='word_1_255' title='bbox 753 3885 778 3917; x_wconf 88' lang='lat' dir='ltr'>n.</span> <span class='ocrx_word' id='word_1_256' title='bbox 788 3874 835 3927; x_wconf 84' lang='lat'>913,</span> <span class='ocrx_word' id='word_1_257' title='bbox 847 3880 874 3917; x_wconf 90' lang='lat' dir='ltr'>et</span> <span class='ocrx_word' id='word_1_258' title='bbox 884 3885 973 3927; x_wconf 88' lang='lat' dir='ltr'>aupra,</span> <span class='ocrx_word' id='word_1_259' title='bbox 985 3873 1010 3917; x_wconf 94' lang='lat' dir='ltr'>ln</span> <span class='ocrx_word' id='word_1_260' title='bbox 1020 3874 1077 3926; x_wconf 85' lang='lat' dir='ltr'>boc,</span> <span class='ocrx_word' id='word_1_261' title='bbox 1090 3879 1110 3918; x_wconf 91' lang='lat' dir='ltr'>t.</span> <span class='ocrx_word' id='word_1_262' title='bbox 1123 3887 1149 3927; x_wconf 84' lang='lat' dir='ltr'>v,</span> <span class='ocrx_word' id='word_1_263' title='bbox 1161 3885 1221 3928; x_wconf 77' lang='lat' dir='ltr'>pag.</span> <span class='ocrx_word' id='word_1_264' title='bbox 1231 3875 1280 3926; x_wconf 64' lang='lat'>⁴56,</span> <span class='ocrx_word' id='word_1_265' title='bbox 1289 3887 1313 3918; x_wconf 90' lang='lat' dir='ltr'>n.</span> <span class='ocrx_word' id='word_1_266' title='bbox 1324 3874 1386 3920; x_wconf 71' lang='lat' dir='ltr'>lat.</span> 
     </span>
    </p>

    <p class='ocr_par' dir='ltr' id='par_1_7' title="bbox 293 3943 1534 4065">
     <span class='ocr_line' id='line_1_33' title="bbox 336 3943 1534 4002; baseline 0 -10"><span class='ocrx_word' id='word_1_267' title='bbox 336 3947 347 3980; x_wconf 82' lang='lat'><strong>¹</strong></span> <span class='ocrx_word' id='word_1_268' title='bbox 375 3947 422 3992; x_wconf 77' lang='lat' dir='ltr'>bis.</span> <span class='ocrx_word' id='word_1_269' title='bbox 433 3947 512 3990; x_wconf 83' lang='lat' dir='ltr'>babet</span> <span class='ocrx_word' id='word_1_270' title='bbox 525 3944 837 4000; x_wconf 58' lang='lat' dir='ltr'>optensis-ovetensis</span> <span class='ocrx_word' id='word_1_271' title='bbox 851 3943 994 4000; x_wconf 83' lang='lat' dir='ltr'>Episcopus</span> <span class='ocrx_word' id='word_1_272' title='bbox 1009 3953 1067 3989; x_wconf 84' lang='lat' dir='ltr'>erat</span> <span class='ocrx_word' id='word_1_273' title='bbox 1083 3945 1286 4000; x_wconf 83' lang='lat' dir='ltr'>Christopborua</span> <span class='ocrx_word' id='word_1_274' title='bbox 1296 3947 1327 3990; x_wconf 88' lang='lat' dir='ltr'>de</span> <span class='ocrx_word' id='word_1_275' title='bbox 1338 3947 1418 4002; x_wconf 72' lang='lat' dir='ltr'>Rotas</span> <span class='ocrx_word' id='word_1_276' title='bbox 1428 3952 1456 3992; x_wconf 89' lang='lat' dir='ltr'>et</span> <span class='ocrx_word' id='word_1_277' title='bbox 1471 3947 1534 3992; x_wconf 83' lang='lat' dir='ltr'>San·</span> 
     </span>
     <span class='ocr_line' id='line_1_34' title="bbox 293 4021 386 4065; baseline -0.032 0"><span class='ocrx_word' id='word_1_278' title='bbox 293 4021 386 4065; x_wconf 85' lang='lat' dir='ltr'>doval.</span> 
     </span>
    </p>

    <p class='ocr_par' dir='ltr' id='par_1_8' title="bbox 335 4087 850 4144">
     <span class='ocr_line' id='line_1_35' title="bbox 335 4087 850 4144; baseline -0.006 -10"><span class='ocrx_word' id='word_1_279' title='bbox 335 4091 348 4125; x_wconf 83' lang='lat'>⁸</span> <span class='ocrx_word' id='word_1_280' title='bbox 375 4091 441 4134; x_wconf 86' lang='lat' dir='ltr'>Vide</span> <span class='ocrx_word' id='word_1_281' title='bbox 452 4100 540 4144; x_wconf 84' lang='lat' dir='ltr'>supra,</span> <span class='ocrx_word' id='word_1_282' title='bbox 550 4095 567 4132; x_wconf 90' lang='lat' dir='ltr'>t.</span> <span class='ocrx_word' id='word_1_283' title='bbox 577 4099 612 4134; x_wconf 74' lang='grc' dir='ltr'>ιν.</span> <span class='ocrx_word' id='word_1_284' title='bbox 622 4100 682 4142; x_wconf 76' lang='lat' dir='ltr'>pag.</span> <span class='ocrx_word' id='word_1_285' title='bbox 693 4087 742 4139; x_wconf 81' lang='lat'>591,</span> <span class='ocrx_word' id='word_1_286' title='bbox 753 4100 778 4131; x_wconf 93' lang='lat' dir='ltr'>n.</span> <span class='ocrx_word' id='word_1_287' title='bbox 790 4089 850 4131; x_wconf 78' lang='lat'>1257.</span> 
     </span>
    </p>

    <p class='ocr_par' dir='ltr' id='par_1_9' title="bbox 292 4158 1534 4432">
     <span class='ocr_line' id='line_1_36' title="bbox 338 4158 1534 4217; baseline 0.001 -11"><span class='ocrx_word' id='word_1_288' title='bbox 338 4166 350 4197; x_wconf 78' lang='lat'><strong>⁴</strong></span> <span class='ocrx_word' id='word_1_289' title='bbox 377 4163 432 4206; x_wconf 86' lang='lat' dir='ltr'>Non</span> <span class='ocrx_word' id='word_1_290' title='bbox 443 4161 594 4216; x_wconf 81' lang='lat' dir='ltr'>expectavit</span> <span class='ocrx_word' id='word_1_291' title='bbox 607 4159 745 4203; x_wconf 83' lang='lat' dir='ltr'>ovetensis</span> <span class='ocrx_word' id='word_1_292' title='bbox 757 4160 901 4214; x_wconf 82' lang='lat' dir='ltr'>Episcopus</span> <span class='ocrx_word' id='word_1_293' title='bbox 910 4158 998 4205; x_wconf 85' lang='lat' dir='ltr'>Caroli</span> <span class='ocrx_word' id='word_1_294' title='bbox 1008 4167 1053 4204; x_wconf 88' lang='lat' dir='ltr'>aut</span> <span class='ocrx_word' id='word_1_295' title='bbox 1063 4159 1179 4216; x_wconf 84' lang='lat' dir='ltr'>Philippi</span> <span class='ocrx_word' id='word_1_296' title='bbox 1191 4161 1333 4204; x_wconf 81' lang='lat' dir='ltr'>adventum</span> <span class='ocrx_word' id='word_1_297' title='bbox 1344 4161 1369 4205; x_wconf 89' lang='lat' dir='ltr'>ln</span> <span class='ocrx_word' id='word_1_298' title='bbox 1380 4161 1534 4217; x_wconf 79' lang='lat' dir='ltr'>Hispaniam</span> 
     </span>
     <span class='ocr_line' id='line_1_37' title="bbox 292 4231 1532 4288; baseline 0 -10"><span class='ocrx_word' id='word_1_299' title='bbox 292 4239 323 4280; x_wconf 83' lang='lat' dir='ltr'>ut</span> <span class='ocrx_word' id='word_1_300' title='bbox 335 4235 435 4279; x_wconf 85' lang='lat' dir='ltr'>reditus</span> <span class='ocrx_word' id='word_1_301' title='bbox 445 4244 492 4288; x_wconf 91' lang='lat' dir='ltr'>pro</span> <span class='ocrx_word' id='word_1_302' title='bbox 507 4243 552 4275; x_wconf 80' lang='lat' dir='ltr'>auo</span> <span class='ocrx_word' id='word_1_303' title='bbox 568 4231 684 4285; x_wconf 82' lang='lat' dir='ltr'>Colleglo</span> <span class='ocrx_word' id='word_1_304' title='bbox 701 4239 815 4284; x_wconf 84' lang='lat' dir='ltr'>curaret,</span> <span class='ocrx_word' id='word_1_305' title='bbox 827 4232 871 4276; x_wconf 87' lang='lat' dir='ltr'>sed</span> <span class='ocrx_word' id='word_1_306' title='bbox 887 4233 970 4275; x_wconf 82' lang='lat' dir='ltr'>voluit</span> <span class='ocrx_word' id='word_1_307' title='bbox 980 4239 1009 4276; x_wconf 88' lang='lat' dir='ltr'>ut</span> <span class='ocrx_word' id='word_1_308' title='bbox 1018 4232 1142 4285; x_wconf 80' lang='lat' dir='ltr'>Princeps</span> <span class='ocrx_word' id='word_1_309' title='bbox 1152 4232 1253 4285; x_wconf 88' lang='lat' dir='ltr'>Joanna</span> <span class='ocrx_word' id='word_1_310' title='bbox 1264 4233 1346 4277; x_wconf 91' lang='lat' dir='ltr'>Paulo</span> <span class='ocrx_word' id='word_1_311' title='bbox 1356 4232 1394 4278; x_wconf 93' lang='lat' dir='ltr'>IV</span> <span class='ocrx_word' id='word_1_312' title='bbox 1404 4235 1532 4279; x_wconf 84' lang='lat' dir='ltr'>scriberet</span> 
     </span>
     <span class='ocr_line' id='line_1_38' title="bbox 294 4303 1533 4360; baseline 0.001 -10"><span class='ocrx_word' id='word_1_313' title='bbox 294 4309 327 4352; x_wconf 81' lang='lat' dir='ltr'>dc</span> <span class='ocrx_word' id='word_1_314' title='bbox 339 4319 370 4350; x_wconf 87' lang='lat' dir='ltr'>ea</span> <span class='ocrx_word' id='word_1_315' title='bbox 382 4318 419 4356; x_wconf 81' lang='lat' dir='ltr'>re,</span> <span class='ocrx_word' id='word_1_316' title='bbox 430 4312 459 4350; x_wconf 88' lang='lat' dir='ltr'>ut</span> <span class='ocrx_word' id='word_1_317' title='bbox 469 4305 558 4348; x_wconf 86' lang='lat' dir='ltr'>videre</span> <span class='ocrx_word' id='word_1_318' title='bbox 570 4312 609 4348; x_wconf 85' lang='lat' dir='ltr'>cst</span> <span class='ocrx_word' id='word_1_319' title='bbox 624 4304 650 4347; x_wconf 88' lang='lat' dir='ltr'>in</span> <span class='ocrx_word' id='word_1_320' title='bbox 661 4304 775 4358; x_wconf 83' lang='lat' dir='ltr'>Polanci,</span> <span class='ocrx_word' id='word_1_321' title='bbox 792 4315 825 4348; x_wconf 79' lang='lat' dir='ltr'>ea·</span> <span class='ocrx_word' id='word_1_322' title='bbox 839 4316 913 4356; x_wconf 68' lang='lat' dir='ltr'>com„</span> <span class='ocrx_word' id='word_1_323' title='bbox 931 4305 1027 4348; x_wconf 85' lang='lat' dir='ltr'>litteris</span> <span class='ocrx_word' id='word_1_324' title='bbox 1041 4304 1073 4348; x_wconf 86' lang='lat' dir='ltr'>ad</span> <span class='ocrx_word' id='word_1_325' title='bbox 1085 4304 1112 4350; x_wconf 87' lang='lat' dir='ltr'>P.</span> <span class='ocrx_word' id='word_1_326' title='bbox 1125 4303 1293 4348; x_wconf 89' lang='lat' dir='ltr'>Franciacuru</span> <span class='ocrx_word' id='word_1_327' title='bbox 1308 4305 1405 4360; x_wconf 77' lang='lat' dir='ltr'>Borgia</span> <span class='ocrx_word' id='word_1_328' title='bbox 1419 4307 1490 4351; x_wconf 83' lang='lat' dir='ltr'>datia</span> <span class='ocrx_word' id='word_1_329' title='bbox 1506 4308 1533 4351; x_wconf 87' lang='lat'>10</span> 
     </span>
     <span class='ocr_line' id='line_1_39' title="bbox 296 4379 441 4432; baseline -0.021 -8"><span class='ocrx_word' id='word_1_330' title='bbox 296 4379 367 4432; x_wconf 84' lang='lat' dir='ltr'>Junii</span> <span class='ocrx_word' id='word_1_331' title='bbox 381 4379 441 4421; x_wconf 62' lang='lat'>1555.</span> 
     </span>
    </p>

    <p class='ocr_par' dir='ltr' id='par_1_10' title="bbox 339 4449 523 4502">
     <span class='ocr_line' id='line_1_40' title="bbox 339 4449 523 4502; baseline -0.022 -10"><span class='ocrx_word' id='word_1_332' title='bbox 339 4452 350 4483; x_wconf 74' lang='lat'><strong>³</strong></span> <span class='ocrx_word' id='word_1_333' title='bbox 379 4449 523 4502; x_wconf 61' lang='lat' dir='ltr'>mquam.</span> 
     </span>
    </p>

    <p class='ocr_par' dir='ltr' id='par_1_11' title="bbox 297 4518 1536 4721">
     <span class='ocr_line' id='line_1_41' title="bbox 337 4518 1534 4578; baseline 0.003 -14"><span class='ocrx_word' id='word_1_334' title='bbox 337 4520 350 4554; x_wconf 79' lang='lat'><strong>⁰</strong></span> <span class='ocrx_word' id='word_1_335' title='bbox 376 4521 496 4566; x_wconf 71' lang='lat' dir='ltr'>“balaam</span> <span class='ocrx_word' id='word_1_336' title='bbox 513 4519 654 4573; x_wconf 79' lang='lat' dir='ltr'>Bayonne,</span> <span class='ocrx_word' id='word_1_337' title='bbox 667 4520 730 4562; x_wconf 78' lang='lat' dir='ltr'>urbs</span> <span class='ocrx_word' id='word_1_338' title='bbox 745 4519 855 4571; x_wconf 75' lang='lat' dir='ltr'>Galliae,</span> <span class='ocrx_word' id='word_1_339' title='bbox 866 4518 891 4562; x_wconf 92' lang='lat' dir='ltr'>in</span> <span class='ocrx_word' id='word_1_340' title='bbox 903 4521 1054 4573; x_wconf 81' lang='lat' dir='ltr'>Aquitania.</span> <span class='ocrx_word' id='word_1_341' title='bbox 1065 4522 1160 4574; x_wconf 88' lang='lat' dir='ltr'>ampla,</span> <span class='ocrx_word' id='word_1_342' title='bbox 1171 4522 1246 4565; x_wconf 79' lang='lat' dir='ltr'>dives</span> <span class='ocrx_word' id='word_1_343' title='bbox 1256 4529 1280 4566; x_wconf 86' lang='lat' dir='ltr'>at</span> <span class='ocrx_word' id='word_1_344' title='bbox 1293 4523 1370 4566; x_wconf 86' lang='lat' dir='ltr'>valde</span> <span class='ocrx_word' id='word_1_345' title='bbox 1381 4523 1491 4578; x_wconf 83' lang='lat' dir='ltr'>munita,</span> <span class='ocrx_word' id='word_1_346' title='bbox 1500 4525 1534 4568; x_wconf 87' lang='lat' dir='ltr'>ad</span> 
     </span>
     <span class='ocr_line' id='line_1_42' title="bbox 298 4591 1536 4649; baseline 0.001 -10"><span class='ocrx_word' id='word_1_347' title='bbox 298 4597 411 4640; x_wconf 75' lang='lat' dir='ltr'>Aturum</span> <span class='ocrx_word' id='word_1_348' title='bbox 422 4592 527 4635; x_wconf 79' lang='lat' dir='ltr'>fluvium</span> <span class='ocrx_word' id='word_1_349' title='bbox 529 4621 590 4636; x_wconf 86' lang='lat'><em>.......</em></span> <span class='ocrx_word' id='word_1_350' title='bbox 600 4621 606 4632; x_wconf 93' lang='lat'>.</span> <span class='ocrx_word' id='word_1_351' title='bbox 622 4592 637 4632; x_wconf 86' lang='grc'>6</span> <span class='ocrx_word' id='word_1_352' title='bbox 651 4593 732 4634; x_wconf 82' lang='lat' dir='ltr'>leucis</span> <span class='ocrx_word' id='word_1_353' title='bbox 741 4592 823 4635; x_wconf 85' lang='lat' dir='ltr'>distat</span> <span class='ocrx_word' id='word_1_354' title='bbox 835 4605 849 4635; x_wconf 84' lang='lat' dir='ltr'>a</span> <span class='ocrx_word' id='word_1_355' title='bbox 860 4591 968 4635; x_wconf 86' lang='lat' dir='ltr'>confinio</span> <span class='ocrx_word' id='word_1_356' title='bbox 986 4591 1149 4646; x_wconf 68' lang='lat' dir='ltr'>Hispaniae,</span> <span class='ocrx_word' id='word_1_357' title='bbox 1162 4591 1288 4649; x_wconf 80' lang='lat' dir='ltr'>Faaaaat,</span> <span class='ocrx_word' id='word_1_358' title='bbox 1301 4593 1416 4639; x_wconf 81' lang='lat' dir='ltr'>Lexicon</span> <span class='ocrx_word' id='word_1_359' title='bbox 1427 4606 1536 4649; x_wconf 80' lang='lat' dir='ltr'>geogra-</span> 
     </span>
     <span class='ocr_line' id='line_1_43' title="bbox 297 4667 420 4721; baseline -0.008 -13"><span class='ocrx_word' id='word_1_360' title='bbox 297 4667 420 4721; x_wconf 70' lang='lat' dir='ltr'>pluteum.</span> 
     </span>
    </p>

    <p class='ocr_par' dir='ltr' id='par_1_12' title="bbox 340 4737 532 4780">
     <span class='ocr_line' id='line_1_44' title="bbox 340 4737 532 4780; baseline -0.01 0"><span class='ocrx_word' id='word_1_361' title='bbox 340 4737 351 4769; x_wconf 78' lang='lat'>⁷</span> <span class='ocrx_word' id='word_1_362' title='bbox 379 4737 532 4780; x_wconf 82' lang='lat' dir='ltr'>eremitarii.</span> 
     </span>
    </p>
   </div>
   <div class='ocr_carea' id='block_1_5' title="bbox 0 0 1888 5400">
    <p class='ocr_par' dir='ltr' id='par_1_13' title="bbox 0 0 1888 5400">
     <span class='ocr_line' id='line_1_45' title="bbox 0 0 1888 5400; baseline 0 0"><span class='ocrx_word' id='word_1_363' title='bbox 0 0 1888 5400; x_wconf 95' lang='lat' dir='ltr'> </span> 
     </span>
    </p>
   </div>
  </div>
 </body>
</html>
