3717 5400
569 1221 633 1286 DE
647 1223 885 1291 COLLEGIO
901 1225 1057 1291 NEAPO
1065 1225 1239 1290 LITANO

341 1703 411 1766 498.
456 1703 625 1768 Praeerat
636 1703 794 1783 Collegio
806 1702 1043 1785 Neapolitano
1055 1703 1092 1766 Ρ.
1115 1703 1321 1785 Alpbonsus
1335 1705 1519 1772 Salmeron

280 1811 381 1875 initio
395 1809 500 1891 hujus
515 1812 600 1874 anni
614 1821 649 1874 et
663 1811 728 1874 sub
743 1829 785 1874 eo
801 1811 838 1874 P.
857 1811 1137 1892 Christophorus
1153 1813 1197 1875 de
1209 1812 1393 1876 Mendoza.
1408 1813 1520 1878 Acce·

280 1918 412 1981 debant
423 1927 542 1982 autem
553 1919 612 1981 aiii
625 1928 731 1998 atque
743 1919 803 1981 alii
814 1919 975 1996 subinde,
990 1919 1049 1998 qui
1063 1917 1305 1984 adSocietatis
1317 1921 1520 1985 [nstitutum

278 2025 438 2088 animum
449 2025 673 2105 adjiciebant.
683 2025 728 2088 Et
739 2027 816 2105 ipso
828 2026 914 2088 anni
926 2025 1028 2088 initio
1042 2026 1141 2089 missi
1152 2026 1294 2090 suerunt
1306 2026 1467 2106 Romam,
1483 2040 1519 2091 ut

280 2133 317 2194 in
337 2130 552 2196 Societatem
573 2133 621 2195 ibi
643 2133 925 2208 admitterentur,
949 2133 1106 2215 Joannes
1129 2132 1337 2197 Dominicus
1359 2135 1521 2198 Fasciar-

276 2239 346 2302 dus
360 2249 395 2302 et
412 2241 420 2269 ¹
439 2238 553 2320 Julius
575 2239 705 2303 Facius
720 2239 743 2302 ³.
760 2239 897 2302 Deinde
913 2240 1065 2302 aliorum
1090 2240 1266 2304 desideria
1281 2241 1355 2304 fere
1370 2242 1521 2322 singuiis

280 2346 513 2409 hebdomadis
524 2346 828 2425 significabantur,
842 2346 1009 2426 quamvis
1018 2363 1089 2409 non
1101 2364 1224 2410 omnes
1238 2348 1519 2412 admitterentur.

338 2453 409 2515 499.
453 2453 594 2532 Agebat
620 2463 740 2516 autem
753 2453 953 2532 Episcopus
976 2452 1196 2516 Veronensis
1211 2454 1428 2533 Lipomanus
1450 2453 1461 2485 ³
1479 2456 1521 2519 de

279 2559 317 2621 P.
341 2559 547 2623 Saimerone
569 2577 690 2623 seeum
714 2561 748 2622 in
770 2577 835 2622 sua
855 2559 1055 2640 Legatione
1080 2561 1290 2624 adducendo
1311 2560 1334 2640 ⁴,
1357 2579 1438 2626 cum
1461 2563 1520 2626 ad·

279 2667 348 2731 buc
362 2666 476 2749 juiius
490 2667 537 2731 III
563 2668 702 2731 viveret
726 2664 748 2729 ⁸.
765 2667 956 2750 Judicabat
970 2668 1202 2731 nihilominus
1219 2667 1312 2731 idem
1327 2667 1365 2731 P.
1389 2667 1518 2734 Saime·

278 2792 345 2837 ron
358 2775 649 2855 impedimentum
663 2775 699 2837 id
719 2775 915 2837 maximum
936 2774 1012 2838 sore
1027 2774 1227 2839 fundationi
1248 2776 1342 2839 iliius
1357 2776 1518 2857 Collegii,

277 2881 371 2961 quod
387 2880 503 2944 adbuc
518 2883 555 2943 in
569 2881 657 2944 flore
672 2883 729 2944 vel
745 2883 862 2961 potius
877 2882 914 2944 in
929 2881 1040 2945 herba
1056 2893 1145 2961 erat;
1165 2900 1246 2945 cum
1263 2884 1517 2963 promissiones

277 2991 469 3051 multorum
491 2990 536 3051 ab
559 2987 634 3067 ejus
657 2989 859 3067 praesentia
881 2988 1089 3067 penderent,
1109 2998 1143 3052 et
1166 3008 1210 3052 ne
1230 2989 1356 3052 domus
1378 2990 1519 3069 quidem

276 3097 355 3174 ipsa
370 3113 436 3159 suo
452 3107 610 3177 tempore
624 3097 715 3157 solvi
730 3113 834 3176 posse
850 3096 1054 3174 videbatur,
1073 3096 1104 3158 si
1120 3097 1196 3176 ipse
1212 3096 1247 3158 in
1263 3097 1492 3161 Germaniam
1510 3096 1522 3128 ⁸

276 3214 312 3265 et
336 3202 519 3266 Poloniam
544 3220 625 3265 cum
649 3202 827 3282 Episcopo
854 3202 1057 3266 Veronensi
1086 3204 1305 3266 recessisset.
1329 3202 1518 3267 Salernita-

276 3327 361 3373 num
375 3310 482 3372 etiam
503 3308 711 3388 Collegium,
734 3309 777 3371 de
797 3326 867 3390 quo
890 3310 1064 3388 agebatur
1088 3309 1109 3385 ⁷,
1136 3302 1323 3374 manifeste
1339 3312 1458 3387 etiam,
1477 3328 1518 3373 eo

321 3588 328 3617 ¹
357 3586 484 3642 Fajardo,
495 3586 637 3629 Faxardo?
647 3586 729 3641 Hujus
739 3598 790 3629 non
801 3586 918 3630 meminit
931 3586 998 3629 inter
1008 3586 1140 3631 admissos
1150 3588 1199 3631 boc
1211 3598 1279 3631 anno
1291 3586 1422 3633 Scnrnosr.

317 3659 329 3690 ¹
355 3658 438 3702 Notus
450 3660 471 3702 is
481 3666 521 3702 est
531 3661 570 3710 iis,
581 3659 624 3713 qni
633 3657 772 3702 Societatia
783 3659 920 3702 historiam
932 3667 1033 3702 norunt.
1047 3658 1111 3713 Ejus
1119 3660 1189 3702 vitae
1199 3660 1416 3713 compendiariam
1425 3672 1515 3705 narra·

277 3730 376 3774 tionem
386 3732 452 3774 texit
463 3730 490 3773 P.
504 3731 670 3782 Paterentur,
682 3730 840 3783 Menoiogt'o,
851 3736 870 3772 t.
883 3741 900 3782 1,
912 3742 972 3784 pag.
983 3730 1020 3773 57.

321 3804 333 3833 ³
359 3803 482 3858 aloysius
492 3802 658 3857 Lipomanus,
670 3803 799 3851 Andreae,
809 3801 948 3846 Trinitatis
960 3802 1067 3853 Prioris,
1081 3802 1177 3846 irater.

322 3876 335 3907 ⁴
360 3874 428 3918 Vide
438 3886 526 3929 supra.
536 3886 595 3929 pag.
608 3875 630 3927 8,
641 3886 665 3917 n.
675 3876 696 3918 8.

318 3946 329 3977 ⁸
355 3945 411 3989 Hoc
421 3947 443 3989 si
453 3958 543 3990 verum
553 3953 601 3993 est.
614 3953 674 3989 tunc
691 3957 781 3990 verum
797 3947 936 3989 etiamerit
955 3952 1042 3991 actum
1057 3948 1111 4000 jam
1128 3946 1206 3989 fuisse
1225 3954 1339 3999 tempore
1358 3946 1418 3998 Julii
1430 3946 1467 3991 111
1485 3948 1516 3991 dc

280 4018 385 4074 Aloysio
396 4018 539 4072 Lipomano
550 4019 576 4062 in
586 4018 721 4061 Poioniam
732 4018 868 4061 mittendo.

320 4088 332 4117 ‘³
360 4088 398 4133 De
409 4090 516 4144 Aioysio
526 4088 669 4143 Lipomano
680 4089 706 4131 in
723 4088 891 4132 Germaniam
904 4098 966 4131 cum
983 4087 1071 4143 officio
1083 4087 1179 4141 Legati
1197 4088 1323 4133 mittendo
1340 4090 1384 4145 agi
1400 4096 1519 4143 coeptum

272 4166 315 4203 est
334 4159 407 4203 Pauli
428 4158 465 4202 iv
485 4166 600 4212 tempore
620 4170 677 4201 cum
696 4158 856 4202 Zaccbarias
873 4157 989 4201 Deitinus
1006 4158 1111 4201 nuntius
1127 4158 1204 4212 petiit
1223 4169 1236 4200 e
1257 4156 1397 4203 Germania
1412 4158 1520 4203 Romam

276 4231 392 4275 avocari.
403 4230 437 4273 “ii
447 4230 545 4275 Nuntio
556 4230 668 4282 Deliino,
680 4231 754 4274 udita
764 4231 779 4273 i'
791 4230 904 4273 eiezione
921 4230 948 4273 di
965 4230 1046 4273 Paolo
1063 4229 1109 4283 iv,
1128 4229 1216 4273 chiese
1231 4230 1255 4272 d'
1267 4230 1350 4273 havet·
1360 4242 1521 4279 successorc;

277 4314 348 4347 come
358 4303 380 4346 si
390 4302 415 4346 ia
426 4315 472 4357 per
482 4314 544 4346 usar
554 4303 706 4345 modestiae
717 4313 763 4356 per
772 4303 896 4346 sottrarsi
907 4304 934 4344 al
944 4302 1042 4345 riscbio
1052 4302 1077 4345 di
1089 4312 1183 4345 manco
1200 4303 1339 4345 onorevole
1355 4304 1520 4347 rimovimen-

276 4380 311 4428 to,
322 4386 372 4418 non
382 4386 428 4427 per
440 4374 567 4419 desiderio
577 4374 637 4417 deii·
648 4374 863 4428 impetrazione,e
875 4375 910 4427 gli
922 4374 949 4416 iu
960 4374 1076 4427 risposto
1086 4374 1134 4416 che
1145 4374 1285 4417 venissem
1297 4372 1378 4418 Roma
1388 4386 1436 4429 per
1444 4375 1523 4419 inior·

277 4457 349 4491 mare
359 4447 378 4490 ii
388 4446 517 4490 Pontetice
529 4446 553 4489 di
564 4445 649 4500 queiie
660 4445 792 4499 iaccende,
803 4457 817 4488 e
830 4446 949 4489 iratanto
967 4445 1185 4489 raccomandasse
1203 4445 1210 4488 i
1221 4446 1320 4499 negozii
1337 4457 1353 4490 a
1370 4445 1447 4500 Luigi
1464 4446 1525 4501 Lip-

276 4518 387 4573 pomani,
399 4517 519 4562 Veacovo
529 4518 554 4561 di
565 4516 679 4571 Verona,
690 4518 708 4560 ii
716 4518 793 4571 quale
803 4517 830 4560 di
841 4519 868 4561 iit
878 4518 1036 4571 passerebbe
1049 4518 1158 4559 essendo
1168 4516 1269 4560 inviato
1280 4517 1323 4560 dai
1334 4516 1462 4562 Pontefice
1473 4530 1521 4573 per

273 4588 296 4631 N
299 4591 372 4634 unzio
382 4591 407 4633 in
418 4590 555 4642 Polionia.„
566 4588 667 4632 Sronzi
678 4588 866 4643 Paucavtcrro,
877 4589 979 4632 Isiort'a
991 4588 1035 4631 dei
1047 4587 1163 4631 Concilio
1174 4589 1202 4631 di
1216 4588 1238 4631 T
1238 4592 1322 4641 renio,
1335 4591 1379 4633 lib.
1392 4601 1446 4651 xiii,
1462 4602 1523 4644 cap.

279 4660 313 4715 13,
324 4661 387 4706 ni.

318 4732 329 4765 ²
357 4733 422 4778 Vide
432 4744 519 4789 supra,
532 4742 550 4778 t.
562 4746 598 4789 tv,
609 4747 669 4790 pag.
682 4735 727 4787 1³3,
739 4746 763 4778 n.
773 4734 822 4786 391,
836 4740 862 4777 et
874 4734 898 4777 in
909 4734 959 4777 hoc
972 4741 989 4777 t.
1000 4746 1025 4784 V,
1037 4744 1097 4787 pag.
1110 4733 1143 4787 11,
1157 4746 1178 4778 n.
1192 4735 1227 4779 ii.
