3717 5400
352 456 405 515 168
807 455 936 516 Canon.
956 455 1032 516 Soc.
1053 456 1122 530 Jes

350 602 444 682 quod
458 601 620 666 Viennae
635 604 848 682 promiserat
864 601 885 662 '.
901 602 973 667 Sed
986 603 1043 666 ille
1059 603 1242 683 respondit
1256 600 1497 665 discutiendas
1510 601 1577 664 sibi

349 728 428 772 esse
444 710 667 773 difficultates
682 711 734 773 rei
749 711 977 787 domesticae,
994 721 1184 792 antequam
1197 711 1232 773 id
1243 709 1353 787 fieret,
1367 727 1433 772 nec
1445 708 1480 773 id
1492 718 1576 772 tem·

351 818 448 896 poris
463 817 530 880 sibi
545 834 689 896 vacare,
706 817 799 897 quod
814 816 1028 897 Respublica
1043 818 1074 880 ei
1088 818 1209 880 nescio
1225 816 1318 896 quod
1335 815 1487 878 officium
1497 832 1575 895 pro·

349 925 505 989 misisset
520 923 544 988 ².
560 923 758 1002 Colligebat
771 925 891 1004 itaque
905 923 944 986 P.
963 923 1095 988 Caesar
1110 922 1215 1004 quod,
1233 924 1264 986 si
1279 923 1347 985 alia
1368 922 1459 988 ratio
1479 922 1573 986 illius

349 1032 459 1109 legati
483 1012 679 1111 exequendi
704 1048 775 1093 non
799 1031 964 1108 iniretur,
992 1048 1098 1110 quam
1123 1039 1282 1094 amanter
1308 1031 1376 1092 hoc
1401 1030 1468 1110 ipsi
1493 1045 1575 1110 sug-

348 1155 487 1216 gerere,
503 1155 684 1218 nunquam
700 1139 884 1201 testatoris
897 1138 1064 1201 voluntas
1079 1149 1171 1200 esset
1186 1135 1374 1218 implenda.

410 1244 480 1308 486.
524 1243 594 1308 Sed
609 1263 690 1307 cum
705 1245 799 1308 idem
813 1243 851 1307 Ρ.
870 1244 1005 1308 Caesar
1019 1242 1064 1306 D.
1081 1243 1268 1323 Aloysium
1283 1241 1326 1306 de
1342 1243 1517 1306 Garzonis
1531 1259 1573 1306 ea

350 1352 393 1416 de
409 1370 447 1415 re
463 1354 664 1432 alloquutus
678 1351 814 1429 fuisset,
831 1353 891 1432 qui
908 1349 1168 1416 necessitudine
1190 1359 1224 1414 et
1238 1349 1407 1412 affinitate
1422 1350 1575 1430 quadam

351 1459 561 1539 conjunctus
584 1468 660 1523 erat
682 1458 764 1522 huic
788 1459 944 1522 familiae
969 1457 1212 1537 Susianorum,
1240 1457 1365 1522 obtulit
1390 1458 1447 1520 ille
1472 1473 1573 1520 suam

351 1584 497 1646 operam
516 1575 552 1630 ut
566 1567 682 1646 quiete
702 1583 745 1628 ac
765 1566 912 1647 pacifice
933 1567 979 1630 ad
998 1567 1243 1630 executionem
1268 1565 1471 1628 testamenti
1496 1565 1583 1628 iilos.

292 1721 296 1727 .
348 1675 542 1740 induceret.
559 1674 718 1737 Tandem
733 1673 778 1738 D.
795 1673 947 1738 Michael
961 1672 1134 1737 Surianus
1149 1673 1342 1754 respondit,
1354 1691 1392 1736 se
1407 1689 1478 1736 non
1490 1673 1574 1735 obli-

348 1782 439 1860 gari,
457 1792 495 1844 ut
509 1782 584 1861 ipse
600 1782 742 1861 quidem
756 1781 915 1860 putabat,
933 1791 971 1843 ut
985 1781 1035 1843 illi
1053 1782 1173 1860 legato
1188 1779 1410 1844 satisfaceret
1430 1790 1581 1861 propter·

348 1897 597 1952 testamentum
612 1890 736 1967 patriS,
753 1889 812 1968 qui
827 1897 933 1966 rogat
947 1887 1039 1950 iiiios
1052 1896 1086 1950 et
1101 1888 1274 1967 praecipit
1296 1887 1347 1950 eis
1370 1897 1409 1950 ut
1429 1888 1489 1965 qui
1508 1887 1574 1948 cle·

346 1998 443 2058 ricus
457 1995 563 2058 fuerit
578 2005 612 2058 et
627 1996 768 2058 aliunde
783 1996 917 2058 reditus
933 1994 1107 2072 habuerit,
1124 1994 1202 2057 aliis
1217 1993 1386 2056 fratribus
1398 1994 1572 2073 relinquat

346 2112 497 2182 paterna
512 2104 621 2166 bona:
637 2101 698 2166 200
712 2114 832 2166 tamen
846 2104 904 2165 vel
922 2101 983 2164 300
1003 2119 1131 2165 aureos
1152 2118 1190 2164 se
1211 2101 1375 2164 daturum
1398 2099 1573 2182 significa·

347 2210 406 2273 bat
424 2210 469 2273 ad
484 2210 563 2289 pias
578 2227 723 2289 causas;
740 2220 774 2272 et
789 2211 839 2273 ita
855 2226 914 2272 res
928 2209 1087 2271 indecisa
1102 2210 1226 2271 relicta
1244 2217 1308 2270 est.
1330 2208 1375 2271 Et
1396 2207 1478 2287 quia
1498 2225 1570 2270 non

345 2326 422 2380 erat
437 2317 588 2380 clericus
603 2334 669 2380 nec
683 2318 818 2380 reditus
833 2317 985 2380 habebat
1000 2314 1161 2394 Angelus
1176 2314 1347 2378 Surianus
1359 2313 1381 2393 ⁸,
1396 2332 1467 2377 non
1477 2315 1578 2378 vide«

345 2424 449 2488 batur
464 2442 506 2486 eo
521 2433 734 2488 testamento
748 2425 853 2503 ligari
867 2422 966 2486 Patri
980 2422 1114 2502 Natali;
1131 2422 1224 2503 quod
1240 2431 1274 2486 et
1289 2422 1447 2485 clausula
1468 2430 1578 2486 testa-¹

343 2531 454 2595 menti
467 2531 516 2594 ibi
530 2533 639 2594 missa
654 2532 742 2594 satis
757 2532 901 2594 indicat.

404 2636 475 2701 487.
519 2637 608 2702 Cum
624 2650 742 2702 autem
757 2637 795 2701 P.
812 2638 971 2718 ignatius
986 2637 1098 2703 eidem
1119 2636 1162 2700 D.
1185 2637 1350 2702 Michaeli
1371 2637 1580 2718 scripsisset,

344 2763 382 2808 se
397 2746 461 2811 vix
475 2763 581 2826 posse
597 2765 682 2810 suae
697 2747 938 2811 conscientiae
954 2747 1173 2823 satisfacere,
1194 2747 1225 2808 si
1245 2764 1316 2808 non
1336 2755 1472 2825 peteret
1492 2764 1571 2809 exe-

343 2853 522 2917 cutionem
537 2855 739 2917 testamenti
753 2853 874 2916 fratris
889 2854 1046 2933 ipsorum
1058 2862 1092 2915 et
1107 2854 1229 2931 nostri,
1244 2852 1385 2933 Angeli,
1403 2852 1433 2915 si
1447 2862 1580 2933 sponte-

343 2978 408 3025 sua
423 2960 508 3024 illud
525 2979 596 3023 non
611 2971 856 3041 exequeretur,
873 2962 980 3024 etiam
994 2959 1175 3040 injudicio
1190 2958 1212 3037 ⁴,
1226 2969 1423 3023 commotus
1435 2970 1574 3021 estnon

342 3084 469 3149 parum
484 3066 529 3132 D.
546 3068 710 3147 Michael,
727 3081 761 3132 et
781 3068 923 3148 quidem
943 3068 1107 3131 acerbius
1125 3069 1263 3131 locutus
1284 3076 1337 3130 est
1359 3082 1480 3129 coram
1503 3064 1570 3129 fra-

341 3176 456 3240 tribus
470 3177 555 3254 5515,
572 3194 616 3239 ac
629 3176 717 3240 nihil
732 3192 770 3238 se
785 3176 876 3238 velle
891 3176 1087 3239 dissolvere
1102 3175 1144 3237 de
1159 3176 1278 3254 legato
1294 3172 1494 3251 affirmavit;
1506 3173 1569 3237 sed

342 3283 512 3363 postridie
532 3282 720 3345 Rectorem
735 3283 870 3360 adiens,
894 3300 933 3345 se
954 3282 1070 3362 ipsum
1089 3282 1281 3345 accusabat
1296 3280 1391 3361 quod
1406 3280 1577 3343 acerbius.

345 3398 438 3452 esset
452 3390 602 3466 locutuS,
619 3399 654 3452 et
667 3388 705 3451 Ρ.
723 3390 861 3467 ignatio
881 3388 1008 3452 litteris
1027 3388 1207 3468 respondit
1223 3388 1433 3451 humaniter.
1452 3384 1491 3451 Si
1512 3403 1570 3451 au-

341 3509 413 3560 tem
436 3514 495 3559 res
514 3505 591 3560 tota
605 3497 713 3559 libere
733 3496 820 3576 ipsis
843 3496 1117 3574 relinquebatur,
1139 3505 1173 3558 et
1193 3511 1315 3558 eorum
1331 3494 1568 3558 conscientiae

344 3605 641 3681 committebatur,
658 3604 746 3667 satis
760 3604 957 3683 apparebat
971 3602 1057 3665 nibil
1071 3620 1132 3665 eos
1147 3618 1224 3665 esse
1240 3603 1396 3667 daturos.
1419 3602 1463 3665 Et
1485 3620 1566 3665 con·

341 3712 425 3775 sulti
439 3711 509 3773 duo
525 3710 694 3775 advocati
708 3729 730 3773 a
744 3710 887 3788 nostris,
904 3710 1150 3789 significarunt
1164 3710 1259 3789 quod
1272 3727 1418 3790 prorsus
1432 3728 1504 3773 non
1518 3718 1566 3773 te·

381 3989 390 4021 ¹
420 3989 530 4043 Saepius
538 3991 594 4044 jam
603 3989 702 4032 duobus
711 3988 925 4041 praecedentibus
936 3988 1010 4031 annis
1019 3988 1162 4041 scripserat
1173 3988 1206 4031 ad
1221 3994 1324 4030 nostros
1332 3986 1569 4039 Viennenses,Rec-

341 4069 425 4106 torem
437 4062 600 4116 praesertim,
611 4062 720 4104 Patrem
739 4060 873 4105 Nicolaum
883 4060 914 4103 de
934 4059 1039 4115 Lanoy,
1056 4072 1177 4111 excom..
1192 4060 1330 4111 Poiancus‚
1349 4070 1445 4114 rogans
1455 4065 1484 4103 ut
1501 4070 1565 4113 nego

341 4134 404 4177 num
413 4134 463 4177 hoc
474 4133 566 4177 fratris
576 4133 672 4187 Angeli
683 4130 787 4176 Suriani
797 4132 982 4177 conficiendum
997 4138 1128 4176 curarent.
1146 4132 1212 4175 Vide
1229 4143 1316 4187 supra,
1333 4139 1352 4175 t.
1367 4144 1401 4185 iv,
1412 4142 1472 4185 pag.
1487 4130 1534 4183 268,
1544 4143 1576 4182 n.¹

338 4205 386 4250 576.
397 4212 485 4247 annot.
495 4205 515 4247 2.
1173 4204 1175 4208 ’

380 4278 392 4307 ¹
419 4276 474 4319 Hoc
486 4286 554 4319 anno
565 4288 581 4319 a
591 4276 735 4330 Republica
745 4276 848 4320 Veneta
857 4276 952 4321 missus
962 4281 1002 4319 est
1011 4274 1136 4320 Surianus
1151 4278 1252 4330 legatus
1267 4276 1299 4319 nd
1317 4274 1414 4329 Regem
1428 4274 1578 4329 Philippum

339 4349 399 4401 “per
411 4348 605 4401 congratulursi
615 4360 675 4391 seco
687 4349 753 4391 delle
764 4360 809 4391 sue
820 4348 963 4392 assuntioni
975 4360 989 4391 e
1003 4360 1049 4403 per
1067 4348 1223 4402 fermarglisi
1239 4348 1264 4392 in
1281 4348 1379 4401 Corte„
1389 4347 1577 4401 Venorzzorrr„

340 4418 389 4461 De*
398 4418 467 4471 satir·
484 4418 584 4471 Veneti,
596 4420 640 4463 lib.
651 4431 715 4465 xvu.

379 4494 391 4525 ⁸
418 4490 467 4534 liic
478 4498 536 4534 erat
556 4490 692 4535 Michaelis
708 4494 800 4546 irater,
818 4492 862 4546 qui
879 4492 1038 4537 Societatem
1053 4492 1185 4545 ingressus
1201 4491 1310 4535 obierat.
1326 4490 1392 4535 Vide
1408 4501 1495 4545 supra,
1511 4495 1529 4533 t.
1547 4500 1580 4543 rr,

337 4573 399 4617 pag.
408 4563 457 4614 tn,
465 4574 490 4607 n.
502 4563 548 4608 188.

378 4638 391 4669 ⁴
420 4634 487 4677 Vide
500 4634 597 4679 Carras
607 4636 641 4679 de
653 4635 708 4678 San
719 4636 839 4690 Iguacr'o,
853 4644 871 4680 t.
882 4650 908 4690 v,
924 4648 985 4690 pag.
1000 4636 1041 4679 333
1057 4643 1082 4679 et
1099 4636 1147 4690 ‹th
1158 4636 1203 4681 sed
1218 4636 1250 4679 ci.
1262 4646 1341 4690 supra
1356 4635 1382 4679 in
1397 4636 1445 4679 boc
1462 4635 1578 4683 Putares

341 4707 477 4759 Chronico,
488 4714 507 4751 t.
515 4718 543 4756 rr.
554 4719 614 4762 pag.
625 4708 673 4762 210,
684 4716 773 4753 annot.
785 4710 805 4753 1.
