3717 5400
812 478 875 536 Aa.
897 478 968 537 1656
1446 480 1503 540 135

268 623 341 686 bat.
367 622 440 687 Alii
455 624 561 687 etiam
577 641 622 687 ex
638 621 869 687 Senatoribus
883 625 1008 704 primis
1022 624 1127 705 Regii
1147 626 1293 690 Consilii
1316 644 1370 705 e0,
1392 627 1500 691 confi·

269 730 367 794 tendi
380 731 511 810 gratia,
531 740 718 806 venerunt,
739 740 773 794 et
798 748 880 795 curn
905 734 968 811 eie,
990 750 1032 797 ac
1054 734 1246 813 praecipue
1265 750 1347 797 cum
1362 733 1502 799 Praesi-

271 836 388 917 dente,
404 836 579 917 quaedam
593 838 714 917 magni
729 840 898 903 momenti
911 850 947 902 et
962 840 1008 903 ad
1027 857 1213 903 commune
1232 841 1364 905 bonum
1384 841 1502 922 Regni

272 952 426 1008 tractata
446 956 539 1008 sunt.

334 1052 423 1115 1165.
465 1053 575 1116 Venit
595 1063 629 1117 et
653 1053 851 1134 Episcopus
875 1052 1063 1117 Gienensis
1089 1053 1110 1134 ¹,
1135 1064 1171 1117 et
1191 1053 1395 1120 Palentinus
1419 1060 1441 1135 ¹,
1465 1055 1503 1121 in

271 1158 373 1241 cujus
394 1160 550 1225 dioecesi
573 1161 641 1224 hoc
666 1160 834 1242 oppidum
854 1171 943 1239 erat,
969 1162 1030 1241 qui
1054 1162 1161 1224 etiam
1186 1164 1412 1243 eleemosyna
1431 1161 1504 1226 fru-

273 1267 382 1332 menti
397 1286 467 1332 non
486 1268 656 1332 mediocri
680 1278 822 1332 nostros
846 1268 1047 1332 sublevavit
1073 1266 1096 1331 ⁸.
1124 1268 1370 1332 confessarius
1395 1270 1505 1336 etiam

272 1375 448 1456 Principis
470 1375 643 1458 Joannae,
669 1374 813 1439 Ordinis
837 1373 899 1437 5.ss
922 1374 1147 1455 Hieronymi,
1170 1375 1264 1439 diem
1289 1392 1397 1439 unum
1422 1394 1504 1440 cum

272 1483 405 1548 nostris
420 1492 671 1555 commoratus,
687 1481 903 1561 significavit
922 1482 959 1545 in
974 1482 1069 1545 votis
1091 1481 1158 1545 sibi
1182 1498 1261 1545 esse
1286 1482 1332 1545 ad
1346 1498 1505 1548 mensem

276 1608 385 1654 unum
401 1607 443 1653 eo
458 1606 497 1652 se
511 1589 682 1669 recipere,
698 1599 735 1651 ut
749 1588 992 1668 spiritualibus
1006 1588 1188 1651 exercitiis
1201 1598 1360 1669 vacaret3
1376 1598 1411 1652 et
1425 1606 1506 1652 coe-

275 1698 327 1777 pit
340 1697 479 1761 mittere
494 1698 633 1776 aliquos
647 1714 693 1758 ex
707 1697 781 1758 suis
796 1695 973 1775 religiosis
988 1704 1027 1758 ut
1042 1695 1167 1759 eadem
1180 1696 1320 1759 ratione
1338 1694 1506 1775 juvaren-

273 1815 341 1883 tur,
369 1805 429 1885 qui
454 1820 535 1867 cum
553 1819 684 1882 magno
705 1802 880 1882 spirituali
898 1802 1015 1865 fructu
1035 1811 1070 1865 et
1089 1803 1332 1866 consolatione
1355 1802 1406 1865 eis
1425 1820 1503 1883 per·

275 1914 365 1976 actis
379 1913 629 1976 discesserunt.
647 1908 813 1972 Distabat
828 1918 946 1972 autem
967 1926 1090 1972 eorum
1105 1910 1359 1972 monasterium
1378 1909 1418 1972 25
1433 1911 1505 1973 leu-

276 2020 329 2083 cis
348 2018 597 2099 Septimancis.

340 2125 428 2189 1166.
472 2124 555 2188 Fuit
573 2134 690 2187 autem
716 2125 809 2187 inter
828 2124 895 2186 hos
917 2120 930 2153 ⁴
954 2122 1099 2203 quidam
1124 2123 1325 2202 theologiae
1340 2124 1450 2188 lector
1469 2134 1505 2189 et

278 2235 510 2298 concionator
524 2240 559 2293 et
577 2232 634 2294 vir
656 2246 807 2309 magnae
829 2230 1062 2307 auctoritatis,
1084 2246 1191 2309 quam
1205 2229 1272 2310 ipsi
1287 2240 1322 2293 et
1340 2232 1452 2294 virtus
1470 2240 1507 2295 et

277 2340 439 2404 doctrina
451 2338 673 2402 conciliabat.
688 2336 756 2400 Hic
772 2346 956 2417 tantopere
970 2337 1007 2400 in
1022 2336 1202 2400 exercitiis
1214 2336 1414 2417 hujusmodi
1426 2356 1506 2418 pro-

275 2448 370 2525 fecit,
393 2456 431 2510 ut
445 2446 616 2535 fateretur
638 2445 713 2525 ipse
739 2452 884 2525 propter
905 2442 1075 2507 mundum
1101 2443 1195 2506 hunc
1220 2454 1332 2507 totum
1352 2445 1443 2507 nolle
1466 2462 1506 2509 se

276 2554 435 2618 caruisse
460 2552 662 2631 cognitione
687 2551 886 2628 Societatis,
910 2550 979 2614 illis
1000 2550 1124 2630 paucis
1140 2550 1272 2629 diebuS,
1296 2568 1385 2631 quos
1411 2568 1453 2615 ea
1468 2554 1506 2619 iu

277 2663 383 2726 domo
403 2659 534 2740 exegit,
560 2669 596 2723 et
621 2659 744 2722 beatos
769 2675 847 2722 esse
874 2658 954 2721 illos
978 2657 1129 2736 dicebat,
1157 2675 1245 2739 quos
1271 2656 1444 2723 Dominus
1460 2659 1504 2723 ad

277 2769 370 2832 hanc
385 2766 599 2831 Societatem
613 2775 790 2830 vocasset.
807 2765 999 2847 Postquam
1024 2776 1143 2829 autem
1168 2764 1206 2827 P.
1232 2763 1261 2827 F
1264 2766 1447 2830 ranciscus
1462 2785 1506 2830 eo

275 2876 386 2952 venit,
402 2875 502 2938 multi
517 2874 577 2936 alii
590 2874 745 2936 illustres
761 2873 828 2936 viri
842 2890 885 2935 eo
902 2873 1159 2948 confluxerunt,
1178 2873 1237 2953 qui
1252 2871 1328 2953 ejus
1342 2883 1378 2936 et
1390 2892 1506 2938 exem·

278 2985 337 3062 plo
354 2991 389 3046 et
402 2981 565 3045 doctrina
585 2981 692 3044 valde
711 2977 821 3058 adjuti
843 2990 1079 3058 recesserunt;
1102 2991 1136 3042 et
1156 2977 1231 3059 ejus
1251 2980 1427 3060 profunda
1445 2981 1508 3044 hu·

278 3089 409 3153 militas
423 3098 458 3151 et
472 3097 614 3150 nostros
629 3098 664 3149 et
679 3096 846 3149 externos
860 3085 1110 3149 confundebat.

341 3194 428 3258 1167.
473 3194 566 3257 Inter
582 3195 681 3268 alios,
708 3194 868 3273 quicum
892 3193 1102 3271 inviserunt,
1129 3193 1195 3256 fuit
1220 3192 1347 3257 Comes
1372 3194 1510 3258 stabilis

277 3301 454 3367 Castellae
468 3300 491 3378 ⁸,
508 3301 565 3380 qui
582 3317 664 3363 cum
678 3317 809 3379 magna
825 3298 1070 3363 aedificatione
1087 3299 1132 3362 ad
1148 3317 1214 3364 sua
1228 3300 1343 3363 rediit.

341 3409 428 3473 1168.
472 3409 559 3473 Erat
571 3405 1089 3487 SeptimancisP.FranciscuS,
1100 3424 1182 3470 cum
1193 3406 1510 3489 Princeszoanna

278 3535 324 3581 ex
338 3517 468 3598 oppido
483 3515 710 3592 TordesillaS,
728 3523 973 3594 postmortem
992 3514 1108 3590 aviae,
1131 3511 1291 3593 Reginae
1310 3515 1470 3597 Joannae
1484 3511 1509 3592 ⁸,

321 3797 330 3827 ¹
358 3792 473 3837 Didncus
489 3792 520 3834 tle
535 3791 648 3835 Tavera.
664 3789 714 3833 Sed
729 3791 788 3833 vide
802 3791 873 3833 dicta
887 3791 912 3833 ln
927 3789 1049 3834 Litterae
1064 3790 1294 3844 Quadrimestres,
1304 3799 1323 3836 t.
1338 3802 1377 3844 ιιι,
1388 3803 1450 3847 pag.
1461 3791 1504 3836 883

280 3871 370 3911 annot.
380 3866 402 3909 i.

321 3936 332 3967 ἰ
360 3937 454 3979 Petrus
464 3935 495 3977 de
506 3935 533 3978 ln
543 3933 639 3977 Gnsca.

321 4007 333 4040 ⁸
359 4008 432 4062 “yde
447 4018 496 4060 que
512 4007 536 4048 el
554 4005 763 4048 Reuerendisimo
782 4002 877 4059 Oblspo
895 4005 927 4048 de
944 4005 1067 4050 Paleucia
1081 4017 1108 4049 se
1124 4006 1228 4050 olrezca
1242 4007 1274 4049 de
1291 4007 1392 4062 ayudar
1407 4007 1512 4061 aquella

280 4081 352 4134 obre,
364 4077 479 4124 rumblen
489 4089 534 4120 nos
544 4078 633 4120 hemon
648 4077 774 4130 alegredo
791 4087 823 4119 eu
837 4078 862 4120 el
876 4075 966 4130 Senon
977 4089 995 4133 y
1006 4088 1098 4132 parece
1114 4089 1163 4134 que
1173 4078 1205 4122 de
1221 4079 1259 4122 tel
1269 4089 1378 4134 persona
1389 4089 1420 4122 no
1430 4078 1513 4133 potira

279 4162 416 4207 esperarse
427 4150 523 4207 nyuda,
534 4161 582 4203 qne
593 4161 679 4193 nosen
690 4149 722 4192 de
734 4149 913 4203 importancin;
923 4162 942 4206 y
951 4149 1080 4194 bublendo
1090 4151 1121 4194 de
1132 4161 1174 4195 ser
1184 4161 1247 4194 cusa
1261 4151 1292 4193 de
1307 4151 1455 4204 probaeion,
1465 4162 1512 4205 pa·

279 4236 340 4268 rece
350 4224 386 4268 ba
395 4229 525 4266 menester
537 4223 635 4264 buenas
647 4222 748 4278 ayudas
757 4231 822 4276 para
832 4228 980 4265 entretener
991 4222 1057 4266 buen
1068 4225 1174 4266 numero
1182 4222 1213 4266 de
1224 4227 1326 4277 gente,
1333 4221 1468 4276 Polaneus,
1479 4233 1513 4266 ex

279 4308 355 4347 corta,
365 4295 440 4339 Patri
450 4293 591 4337 Frenclsco
603 4293 634 4336 de
645 4293 733 4348 BorJa,
742 4291 771 4336 30
780 4293 932 4337 Decembris
943 4293 1004 4338 1656.

319 4370 332 4401 ὁ
358 4366 469 4411 Fratres
480 4364 510 4409 0.
521 4365 546 4410 S.
556 4364 715 4422 Hieronymi.

321 4440 333 4472 ⁸
359 4437 454 4482 Petrus
463 4435 614 4480 Fernandez
625 4437 657 4480 de
667 4436 792 4481 velesco.

318 4511 331 4544 θ
359 4509 467 4563 “Esplro
479 4509 502 4551 el
511 4506 715 4563 Viernessnnto,
728 4509 753 4552 12
762 4510 795 4553 de
802 4509 887 4562 Abril,
898 4512 914 4552 a
924 4511 964 4554 las
972 4509 1023 4554 seis
1030 4509 1061 4554 de
1069 4512 1097 4554 ln
1105 4510 1275 4565 madrugada,
1284 4510 1394 4565 delendo
1401 4510 1513 4554 admira·

278 4583 325 4626 dos
335 4585 352 4625 a
362 4581 437 4625 todos
446 4580 487 4622 del
498 4579 598 4623 cambio
606 4591 655 4635 que
665 4592 697 4624 en
707 4591 751 4624 sus
761 4581 866 4625 ultimos
875 4587 1021 4626 momentus
1032 4593 1059 4625 se
1072 4582 1153 4626 habia
1162 4579 1303 4626 verificado
1315 4593 1346 4626 en
1361 4583 1421 4626 elle.
1432 4581 1514 4627 Tenia

280 4656 333 4698 itia
343 4662 422 4697 mon
431 4655 559 4706 retentay
568 4651 641 4695 ciuco
652 4655 725 4704 enos,
734 4651 808 4696 cinco
819 4664 903 4696 meses
913 4664 931 4709 y
941 4654 992 4698 sels
1002 4654 1060 4697 dias
1067 4654 1097 4698 de
1108 4655 1197 4708 edem„
1208 4652 1357 4698 Ropmourz
1367 4653 1461 4708 vitun,
1474 4653 1515 4698 La

282 4725 372 4769 Reina
383 4723 460 4767 Dorta
470 4721 564 4776 Juana
574 4724 601 4767 la
612 4723 678 4776 ioca,
688 4724 732 4768 lib.
743 4735 767 4776 x,
776 4723 792 4780 ἓ
800 4735 819 4769 u
828 4725 878 4780 (ed.
886 4723 994 4776 Medrid,
1010 4725 1079 4780 1⁸92).
