3717 5400
353 483 405 542 llil
808 482 937 542 Canon.
958 481 1036 542 Soc.
1058 481 1117 552 Jas

412 627 483 692 298.
528 628 628 692 Alter
642 647 688 692 ex
702 630 759 693 his
773 632 825 694 sic
839 638 978 710 patrem
999 640 1103 691 suum
1125 627 1171 690 ad
1192 643 1256 690 sua
1277 627 1454 690 desideria
1474 628 1582 706 flexit,

353 746 390 798 ut
405 752 470 815 pro
484 735 556 799 filio
569 746 761 815 rogaturus
781 745 834 815 ut,
856 736 1008 814 scilicet,
1032 735 1069 798 in
1088 732 1302 798 Societatem
1324 735 1582 812 admitteretur,

352 843 398 903 ad
423 841 620 922 Collegium
642 843 799 920 veniret;
822 843 884 906 sed
904 853 940 905 et
960 841 1167 905 dilationem
1189 858 1303 920 aequo
1327 841 1445 904 animo
1467 842 1582 921 ipsum

352 949 446 1012 lette
461 949 627 1029 oportuit.
1114 943 1115 946 ’

410 1055 482 1119 299.
525 1056 669 1120 infesto
685 1056 856 1138 Corporis
871 1057 1005 1122 Christi
1022 1055 1197 1136 quaedam
1212 1056 1388 1134 carmina,
1406 1072 1427 1119 a
1450 1056 1583 1118 nostris

353 1164 567 1243 composita,
588 1181 610 1225 a
631 1173 783 1244 quatuor
802 1165 922 1245 pueris
942 1180 1064 1228 coram
1086 1161 1192 1226 SS.¹¹¹⁰
1217 1160 1462 1240 Sacramento,
1484 1161 1584 1241 prae·

353 1283 452 1332 sente
466 1269 567 1334 Duce
582 1279 618 1334 et
631 1269 775 1345 Senatu,
793 1270 970 1352 Episcopo
986 1282 1020 1334 et
1036 1281 1179 1334 caetera
1201 1270 1371 1333 nobilium
1392 1287 1435 1332 ac
1451 1269 1583 1332 civium
1617 1345 1620 1354 Ι

353 1390 512 1454 caterva,
533 1379 569 1441 in
591 1380 706 1455 altari,
723 1379 817 1460 quod
839 1395 903 1458 pro
928 1378 1064 1442 foribus
1089 1377 1238 1457 Collegii
1253 1375 1458 1441 struxerant
1482 1377 1585 1456 (quae
1616 1355 1619 1366 ¹

352 1500 423 1560 reS,
438 1492 477 1547 ut
491 1503 597 1562 nova,
614 1497 649 1548 et
665 1485 911 1549 admirationis
926 1495 961 1548 et
976 1484 1233 1550 aedificationis
1248 1484 1439 1564 plurimum
1460 1484 1524 1546 toti
1539 1484 1584 1546 ci·

353 1591 456 1654 vitati
481 1592 608 1668 attulit,
636 1593 768 1672 inqua
786 1593 874 1657 nihil
892 1591 1093 1674 hujusmodi
1119 1609 1276 1672 unquam
1297 1592 1414 1655 visum
1440 1589 1581 1669 iuerat);

355 1696 595 1778 [pronuntiata
615 1697 727 1779 sunt];
745 1710 779 1762 et
795 1701 954 1781 plerique
968 1701 1128 1763 carmina
1154 1700 1398 1779 postulabant,
1425 1707 1459 1761 et
1483 1707 1585 1761 erant

357 1806 415 1886 qui
431 1806 538 1868 etiam
550 1824 592 1869 ea
608 1808 784 1871 excudere
798 1808 952 1870 vellent.'

413 1911 483 1974 300.
527 1911 612 1975 Post
630 1913 887 1993 profectionem
908 1913 946 1976 P.
967 1913 1092 1997 Jacobi
1115 1911 1280 1994 LayneZ,
1301 1914 1418 1976 nullus
1440 1911 1585 1975 relictus

353 2030 431 2084 erat
446 2019 604 2097 Genuae,
621 2020 681 2100 qui
703 2021 929 2085 ecclesiastes
950 2021 1063 2084 officio
1084 2022 1178 2085 serio
1199 2019 1423 2099 fungeretur:
1446 2020 1584 2099 aliquae

352 2137 471 2189 tamen
491 2107 683 2189 conciones
698 2145 719 2189 a
735 2128 867 2190 nostris
887 2127 1018 2191 fiebant
1033 2128 1070 2190 in
1092 2127 1246 2207 quodam
1267 2121 1501 2200 xenodochio:
1526 2125 1585 2188 do·

354 2233 469 2296 ctrina
484 2233 591 2296 etiam
606 2234 801 2296 christiana
817 2247 850 2296 et
864 2235 1088 2298 scholasticis
1111 2245 1146 2297 et
1168 2234 1247 2297 aliis
1268 2233 1376 2296 etiam
1391 2233 1435 2296 de
1454 2233 1586 2312 populo

353 2339 611 2419 explicabatur.
631 2340 763 2404 Variae
778 2342 885 2404 etiam
899 2342 1166 2404 exhortationes
1181 2354 1214 2404 et
1230 2341 1408 2420 colloquia
1424 2357 1494 2402 non
1510 2341 1586 2402 sine

353 2444 483 2509 fructu.

413 2551 484 2615 301.
527 2552 720 2633 Postquam
743 2562 861 2617 autem
885 2554 922 2617 P.
940 2553 1071 2618 Loarte
1099 2553 1107 2584 ¹
1132 2555 1294 2618 Genuam
1316 2554 1490 2633 pervenit,
1507 2554 1585 2615 loco

354 2657 470 2723 Patris
484 2658 632 2724 Antonii
646 2659 871 2742 Soldevillae,
888 2661 948 2743 qui
962 2661 1112 2726 Romam
1132 2669 1323 2726 revocatus
1338 2669 1406 2738 est,
1428 2659 1461 2723 ei
1476 2659 1586 2723 Colle·

354 2769 414 2847 gio
433 2768 565 2831 Rector
589 2767 807 2847 praelectus,
828 2769 946 2849 coepit
966 2770 1201 2848 Evangelium
1217 2768 1339 2834 Sancti
1359 2767 1529 2831 Matthaei
1549 2767 1585 2830 in

355 2874 552 2938 cathedrali
580 2876 733 2938 ecclesia
761 2875 1012 2956 pomeridianis
1037 2876 1134 2938 horis
1159 2877 1388 2955 praelegere,
1421 2873 1587 2955 quamvis

354 2998 397 3043 ea
411 2981 528 3059 lectio,
544 2982 687 3045 nomine
702 2992 841 3046 tantum
856 3000 877 3044 a
894 2983 1064 3046 concione
1079 2982 1269 3047 videbatur
1285 2980 1440 3060 differre3
1452 2998 1536 3045 nam
1550 2980 1586 3043 in
1615 3020 1622 3032 ·

353 3088 476 3166 lingua
490 3088 610 3152 italica
625 3088 742 3167 fiebat,
759 3088 795 3151 in
810 3106 879 3169 qua
900 3106 1053 3169 magnos
1073 3106 1288 3169 progressus
1308 3088 1409 3151 brevi
1428 3096 1587 3167 tempore

355 3192 448 3257 idem
469 3192 575 3257 Pater
595 3194 691 3273 fecit,
711 3206 746 3259 et
766 3212 898 3275 magno
920 3213 1001 3259 cum
1022 3197 1195 3276 applausu
1217 3214 1259 3259 eo
1279 3212 1425 3258 munere
1445 3194 1588 3257 iunctus

355 3310 419 3378 est,
445 3302 609 3380 quamvis
628 3314 663 3365 et
685 3303 756 3365 alia
776 3303 862 3366 vitia
882 3304 1013 3365 acriter
1033 3303 1291 3380 insectabatur,
1315 3320 1357 3365 ac
1379 3300 1588 3364 nominatim

353 3424 510 3486 usuram,
526 3417 561 3471 et
574 3408 621 3471 ad
633 3425 772 3472 morum
783 3410 995 3489 probitatem
1008 3426 1050 3471 ac
1062 3409 1284 3489 spiritualem
1296 3408 1494 3489 profectum
1507 3406 1587 3470 hor·

354 3515 499 3577 tabatur
513 3524 547 3577 et
568 3514 756 3595 dirigebat.

413 3618 484 3682 302.
528 3619 627 3684 Idem
642 3622 765 3685 diebus
786 3625 928 3687 veneris
947 3625 1179 3688 christianam
1201 3622 1399 3686 doctrinam
1421 3621 1458 3685 in
1474 3620 1586 3685 Colle·

353 3727 415 3807 gio
426 3737 548 3791 nostro
564 3730 788 3792 scholasticis
803 3730 1024 3808 declarabat;
1042 3730 1119 3809 sed,
1137 3729 1372 3810 quorumdam
1383 3728 1516 3791 civium
1530 3746 1585 3792 ro·

354 3845 454 3912 gatu,
470 3835 507 3897 in
522 3837 690 3915 templum
705 3834 750 3898 D.
767 3836 902 3901 Mariae
916 3855 996 3901 eam
1010 3838 1198 3901 lectionem
1212 3836 1408 3915 transtulit,
1426 3835 1520 3917 quod
1536 3838 1588 3899 vi·

356 3940 474 4004 einum
485 3952 573 4019 erat,
588 3952 625 4005 ut
637 3942 688 4006 sic
704 3960 773 4005 non
785 3944 898 4007 solum
912 3945 1219 4023 scholasticorum,
1232 3960 1358 4007 verum
1373 3954 1408 4006 et
1424 3942 1584 4020 aliorum,

355 4048 414 4126 qui
440 4048 562 4111 venire
588 4050 738 4128 vellent,
757 4050 939 4130 ‚profectui
965 4053 1221 4115 consuleretur.
1252 4050 1454 4131 Aliquando
1480 4050 1587 4112 etiam

356 4154 402 4216 ad
418 4154 581 4217 triremes
595 4157 708 4219 nostri
722 4174 761 4220 se
780 4156 1019 4236 conferebant,
1043 4168 1080 4220 ut
1102 4174 1222 4221 semen
1243 4156 1342 4219 verbi
1362 4154 1429 4219 Dei
1450 4155 1588 4218 illorum

357 4260 540 4323 hominum
555 4261 590 4324 in
606 4263 772 4326 cordibus
784 4262 955 4342 jacerent.
972 4263 1062 4328 Cum
1076 4264 1183 4328 etiam
1198 4262 1308 4344 aliqui
1325 4263 1459 4325 chartis
1471 4262 1588 4325 luden-

356 4377 409 4428 tes
421 4384 443 4428 a
454 4368 587 4430 nostris
597 4378 714 4433 essent
727 4369 948 4450 deprehensi,
959 4383 993 4434 et
1005 4370 1040 4434 id
1050 4370 1183 4434 factum
1196 4370 1448 4450 improbarent,
1458 4368 1589 4433 omisso

358 4576 395 4584 e—.
416 4580 558 4587 *—

400 4712 408 4743 ¹
438 4712 458 4755 P
479 4711 582 4767 cupae
593 4713 699 4758 Loarte.
711 4714 778 4759 Vide
789 4726 876 4771 supra,
886 4728 947 4772 pag.
959 4716 993 4772 ta,
1005 4730 1029 4762 n.
1041 4718 1075 4762 7⁸.
