3717 5400
368 490 422 549 176
825 487 953 548 canoa.
976 488 1051 546 Soc.
1073 487 1142 559 jas.

366 636 444 699 suit.
471 635 516 698 Et
540 635 686 699 timebat
706 633 743 696 P.
765 633 950 696 Salmeron
976 651 1019 696 ne
1043 635 1284 714 l'rigidiuscule
1306 633 1506 697 Cardinalis
1532 636 1599 696 boe

368 761 460 822 opus
479 751 716 822 promoveret,
739 742 845 804 sicuti
865 755 899 804 et
921 741 1195 821 Neapolitanum
1216 741 1412 820 Collegium
1435 741 1599 820 frigidius

366 867 476 930 quam
490 851 566 929 ipse
582 849 752 912 voluisset
768 860 997 928 promoverat
1015 847 1035 906 ¹.

428 956 500 1019 506.
543 955 601 1019 Ad
634 955 873 1018 sacerdotium
908 966 1093 1035 promotus
1126 965 1179 1018 est
1213 955 1280 1017 hac
1313 954 1596 1034 Quadragesima

369 1063 406 1126 P.
423 1063 638 1127 Laurentius
653 1060 870 1126 Schorzlnus
885 1073 920 1124 et
934 1061 972 1126 P.
990 1061 1147 1142 Joannes
1161 1061 1329 1124 Nicolaus
1356 1059 1532 1142 [Petrella]
1555 1062 1598 1125 de

369 1170 441 1234 Itro
457 1169 481 1234 ².
499 1169 607 1232 Venit
622 1170 728 1231 etiam
743 1168 893 1231 Romam
908 1169 1066 1232 novitius
1081 1168 1286 1248 Alphonsus
1302 1167 1510 1232 Fernandez
1532 1167 1543 1198 ³
1562 1179 1597 1230 et

369 1277 432 1340 alii
447 1277 601 1357 quidam.
622 1275 695 1338 Alii
715 1287 834 1338 autem
859 1275 1008 1354 Neapoli
1034 1275 1180 1338 admissi
1206 1277 1356 1352 fuerunt,
1384 1293 1454 1338 non
1479 1285 1598 1338 tamen

368 1401 492 1447 omnes
507 1393 793 1464 perseverarunt.
807 1384 851 1446 Et
864 1384 982 1461 potius
998 1383 1187 1446 mediocris
1200 1395 1305 1446 notae
1319 1383 1477 1445 homines
1492 1399 1597 1461 quam

368 1509 415 1554 ex
429 1491 614 1553 nobilitate
629 1490 674 1553 ad
690 1488 904 1552 Societatem
919 1501 1079 1552 nostram
1095 1489 1323 1566 accedebant,
1338 1491 1419 1569 quia
1432 1487 1599 1568 juventus

370 1597 498 1660 nobilis
513 1614 554 1659 ea
570 1597 605 1659 in
620 1597 765 1660 civitate
781 1596 890 1659 nimia
907 1597 1003 1659 vitae
1023 1597 1165 1659 licentia
1185 1598 1235 1658 uti
1258 1597 1453 1672 dicebatur,
1470 1605 1505 1658 et
1519 1596 1598 1658 ideo

367 1703 545 1767 difficilius
560 1704 605 1767 ad
618 1704 767 1766 consilia
782 1703 913 1767 Christi
929 1703 1109 1782 sequenda
1124 1703 1352 1765 accedebant.

427 1810 499 1873 507.
543 1809 610 1874 Sed
624 1811 670 1874 ad
682 1809 824 1873 Patrem
835 1807 1078 1873 Salmeronem
1091 1810 1280 1885 redeundo
1297 1811 1373 1888 ipso
1386 1810 1442 1872 die
1454 1809 1598 1872 Annun-

369 1918 528 1980 tiationis
542 1915 555 1948 ⁴
568 1917 699 1980 Beatae
714 1917 877 1995 Virginis
893 1933 1015 1979 coram
1035 1915 1202 1994 Pro-rege
1224 1930 1258 1979 et
1274 1917 1487 1996 primoribus
1502 1917 1598 1980 urbis

374 2025 501 2088 deinde
515 2025 593 2105 ipso
609 2023 665 2087 die
676 2022 772 2102 jovis
786 2024 913 2101 sancti,
932 2024 990 2084 vel
1005 2033 1109 2086 nocte
1129 2023 1245 2103 potius
1267 2041 1348 2086 cum
1372 2023 1428 2086 die
1453 2040 1597 2103 sequen·

371 2142 407 2193 te
421 2129 444 2209 ¹,
461 2131 548 2193 satis
563 2149 584 2192 a
598 2130 760 2210 plurimis
775 2130 956 2193 laudatam
973 2129 1015 2192 de
1031 2129 1211 2192 Passr'one
1226 2130 1376 2192 Domini
1392 2131 1599 2194 concionem

369 2239 503 2313 habuit,
520 2247 555 2299 et
570 2238 710 2300 demum
726 2253 870 2300 cursum
892 2237 1102 2300 concionum
1122 2237 1481 2318 quadragesimalium
1502 2254 1598 2316 pere·

366 2345 619 2423 gitfoeliciter3
645 2355 680 2406 et
703 2346 772 2406 hoc
787 2362 881 2406 anno
906 2345 1126 2423 frequentius
1152 2355 1185 2406 et
1211 2345 1361 2408 nobilius
1385 2345 1597 2409 auditorium

368 2452 501 2523 habuit,
519 2468 627 2531 quam
641 2450 879 2530 praecedenti;
895 2451 932 2512 in
948 2468 1017 2530 quo
1037 2452 1171 2514 fructus
1196 2453 1361 2530 egregius
1379 2453 1472 2514 haud
1495 2453 1599 2515 dubie

365 2559 542 2637 provenit,
556 2559 585 2620 si
598 2558 834 2621 satisfactioni
846 2575 951 2638 quam
966 2575 1051 2636 prae
1064 2575 1101 2620 se
1114 2559 1162 2621 illi
1175 2558 1334 2621 serebant
1347 2569 1381 2621 et
1398 2559 1597 2622 animorum

365 2665 601 2730 consolationi
615 2665 680 2729 luit
695 2675 967 2729 consentaneus.
981 2666 1098 2757 Etiam
1113 2667 1158 2727 ab
1174 2683 1215 2729 eo
1230 2676 1388 2747 tempore
1400 2665 1435 2729 in
1453 2683 1599 2747 sequen-

369 2786 440 2835 tem
454 2791 586 2836 annum
598 2771 673 2852 ejus
686 2790 833 2853 operam
844 2773 890 2836 ad
903 2774 1188 2836 concionandum
1200 2775 1437 2852 postulabant,
1454 2785 1487 2837 et
1499 2792 1599 2853 prae·

364 2880 471 2959 cipue
486 2880 653 2944 Vicarius
668 2881 952 2960 Archieplscopi,
970 2880 1029 2962 qui
1045 2898 1086 2942 ea
1102 2880 1199 2943 dere
1220 2898 1257 2943 se
1272 2882 1459 2960 scripsisse
1483 2881 1599 2960 ajebat

367 2988 415 3050 ad
429 2987 666 3064 Cardinalem,
683 2990 861 3067 quipaulo
877 3000 957 3065 post
974 2986 1136 3050 Pontifex
1155 2988 1220 3050 luit
1241 2988 1370 3051 Paulus
1391 2988 1452 3067 IV,
1474 2999 1512 3052 ut
1528 3006 1597 3051 ma-

369 3104 448 3157 ture
462 3094 497 3156 id
514 3113 534 3156 a
550 3094 587 3157 P.
604 3095 742 3173 ignatio
757 3096 916 3157 obtinere
932 3108 1086 3158 curaret.
1104 3094 1304 3158 Delectavit
1327 3107 1446 3157 autem
1466 3112 1599 3157 novum

369 3213 617 3280 argumentum
639 3200 956 3281 praedicationum,
982 3203 1153 3277 omnium,
1181 3202 1327 3278 scilicet,
1351 3203 1600 3281 parabolarum

369 3308 568 3387 Evangelii,
584 3326 734 3387 quarum
750 3326 855 3370 unam
872 3308 1027 3388 quotidie
1043 3310 1251 3388 Evangelia,
1269 3310 1312 3372 de
1332 3327 1401 3388 quo
1424 3310 1601 3389 agendum

368 3428 456 3493 erat,
475 3416 689 3495 applicabat.
705 3415 768 3477 Est
783 3424 900 3476 autem
921 3432 1087 3493 egressus
1110 3416 1153 3477 ab
1170 3415 1224 3477 his
1249 3416 1429 3479 laboribus
1455 3434 1542 3479 sano
1558 3433 1600 3477 ac

368 3522 487 3585 valido
504 3538 665 3601 corpore,
683 3531 716 3583 et
732 3521 891 3583 obtinere
906 3538 927 3582 a
944 3520 1049 3584 Patre
1074 3522 1210 3601 Ignatio
1234 3524 1374 3592 curavit
1398 3534 1435 3585 ut
1452 3523 1600 3586 Romam

411 3800 419 3832 ¹
449 3798 515 3842 Vide
527 3798 613 3841 Patris
625 3798 750 3851 Alpbonsi
760 3797 894 3843 Salmeron
906 3800 1009 3843 litteras
1019 3801 1051 3843 ad
1064 3800 1087 3843 S.
1098 3800 1228 3853 ignatium
1239 3802 1264 3843 in
1275 3800 1370 3845 (brias
1380 3801 1413 3843 de
1423 3801 1602 3853 sanlgnacto.

369 3881 390 3913 r.
400 3884 426 3925 v,
436 3881 497 3925 pag.
507 3870 554 3923 t75;
566 3868 660 3922 ignatii
671 3882 822 3923 responsum
833 3872 867 3913 ad
878 3871 1044 3915 cardinalem
1058 3873 1180 3923 l‘acheco,
1193 3872 1267 3923 iln'd„
1277 3884 1336 3926 pag.
1351 3873 1395 3925 lul,
1411 3882 1436 3915 et
1453 3874 1485 3917 nd
1504 3874 1528 3915 P.
1548 3872 1602 3916 Sal-

368 3954 467 3991 meron.
477 3954 536 3995 pag.
548 3942 596 3985 109.

410 4016 422 4045 ¹
448 4013 477 4056 ln
488 4013 622 4056 Laurentii
633 4013 766 4057 Scherzlni
777 4026 868 4057 nomen
887 4027 954 4057 nunc
974 4016 1082 4068 primum
1103 4016 1243 4067 incidimus;
1264 4027 1312 4059 non
1330 4018 1397 4059 enlm
1414 4017 1469 4070 ejus
1487 4016 1602 4060 meminit

370 4084 498 4132 Scutaosr,
509 4085 607 4127 istoria
618 4086 690 4129 della
707 4086 870 4140 (batpagnr'a
886 4088 916 4129 dt·
932 4086 1012 4130 Giesri
1030 4089 1073 4129 nt!
1092 4099 1171 4140 regno
1189 4089 1218 4130 di
1234 4088 1473 4143 Napata-joannis
1489 4088 1604 4131 Petrella

369 4158 425 4211 jam
434 4156 608 4199 mentioiacta
618 4164 657 4199 est
668 4169 756 4210 supra,
768 4166 786 4200 t.
797 4168 826 4201 nt
836 4167 862 4201 et
873 4168 909 4200 tv.

410 4228 422 4259 δ
449 4227 525 4270 Altus
534 4228 568 4269 ab
578 4228 712 4280 Alphonso
721 4229 883 4281 llernandez,
895 4230 937 4283 qui
949 4239 974 4273 et
987 4230 1135 4275 Fernandez
1146 4232 1285 4285 aliquando
1296 4232 1397 4285 dicitur,
1409 4234 1502 4287 quique
1513 4234 1545 4276 ab
1562 4244 1605 4276 au·

371 4309 458 4344 tumuo
468 4299 648 4351 praecedentis
658 4300 716 4343 anni
728 4302 893 4344 humaniores
904 4304 1008 4345 litterae
1019 4302 1123 4346 Genuae
1136 4304 1314 4356 profitebatur.
1325 4304 1392 4347 Vide
1404 4305 1525 4347 Litterae
1535 4304 1606 4356 Qun·

371 4372 541 4419 dritttesires,
550 4378 568 4411 t.
579 4380 615 4421 nt,
626 4382 686 4424 pag.
696 4372 734 4413 291
746 4382 771 4414 et
783 4384 863 4426 supra
873 4375 899 4416 in
911 4374 958 4416 hoc
971 4382 989 4417 t.
1000 4386 1023 4425 r,
1036 4386 1094 4429 pag.
1108 4376 1155 4419 103.
1167 4388 1191 4419 n.
1202 4376 1250 4418 291.

412 4443 424 4473 ⁴
449 4440 494 4483 llis.
506 4440 809 4495 habetAssumptr‘onis;
823 4446 868 4486 sed
887 4448 1052 4490 emendatum
1069 4454 1118 4496 cet,
1129 4456 1155 4490 et
1170 4455 1250 4499 recte,
1269 4460 1284 4491 a
1300 4446 1427 4491 Sacchino
1445 4448 1470 4491 in
1488 4448 1605 4502 margine

371 4514 502 4557 scribente
513 4512 746 4556 Arrnunrrarroms.

412 4584 424 4615 ⁸
451 4584 492 4627 Sic
503 4584 638 4637 perspicue
649 4586 674 4628 in
685 4585 738 4640 Ms.;
750 4594 872 4640 putamus
882 4596 969 4633 tamen
986 4592 1082 4635 rectius
1097 4593 1152 4635 iore
1162 4594 1183 4636 si
1199 4592 1357 4636 scriberetur
1374 4592 1444 4635 britte
1462 4593 1544 4645 diem,
1562 4594 1605 4635 vel

374 4656 452 4698 ilium
463 4656 535 4698 diem
543 4656 624 4709 (jovis
633 4659 734 4701 sancii)
743 4663 880 4712 sequente.
891 4660 986 4707 Concio
997 4666 1064 4707 enim
1075 4666 1139 4707 haec
1151 4665 1180 4707 de
1193 4664 1323 4708 Passione
1341 4664 1452 4708 Deretini
1462 4670 1540 4708 noctu
1551 4666 1604 4719 ple·

371 4736 479 4779 rumque
492 4727 571 4767 etiam
581 4736 647 4769 nunc
658 4728 750 4771 haberi
760 4732 835 4783 solet,
846 4744 893 4775 nec
904 4745 935 4777 ac
944 4737 1010 4781 diem
1021 4748 1100 4789 usque
1109 4744 1259 4790 sequentem
1268 4738 1386 4791 protrahi
1397 4736 1538 4781 verisimile
1551 4742 1602 4779 eet.
