3717 5400
784 490 847 550 155.
870 490 941 549 1555
997 454 1002 465 ’
1419 486 1472 543 555

240 635 445 715 affirmavit,
462 637 570 699 immo
586 653 707 700 coram
723 636 775 699 eis
790 634 867 699 Deo
882 634 1056 716 promisit,
1078 650 1117 696 se
1131 633 1249 696 cibum
1264 650 1335 695 uon
1354 639 1475 711 gnsta-

242 752 361 806 turam
377 741 489 806 donec
503 742 540 805 in
554 743 772 807 novitiarum
787 758 972 805 munerum
987 740 1227 819 admitterent;
1243 747 1279 802 et
1293 739 1340 801 ita
1353 738 1475 801 statim

241 866 265 911 5
280 848 431 929 prandio
445 849 482 913 id
491 847 663 913 fecerunt.
676 848 720 913 Et
732 848 816 929 quia
828 848 917 911 haec
928 847 1034 927 virgo
1046 848 1082 910 in
1093 846 1231 911 Palatio
1243 846 1336 909 inter
1346 845 1475 926 prima·

243 955 318 1019 rias
332 965 410 1019 erat
430 967 465 1019 et
485 958 616 1020 multas
636 955 921 1035 consanguineas
942 954 1072 1018 divites
1093 961 1128 1016 et
1148 952 1350 1033 pernobiles
1370 951 1475 1015 habe·

244 1062 317 1142 bat,
333 1065 481 1126 multum
497 1062 754 1126 aedificationis
769 1062 934 1142 praebuit
950 1060 972 1126 ¹.

311 1167 398 1233 1570.
443 1166 513 1233 Sed
523 1169 975 1246 utadconcionesredeam,
989 1186 1034 1231 ne
1044 1166 1081 1231 in
1093 1174 1229 1231 aestate
1241 1165 1383 1247 quidem
1393 1165 1475 1228 illae

248 1276 467 1356 interruptae
491 1275 645 1355 suerunt,
666 1293 733 1340 nec
754 1293 887 1357 graves
909 1285 1032 1338 aestus
1052 1274 1289 1355 frequentiam
1310 1271 1476 1353 impedie-

245 1393 338 1461 runt,
355 1383 463 1447 immo
478 1392 559 1464 post
576 1383 714 1447 Pascha
730 1400 925 1447 concursus
940 1380 1055 1461 maJ‘or
1074 1398 1153 1445 esse
1178 1380 1305 1461 coepit,
1327 1379 1417 1443 adeo
1436 1387 1476 1443 ut
1522 1452 1530 1465 ,

241 1489 457 1553 confessarii
470 1492 586 1553 locum
605 1490 786 1571 intemplo
802 1488 847 1553 ad
863 1487 1060 1553 audiendas
1075 1487 1317 1552 consessiones
1328 1492 1402 1551 hon
1414 1486 1476 1549 155·

244 1596 381 1675 herent,
398 1597 461 1659 sed
476 1607 578 1661 extra
594 1597 680 1661 illud
694 1614 756 1660 eas
776 1596 950 1660 audirent.

311 1701 399 1765 1571.
443 1702 564 1784 Neque
579 1705 687 1767 etiam
702 1704 737 1767 in
760 1703 896 1767 Palatio
919 1703 1090 1767 lectiones
1112 1701 1295 1767 doctrinae
1316 1699 1476 1764 christia·

244 1828 313 1872 nae
331 1810 485 1873 omissae
499 1810 655 1889 inerunt,
672 1821 803 1875 etcum
819 1810 856 1874 P.
874 1809 1080 1875 Gonsalvus
1095 1810 1174 1873 Vaz
1188 1827 1260 1872 non
1274 1816 1414 1889 poterat
1433 1824 1477 1870 eo

243 1916 310 1995 ire,
326 1926 360 1980 et
375 1916 387 1948 ¹
401 1916 440 1981 P.
456 1917 620 1981 Andreas
635 1918 832 1999 Episcopus
846 1915 858 1948 ⁸
874 1916 952 1999 ejus
970 1919 1061 1994 loco,
1083 1934 1164 1980 cum
1183 1916 1339 2000 omnium
1359 1912 1476 1977 aedifi·

242 2023 397 2100 catione,
414 2023 613 2088 doctrinam
628 2023 848 2106 praedictam
862 2024 1074 2103 explicabat.
1089 2024 1144 2087 Ex
1156 2021 1235 2086 aliis
1246 2022 1353 2087 etiam
1365 2021 1476 2084 eccle·

242 2130 309 2193 siis
324 2148 366 2193 ac
382 2132 607 2195 monasteriis
622 2132 734 2195 nostri
749 2148 854 2213 saepe
871 2131 1090 2211 rogabantur
1105 2140 1142 2193 ut
1157 2130 1226 2193 illis
1239 2129 1391 2193 verbum
1408 2127 1477 2191 Dei

248 2249 499 2318 proponerent.

309 2342 396 2407 1572.
441 2344 561 2409 Prima
586 2345 763 2409 dominica
788 2345 1109 2427 Quadragesimae,
1137 2355 1176 2410 ut
1200 2344 1364 2424 superius
1389 2342 1476 2407 dixi·

244 2466 324 2514 mus
339 2447 361 2530 ⁴,
379 2451 620 2533 Inquisitionis
630 2450 768 2532 judices
783 2464 903 2516 actum
917 2450 929 2485 ⁸
943 2454 1119 2533 insignem
1134 2452 1351 2530 habuerunt;
1366 2459 1401 2513 et
1416 2450 1476 2512 tri·

243 2557 315 2621 duo
331 2570 414 2621 ante
425 2558 519 2622 hunc
533 2557 637 2639 diem,
653 2569 782 2640 rogatu
799 2559 1011 2639 cardinalis,
1027 2576 1047 2621 e
1062 2559 1167 2623 domo
1181 2556 1194 2589 ⁸
1209 2556 1271 2622 SM
1287 2556 1401 2620 Rochi
1415 2556 1476 2619 ali·

241 2665 306 2746 qni
325 2664 541 2745 sacerdotes
564 2665 610 2731 ad
629 2683 812 2732 carcerem
831 2676 967 2747 eunteS,
988 2667 1109 2731 utilem
1124 2684 1271 2748 operam
1286 2654 1342 2729 his
1362 2663 1477 2728 tribus

241 2773 368 2836 diebus
391 2774 443 2837 eis
464 2773 722 2855 impenderunt,
747 2774 806 2857 qni
825 2776 948 2839 ultimo
970 2775 1143 2855 supplicio
1165 2783 1266 2836 erant
1289 2770 1474 2835 afficiendi.

193 2901 195 2904 ·
245 2877 346 2942 Unus
371 2897 493 2944 eornm
518 2881 663 2945 natione
682 2891 784 2945 turca
804 2892 881 2945 erat
903 2891 938 2944 et
959 2884 1141 2963 relapsus;
1164 2880 1222 2944 hic
1243 2896 1325 2943 cum
1343 2893 1476 2958 magna

243 2986 300 3048 sui
316 2987 454 3066 peccati
468 2988 672 3066 cognitione
687 2988 724 3050 in
738 2987 853 3051 medio
868 2987 1009 3052 theatro
1024 2987 1164 3069 publice
1187 2987 1273 3051 illud
1292 2987 1476 3050 confessus

242 3102 310 3172 est,
327 3102 361 3157 et
376 3111 414 3156 se
430 3106 618 3174 acceptare
633 3103 794 3172 mortem,
807 3111 914 3176 qnam
925 3096 1140 3175 promeritus
1150 3102 1228 3158 erat
1240 3092 1474 3170 acerbiorem,

241 3212 280 3263 et
295 3200 436 3264 veniam
453 3221 473 3264 5
490 3200 566 3265 1)5ο
582 3210 617 3264 55
635 3201 836 3266 hominibus
854 3202 1059 3282 postulavit,
1085 3219 1155 3266 non
1174 3210 1294 3265 tamen
1316 3200 1362 3264 ad
1383 3216 1475 3263 mor·

244 3317 314 3371 tem
334 3306 550 3372 evitandam.
570 3307 615 3371 Et
636 3309 725 3370 bene
746 3324 789 3370 55
809 3307 958 3371 fideliter
980 3325 1019 3372 se
1040 3308 1186 3372 credere
1207 3317 1244 3371 et
1262 3308 1299 3370 in
1318 3306 1394 3395 ejus
1407 3305 1476 3370 fide

243 3415 335 3479 mori
350 3424 570 3494 protestatus
585 3426 656 3492 est,
674 3425 708 3476 et
723 3415 759 3477 in
780 3413 913 3478 Christi
934 3415 1107 3494 sangnine
1127 3431 1166 3478 se
1185 3416 1336 3478 salutem
1356 3429 1475 3494 spera·

244 3537 295 3600 re;
312 3531 347 3584 et
362 3522 430 3585 alia
447 3538 599 3601 magnae
615 3521 838 3584 contritionis
853 3521 957 3601 sign'a
973 3521 1081 3585 dedit.

308 3627 395 3691 1573.
440 3629 557 3709 Α11555,
588 3628 898 3709 Ulyssiponensis,
930 3629 1039 3692 etiam
1068 3628 1248 3709 relapsus,
1279 3645 1361 3692 cum
1388 3628 1475 3690 satis

240 3735 443 3800 obstinatus
468 3736 604 3814 fuisset,
625 3737 690 3798 snb
715 3735 840 3800 mortis
864 3736 991 3799 horam
1009 3736 1164 3816 gratiam
1190 3754 1212 3798 5
1234 3733 1312 3798 Deo
1336 3733 1475 3813 accepit

244 3859 316 3904 non
341 3843 568 3922 mediocrem,
592 3851 626 3906 et
648 3858 780 3921 magna
805 3841 913 3907 edidit
935 3843 1039 3921 signa
1059 3842 1154 3924 quod
1175 3843 1212 3906 in
1233 3860 1320 3905 vera
1343 3841 1475 3906 Christi

245 3948 312 4012 fide
327 3950 559 4030 moriebatur;
581 3959 616 4012 et
630 3949 755 4025 nostri,
775 3950 836 4029 qui
855 3967 936 4012 eum
955 3949 1115 4013 comitati
1129 3959 1223 4029 sunt,
1239 3965 1408 4028 magnam
1430 3965 1476 4011 ex

245 4054 347 4136 hujus
363 4055 597 4120 conversione
612 4055 891 4120 consolationem
912 4066 1139 4137 acceperunt.

285 4229 292 4258 ¹
322 4225 479 4270 brevissime
490 4226 556 4270 haec
566 4225 657 4281 attigit
668 4225 697 4269 P.
707 4224 884 4270 Gundisnlvua
895 4225 925 4268 de
936 4224 1065 4282 ,Syiveira
1075 4226 1101 4270 155
1111 4225 1234 4271 Litterae
1243 4225 1477 4278 Quadrimestm,

238 4307 261 4343 t.
273 4309 309 4349 555.
318 4309 378 4353 pag.
389 4298 437 4341 528.

281 4371 293 4402 ¹
321 4369 372 4422 Sic:
384 4371 427 4414 sed
438 4369 583 4415 redundare
595 4369 643 4414 hoc
656 4367 807 4417 arridetur.

287 4441 298 4472 ³
321 4441 348 4487 P.
361 4443 481 4486 Andreas
493 4443 523 4485 de
532 4441 640 4487 Oviedo.

284 4513 295 4546 ⁴
321 4513 385 4569 Pag.
396 4515 444 4558 550.
454 4526 476 4558 n.
489 4511 644 4558 ibat-Vide
656 4515 735 4558 otiam
746 4512 869 4557 Litterae
879 4514 1111 4569 Quadrimestres,
1121 4521 1140 4558 t.
1150 4524 1188 4569 555,
1197 4525 1257 4569 pag.
1265 4513 1314 4558 4011.

281 4585 294 4618 ⁸
319 4585 468 4631 Lusitaniae
481 4588 544 4628 nuto
552 4586 586 4628 da
595 4585 638 4640 fe,
648 4585 782 4640 hispanice
793 4591 856 4630 arrio
867 4587 899 4628 cla
909 4585 948 4636 se.

283 4656 295 4690 θ
322 4657 371 4703 Ubi
383 4670 428 4701 nos
442 4659 578 4702 scribimus
589 4658 698 4712 adorno,
708 4665 748 4702 est
758 4658 784 4701 in
795 4669 842 4702 mr.
856 4659 1039 4708 abbreviatum
1054 4659 1182 4713 quoddam
1197 4659 1306 4702 verbnm
1316 4659 1400 4702 slmile
1415 4657 1476 4703 huic

243 4727 327 4782 Ecce,
336 4731 402 4786 quod
413 4732 465 4782 legi
476 4737 563 4785 posset
574 4729 706 4774 Ecclesia:
716 4731 760 4774 sed
772 4742 818 4774 nec
829 4741 919 4774 sensns
930 4742 976 4774 nee
987 4731 1107 4787 syntaxis
1118 4731 1144 4774 id
1153 4731 1209 4786 pati
1216 4742 1292 4786 posse
1302 4731 1415 4778 ridetur.
