3717 5400
375 491 430 562 692
833 490 961 563 Canon.
982 488 1060 562 Sota
1080 490 1151 564 Jns.

375 635 564 720 figendam,
583 636 675 720 quod
691 635 737 716 ad
749 645 890 718 nostros
905 635 1142 717 excipiendos,
1151 635 1287 702 attinet.
1311 635 1450 707 Accidit
1472 647 1604 716 autem,

374 742 452 807 Deo
472 761 548 807 rem
572 743 757 822 dirigente,
780 751 818 806 ut
836 743 1011 806 lusitanus
1032 743 1186 824 quidam,
1210 743 1269 823 qui
1294 745 1442 807 multum
1463 745 1605 824 gratiae

375 851 469 931 apud
483 849 620 934 Regem
632 850 842 931 Aethiopiae
858 851 1009 929 habebat
1022 861 1056 914 et
1067 851 1493 930 scripserat-responsum,
1507 852 1604 932 quod

374 959 431 1022 ille
452 957 541 1038 Regi
565 955 802 1038 portugalliae
827 957 1004 1036 mittebat,
1032 956 1083 1020 ad·
1102 959 1219 1025 locum
1233 950 1341 1023 ,illum
1361 957 1516 1035 veniret,
1542 958 1603 1022 ubi

374 1066 486 1128 nostri
508 1065 832 1142 commorabantur,
849 1064 908 1146 qui
918 1058 1117 1136 'affirmauit
1131 1063 1344 1144 Aethiopiae
1359 1063 1494 1144 Regem
1509 1066 1602 1130 nolle

378 1170 502 1236 Patres
530 1181 673 1236 nostrae
701 1169 889 1248 Societatis
915 1171 1113 1248 admittere.
1140 1170 1303 1253 quodque
1325 1173 1362 1236 in
1382 1173 1455 1235 suis
1475 1173 1603 1236 litteris

378 1279 558 1364 scribebat
570 1295 608 1342 se
627 1279 695 1360 illis
715 1295 794 1358 non,
807 1278 977 1358 indigere,
994 1296 1060 1356 nec
1084 1279 1321 1347 obedientiam
1337 1277 1521 1345 Ecclesiae
1534 1278 1603 1344 Rue

376 1404 504 1452 manae
520 1403 558 1450 se
573 1387 658 1450 dare
673 1378 775 1449 v'elle.

378 1571 380 1574 Ι
434 1492 522 1557 1924.
566 1492 610 1575 Et
625 1495 706 1573 quia
722 1501 907 1572 magnates
921 1493 1311 1574 in·regno,'Aethiopiae
1327 1493 1550 1559 affirmabant
1562 1512 1603 1558 se

373 1603 478 1666 malle
506 1599 689 1664 saracenis
714 1599 791 1680 (qui
818 1600 948 1682 hostes
967 1601 1129 1680 perpetui
1153 1601 1292 1664 illorum
1316 1602 1435 1678 erant)
1462 1600 1598 1682 subjici,

371 1727 478 1794 quam
501 1724 584 1772 suos
599 1723 717 1771 mores
732 1725 775 1770 ac
790 1709 878 1770 ritus
897 1716 1035 1770 mutare
1050 1717 1084 1770 et
1104 1718 1247 1772 nostros
1266 1724 1459 1787 assumere,
1480 1708 1601 1773 decre·

370 1816 423 1880 vit
446 1815 486 1879 P.
514 1815 734 1892 Ganzalvus,
759 1813 878 1878 studio
903 1814 1075 1891 adhibito,
1099 1815 1239 1895 aliquas
1258 1815 1431 1878 veritates
1454 1818 1600 1880 nostrae

370 1922 468 1987 Fidei
494 1921 635 2001 scriptis
660 1921 961 2001 comprehendere
990 1930 1029 1984 ut
1055 1938 1194 1989 errores
1225 1921 1363 2002 ahquos
1396 1923 1599 2002 aethiopum

371 2031 582 2108 confutaret,
609 2039 643 2092 et
667 2030 792 2092 saltem
819 2029 1002 2108 aethiopes
1022 2029 1057 2092 in
1076 2027 1220 2094 dubium
1248 2028 1450 2108 adduceret,
1474 2030 1532 2110 qui
1561 2031 1601 2094 in

368 2137 619 2218 vetustissimis
638 2136 711 2198 suis
726 2135 908 2200 erroribus
924 2143 998 2198 tam
1012 2136 1148 2200 securis
1160 2136 1290 2202 animis
1304 2137 1543 2217 quiescebant,
1559 2147 1599 2201 ut

369 2261 414 2308 ex
429 2259 613 2328 respon50,
638 2243 733 2326 quod
749 2241 823 2322 ejus
843 2242 986 2322 scriptis
1005 2241 1161 2320 daretur,
1183 2242 1292 2322 Regis
1306 2243 1518 2324 Aethiopiae
1539 2263 1597 2309 vc·

368 2369 446 2416 ram
467 2351 697 2415 intentionem
716 2349 910 2428 colligeret,
934 2367 1040 2430 quam
1059 2348 1194 2414 tamdiu
1209 2353 1400 2428 celaverat,
1421 2370 1512 2432 quae
1527 2353 1599 2418 alia

368 2460 505 2523 ratione
526 2458 615 2522 sorte
637 2457 786 2536 intelligi
806 2475 876 2520 non
892 2466 1047 2537 potetat3
1065 2474 1130 2520 nec
1146 2450 1275 2521 nocere
1289 2475 1394 2538 posse
1407 2457 1597 2524 videbatur.

368 2566 537 2646 majorem
549 2567 662 2628 lucem
680 2565 715 2628 in
731 2563 798 2640 hoc
814 2564 956 2644 negotio
977 2564 1199 2643 Aethiopiae,
1220 2582 1326 2644 quam
1345 2563 1462 2646 [quae]
1479 2566 1595 2631 hacte-

366 2691 433 2738 nus
454 2673 574 2737 habita
595 2670 731 2751 luisset,
753 2689 889 2736 curare.
911 2671 956 2737 Et
976 2670 1129 2749 lusitani,
1154 2671 1280 2752 quibus
1301 2690 1359 2737 res
1384 2671 1595 2756 Aethiopiae

367 2790 574 2862 perspectae
590 2762 702 2859 erant,
720 2779 755 2842 id
770 2779 981 2860 probabant.

428 2886 517 2951 1925.
560 2888 615 2951 Ex
629 2886 814 2951 monachis
829 2902 916 2965 ergo
932 2885 1285 2952 doctioribuseorum
1297 2886 1480 2967 opiniones
1495 2906 1594 2970 prae·

365 2997 500 3077 cipuas,
517 2996 553 3057 in
568 2995 695 3075 quibus
710 3012 731 3056 a
751 2993 938 3065 Catholica
957 2992 1141 3071 Religione
1164 2994 1393 3073 dissidebant,
1410 2996 1542 3077 didicit;
1558 3008 1594 3062 et

365 3106 415 3168 ita
430 3102 598 3184 quicquid
613 3101 702 3179 Regi
717 3100 840 3165 suisset
856 3100 1099 3175 concionatus,
1116 3100 1147 3163 si
1160 3102 1341 3165 calluisset
1356 3103 1600 3183 aethiopicum-

364 3211 507 3286 idioma,
524 3209 647 3273 eadem
662 3208 804 3288 scriptis
814 3208 1120 3287 ¹comprehendere
1135 3209 1306 3272 decrevit.
1329 3207 1399 3273 Sed
1413 3210 1497 3273 dum
1512 3212 1594 3275 huic

362 3317 476 3383 laboti
503 3316 685 3397 invigilat,
712 3316 748 3379 in
773 3314 907 3379 fluxum
936 3315 1170 3394 sanguineum
1199 3315 1338 3395 incidit,
1368 3336 1438 3397 quo
1467 3318 1591 3383 morbo

362 3425 617 3506 propemodum
632 3424 811 3486 extinctus
825 3433 890 3485 est.
907 3420 998 3487 Sunt
1013 3422 1106 3485 enim
1127 3424 1174 3486 ibi
1194 3424 1410 3503 paucissima
1425 3424 1591 3505 remedia,

359 3550 426 3597 nec
442 3532 669 3595 inveniuntur
685 3548 776 3610 quae
792 3530 837 3593 ad
853 3530 948 3593 vires
964 3527 1174 3593 reficiendas
1193 3529 1229 3592 in
1244 3528 1444 3609 hujusmodi
1460 3533 1594 3599 morbis

359 3650 441 3705 sunt
457 3646 668 3719 opportuna.
688 3636 852 3716 Augebat
867 3636 974 3699 etiam
991 3636 1151 3699 morbum
1166 3653 1237 3699 non
1252 3638 1367 3700 solum
1389 3638 1484 3718 quod
1505 3638 1591 3702 indi-

358 3764 471 3827 genas
496 3746 532 3809 in
556 3755 631 3809 tam
655 3744 774 3807 multis
800 3760 962 3806 errorum
984 3742 1139 3806 tenebris
1157 3744 1337 3807 caecutire
1358 3745 1506 3824 videret,
1527 3748 1591 3811 sed

356 3853 450 3935 quod
466 3853 573 3917 etiam
588 3852 624 3915 in
639 3850 802 3914 lusitanis
817 3866 985 3930 magnam
1005 3850 1190 3930 incuriam,
1211 3851 1247 3914 in
1269 3852 1374 3915 rebus
1394 3851 1440 3915 ad
1457 3855 1589 3917 anima·

356 3978 435 4023 rum
450 3962 600 4023 salutem
615 3957 884 4038 pertinentibus
907 3956 1131 4020 observabat.

421 4066 509 4131 1926.
553 4066 691 4145 Hyeme
719 4082 806 4144 ergo
835 4064 1061 4143 adveniente,
1094 4075 1129 4127 ct
1162 4067 1365 4131 valetudine
1399 4077 1589 4150 utcumque

354 4183 577 4255 recuperata,
600 4172 646 4235 ad
667 4171 812 4251 Regem,
834 4180 914 4234 octo
935 4172 995 4235 vel
1013 4171 1135 4235 decem
1156 4172 1293 4236 dierum
1311 4174 1436 4239 itinere
1456 4177 1589 4241 distan-

353 4292 437 4361 tem,
459 4282 572 4371 nostri
596 4296 633 4343 se
660 4280 896 4357 contulerunt,
924 4287 958 4340 et
980 4278 1062 4358 quia
1088 4278 1233 4343 flamina
1255 4281 1411 4361 hyemali
1430 4293 1590 4365 tempore

354 4388 458 4469 valde
478 4397 678 4465 creverant,
700 4404 770 4449 non
790 4386 1044 4466 sinepericulo
1071 4404 1114 4448 ea
1140 4387 1356 4453 transierunt
1376 4401 1410 4453 et
1427 4392 1590 4457 sarcinas

353 4496 510 4559 humeris
527 4494 731 4574 aethiopum
746 4492 958 4573 deferentes;
974 4494 1042 4574 ipsi
1062 4496 1170 4559 etiam
1191 4497 1276 4559 nudi
1295 4496 1439 4561 flumina
1461 4501 1586 4564 transi·

351 4603 447 4682 bant;
472 4602 607 4665 nullum
627 4601 720 4665 enim
741 4609 884 4681 pontem
909 4601 946 4664 in
971 4611 1044 4665 tam
1065 4602 1184 4667 multis
1211 4602 1412 4669 fluminibus
1431 4605 1585 4671 invenie·

350 4710 448 4788 bant;
466 4708 527 4771 sed
543 4707 734 4787 aliquando
751 4707 787 4771 in
802 4724 996 4785 vaccarum
1013 4710 1130 4788 coriiS,
1147 4727 1238 4791 quac
1253 4710 1360 4790 lignis
1375 4712 1584 4792 quibusdam
