3717 5400
359 461 413 522 160
815 461 943 523 Canon.
964 461 1042 522 Soc.
1062 461 1133 536 Jes.

358 607 461 671 riatis
476 607 599 670 diebus
614 625 675 670 eas
689 607 800 670 verbo
816 607 884 670 Dei
903 609 1149 671 consolaretur
1170 615 1357 688 rogarunt;
1381 617 1415 672 et
1438 625 1519 672 cum
1539 609 1593 673 eis

359 715 609 795 acquievisset,
638 715 784 778 alterius
808 715 916 778 etiam
936 715 1143 778 monasterii
1164 714 1365 794 praefectus
1385 724 1424 779 ut
1439 725 1590 779 tantum-

359 821 439 885 dem
465 821 511 884 ibi
536 820 670 884 faceret
695 821 857 885 obtinuit.
882 821 1004 901 ltaque
1030 829 1156 902 quater
1180 821 1330 900 siugulis
1355 821 1590 886 hebdomadis

358 927 565 991 concionari
579 944 661 991 eum
676 928 878 1007 oportebat;
894 938 929 990 et
944 928 1076 1007 placuit
1091 925 1168 990 Deo
1184 927 1235 990 sic
1251 926 1327 1006 eJus
1342 928 1393 991 uti
1409 945 1530 1008 opera,
1549 940 1587 992 ut

358 1052 480 1098 omues
493 1035 574 1097 illae
590 1035 777 1112 religiosae
792 1035 937 1116 proprio
958 1051 995 1097 se
1015 1034 1237 1114 privaverint
1257 1034 1364 1097 etiam
1385 1035 1491 1098 rebus
1515 1036 1590 1098 exi·

355 1143 417 1222 gui
432 1141 611 1219 momenti,
629 1151 663 1203 et
682 1141 931 1218 incommune,
948 1150 1157 1221 paupertate
1177 1141 1379 1218 observata,
1396 1143 1520 1205 vivere
1543 1159 1590 1205 ac·

356 1249 446 1312 mori
460 1248 695 1311 decreverint.

413 1354 484 1416 459.
527 1354 605 1434 lpse
620 1364 739 1418 autem
754 1354 898 1431 Rector,
915 1371 997 1420 cum
1011 1364 1045 1416 et
1061 1354 1341 1417 valetudinarius
1356 1363 1449 1418 esset
1463 1354 1585 1434 valde,

353 1470 388 1524 et
403 1459 528 1524 studiis
543 1479 585 1522 ea
599 1461 676 1540 ipsa
692 1460 735 1523 de
750 1477 860 1523 causa
875 1477 1021 1540 operam
1036 1459 1122 1522 dare
1135 1477 1206 1522 non
1225 1459 1407 1540 potuisset,
1431 1479 1501 1524 non
1523 1480 1583 1542 pa·

353 1585 434 1631 rum
449 1567 693 1630 admirabatur
708 1567 865 1656 quodhi,
882 1568 942 1646 qui
957 1566 1215 1630 confitebantur
1227 1567 1306 1647 ipsi,
1319 1569 1377 1630 vel
1388 1568 1536 1631 consilio
1550 1579 1584 1631 et

354 1674 602 1738 exhortatione
614 1672 843 1753 juvabantur,
860 1674 911 1736 sic
926 1671 1156 1753 proficerent3
1173 1690 1255 1736 nam
1279 1674 1426 1754 accidit,
1449 1675 1583 1754 aliquot

354 1779 429 1859 ejvs
443 1781 563 1844 verbis
578 1780 719 1854 auditis,
736 1781 902 1843 maritum
917 1791 951 1842 et
968 1796 1126 1857 uxorem,
1144 1780 1203 1860 qui
1217 1797 1348 1842 novem
1364 1781 1467 1843 anuis
1482 1799 1583 1860 sepa-

353 1887 422 1950 rati
436 1887 588 1967 fuerant,
606 1887 652 1950 ad
666 1896 824 1950 mutuam
839 1886 1140 1950 cohabitationem
1156 1896 1189 1949 et
1204 1887 1434 1950 concordiam
1449 1888 1584 1968 redire,

352 1995 490 2074 aliquas
514 1995 621 2056 etiam
646 1994 812 2057 mulieres
836 1994 930 2073 turpi
955 1995 1050 2057 vitae
1075 1993 1213 2056 deditas
1240 1993 1460 2073 resipiscere;
1488 2013 1579 2074 quae

353 2102 428 2181 ipse
443 2118 590 2181 prorsus
610 2100 655 2163 ad
675 2099 790 2163 Deum
810 2099 997 2178 referebat,
1022 2101 1081 2182 qui
1104 2100 1219 2163 inutili
1240 2100 1430 2164 admodum
1451 2100 1578 2164 instru-

350 2218 469 2270 mento
485 2206 653 2282 adhibit0,
670 2224 735 2270 sua
750 2225 828 2270 esse
842 2224 952 2288 opera
967 2205 1166 2286 hujusmodi
1183 2208 1287 2270 vellet
1302 2207 1499 2286 ostendere;
1518 2209 1583 2271 sed'

351 2325 470 2378 tamen
485 2314 552 2376 hoc
567 2331 693 2376 curare
706 2313 829 2376 scribit
843 2324 881 2376 ut
896 2313 994 2393 prius
1008 2313 1084 2393 ipse
1098 2313 1233 2376 faceret
1248 2314 1294 2390 id,
1313 2312 1356 2376 ad
1377 2315 1471 2394 quod
1492 2317 1586 2377 alios-

350 2421 571 2484 hortabatur.

411 2526 483 2589 lou.
527 2525 647 2590 Nostri
666 2525 806 2590 Patavii
826 2527 949 2606 primis
971 2527 1150 2590 mensibus
1175 2525 1278 2606 hujus
1304 2527 1389 2589 anni
1415 2528 1578 2590 undecim

354 2635 507 2713 luerunt,
525 2634 583 2714 qui
599 2649 729 2713 magna
744 2650 824 2696 cum
839 2634 957 2714 quiete
982 2632 1164 2696 vivebant.
1191 2633 1280 2696 Tres
1305 2651 1427 2696 eorum
1455 2633 1579 2699 Sacer·

351 2741 452 2805 dotes
467 2751 586 2819 erant;
603 2742 665 2804 sed
679 2742 934 2821 posterioribus
949 2742 1128 2805 mensibus
1144 2742 1224 2804 anni
1242 2751 1367 2805 auctus
1387 2753 1441 2805 est
1462 2760 1577 2805 sacer·

349 2849 470 2912 dotum
485 2865 666 2925 numerus,
683 2858 717 2911 et
731 2860 883 2927 quatuor
894 2846 970 2926 jam
984 2858 1098 2923 erant,
1115 2858 1149 2911 et
1164 2848 1308 2911 totidem
1324 2848 1384 2911 alii
1395 2847 1535 2912 fratres.

407 2954 478 3017 461.
522 2954 725 3034 Aliquando
740 2965 842 3017 extra
857 2954 1056 3034 Collegium
1068 2955 1319 3019 accersebatur
1331 2955 1376 3018 ad
1389 2956 1577 3019 confessio-

348 3080 412 3125 nes
428 3060 634 3138 audiendas,
651 3070 686 3123 et
700 3060 829 3123 accidit
842 3071 881 3122 ut
897 3061 943 3123 ad
958 3078 1064 3124 unam
1079 3061 1232 3124 nobilem
1252 3073 1462 3137 matronam,
1485 3080 1577 3141 quac

347 3185 417 3231 non
430 3178 570 3247 poterat
582 3167 626 3230 ad
639 3176 800 3229 nostram
809 3168 996 3230 ecclesiam
1004 3169 1139 3245 venire,
1151 3168 1244 3247 quod
1253 3170 1378 3248 procul
1388 3168 1578 3231 admodum

349 3275 490 3338 abesset
505 3283 540 3336 et
555 3277 648 3336 male
662 3277 808 3352 valeret,
828 3271 919 3353 [cum
935 3272 1171 3355 accessissetl,
1187 3293 1258 3337 non
1279 3276 1379 3355 prius
1400 3276 1444 3338 ab
1466 3278 1576 3338 ecclc-

349 3382 414 3461 sia,
431 3382 490 3444 uhi
506 3398 585 3444 eam
601 3380 773 3457 audierat,
794 3382 986 3457 recederet,
1008 3398 1114 3461 quarn
1134 3381 1403 3462 quatuordecim
1423 3382 1571 3446 audiret.

346 3488 520 3566 Magister
530 3488 692 3551 Emerius
706 3486 714 3516 ¹
727 3496 761 3549 et
773 3497 913 3550 nostros
926 3488 1151 3565 domesticos,
1164 3498 1198 3551 et
1210 3488 1441 3551 scholasticos
1456 3491 1577 3565 etiam,

347 3612 419 3659 non
434 3612 562 3675 parum
576 3594 644 3657 hoc
660 3611 753 3656 anno
768 3595 804 3657 in
819 3593 971 3657 Domino
985 3592 1133 3673 adjuvit.

405 3700 475 3763 402.
520 3699 933 3780 Rogatus'acapellano
943 3698 1125 3780 cujusdam
1136 3702 1344 3765 monasterii
1356 3702 1574 3779 monialium,

347 3808 409 3889 qui
422 3808 554 3871 nostris
569 3815 646 3869 erat
667 3806 862 3883 familiaris
883 3818 922 3870 ut
943 3824 1066 3869 omnes
1092 3808 1147 3870 sui
1171 3808 1379 3871 monasterii
1402 3808 1578 3873 moniales

346 3915 455 3977 semel
476 3922 702 3976 sacramento
724 3911 956 3975 consessionis
977 3914 1233 3991 consolaretur,
1255 3914 1291 3977 id
1305 3931 1386 3977 cum
1401 3915 1574 3994 singulari

346 4037 468 4084 earum
484 4020 600 4083 fructu
615 4019 710 4097 lecit,
727 4029 761 4082 et
776 4020 914 4100 aliquas
927 4021 1113 4098 generales
1129 4020 1369 4085 confessiones
1381 4039 1504 4085 earum
1516 4040 1575 4084 au·

347 4210 560 4222 ———.-

384 4330 394 4362 ¹
423 4328 586 4383 Supremag.
603 4328 649 4381 15⁸,
660 4340 685 4372 n.
696 4329 743 4383 tol,
761 4337 848 4375 annot.
867 4331 887 4383 l,
904 4330 962 4375 huic
980 4330 1093 4383 Emerlo,
1110 4332 1153 4375 vel
1170 4330 1299 4386 Hemerio,
1317 4332 1513 4379 subdubitantes
1529 4336 1576 4379 sd·

343 4400 492 4455 scripsimus
503 4410 643 4453 cognomen
654 4401 687 4443 de
697 4400 790 4445 Bonis.
802 4401 827 4446 ls
837 4402 903 4445 enim
913 4413 970 4445 esse
982 4402 1086 4446 videtur
1096 4403 1139 4457 qul
1150 4414 1215 4447 anno
1231 4404 1280 4447 1561
1292 4403 1373 4449 Roma
1386 4404 1411 4449 ln
1424 4404 1577 4452 Calabriam

343 4474 437 4518 missus
446 4468 522 4521 (Vide
534 4469 734 4527 Sonussvoost,
748 4472 797 4517 Les
806 4474 928 4528 Jesuites
938 4474 970 4517 de
981 4472 1066 4517 Rome
1081 4476 1106 4517 et
1121 4474 1154 4519 de
1175 4474 1290 4526 Vienne,
1300 4486 1332 4519 en
1349 4474 1491 4533 MDLXI),
1505 4480 1574 4523 “rem

342 4544 480 4601 praeclare
490 4541 571 4594 gessit
582 4540 698 4595 Lauelli„
709 4542 838 4598 snccmsr,
849 4544 921 4589 Hist.
933 4544 988 4589 Soc.
999 4544 1065 4600 Jes„
1075 4556 1137 4599 pars
1147 4556 1174 4592 u.
1186 4546 1229 4590 lib.
1241 4558 1265 4597 v,
1275 4558 1300 4589 n.
1310 4546 1344 4590 78.

382 4614 395 4647 ¹
422 4612 511 4657 Sermo
522 4612 563 4655 hic
574 4620 600 4656 et
612 4614 636 4655 ln
647 4620 704 4657 toto
719 4615 766 4659 hoc
781 4626 889 4659 numero
904 4626 942 4659 est
959 4627 1008 4659 non
1024 4616 1054 4659 de
1071 4616 1197 4669 Magistro
1212 4616 1325 4670 Emerio,
1342 4619 1387 4662 sed
1403 4620 1434 4663 dc
1450 4620 1575 4676 Rectore,

343 4688 442 4742 Josnne
452 4684 573 4737 Baptista
585 4684 699 4729 Tui-ono.
