3717 5400
358 477 412 535 430
818 477 945 534 Canon.
968 474 1044 534 Soc.
1066 475 1136 547 Jas.

357 623 512 686 bationis
527 624 654 685 domus
668 641 711 685 ea
722 622 832 697 fieret,
845 624 953 701 longe
975 621 1079 685 aliter
1098 622 1228 699 evenit,
1247 638 1329 683 nam
1348 621 1592 699 gratissimum

358 730 498 808 illifuit;
514 740 722 792 nontamen
742 729 868 792 cedere
893 746 957 791 suo
976 726 1056 807 jure
1078 728 1123 791 ad
1144 726 1370 791 refectorium
1394 726 1595 805 ingredien«

358 838 406 914 di,
423 838 587 915 quamvis
612 836 681 898 alia
704 835 778 915 jam
804 837 896 899 ratio
921 847 1000 899 erat
1026 853 1131 916 quam
1157 852 1238 897 cum
1263 845 1416 915 quatuor
1440 843 1594 913 tantum,

357 954 393 1007 et
409 944 571 1007 veterani
589 944 634 1006 ab
654 961 696 1006 eo
713 944 882 1007 donatam
901 944 1045 1007 domum
1069 942 1293 1019 habitabant3
1316 940 1589 1021 necquicquam

355 1051 395 1115 P.
411 1052 642 1115 Bustamante
658 1069 739 1114 cum
754 1051 847 1114 illius
860 1050 1055 1114 offensione
1079 1048 1322 1113 innovandum
1337 1049 1485 1121 censuit,
1506 1065 1588 1111 eum

358 1158 492 1222 reditus
507 1176 552 1220 ex
571 1156 717 1221 Baetica
732 1156 848 1221 Patris
872 1156 1057 1220 Francisci
1078 1156 1179 1219 brevi
1203 1165 1436 1235 spectaretur.
1463 1155 1594 1219 Existi·

357 1267 478 1329 mabat
493 1275 613 1329 autem
627 1265 757 1328 nullius
767 1265 875 1328 etiam
890 1264 1049 1343 religiosi
1063 1263 1282 1339 societatem,
1304 1262 1386 1325 licet
1407 1262 1594 1325 studiosis-

359 1372 470 1435 simus
486 1381 592 1447 esset,
610 1372 791 1435 utiliorem
806 1371 939 1433 nostris
954 1388 1060 1450 quam
1076 1368 1180 1449 hujus
1194 1370 1323 1432 nobilis
1337 1369 1407 1431 viri
1425 1367 1593 1447 suturam;

360 1496 442 1541 cum
459 1494 591 1557 magna
606 1478 700 1540 enim
715 1477 913 1540 humilitate
930 1487 964 1540 et
976 1476 1177 1539 obedientia
1188 1476 1279 1538 inter
1290 1484 1433 1537 nostros
1444 1492 1482 1537 se
1494 1492 1593 1553 gere*

363 1588 437 1662 bat,
461 1586 738 1664 necquicquam
760 1586 821 1647 ulli
842 1602 887 1647 ex
909 1585 1041 1647 nostris
1061 1583 1281 1664 loquebatur,
1303 1592 1337 1644 et
1361 1599 1441 1644 cum
1462 1599 1593 1662 magna

362 1692 536 1756 modestia
553 1702 587 1754 et
603 1692 838 1771 temperantia
853 1700 1011 1770 tempore
1025 1690 1164 1771 prandii
1178 1699 1212 1752 et
1223 1706 1356 1751 coenae
1369 1687 1594 1757 refectorium

361 1798 644 1879 ingrediebatur;
660 1808 696 1860 et
710 1798 762 1859 eis
777 1799 959 1875 absolutis,
983 1807 1064 1878 post
1085 1798 1283 1877 gratiarum
1304 1799 1480 1861 actionem
1497 1814 1592 1861 rece·

361 1907 484 1985 debat;
501 1914 624 1969 ettam
640 1905 806 1984 religiose
820 1916 854 1968 et
870 1914 970 1968 tanta
986 1923 1066 1969 cum
1080 1906 1327 1969 recollectione
1340 1906 1433 1968 domi
1445 1922 1531 1969 suae
1541 1904 1594 1967 vi«

364 2014 481 2093 vebat,
497 2022 621 2075 utnon
637 2022 777 2075 tantum
791 2013 934 2089 nostriS,
951 2012 1015 2075 sed
1030 2013 1095 2075 toti
1111 2013 1239 2093 oppido
1255 2022 1289 2075 et
1305 2015 1425 2076 curiae
1439 2013 1591 2089 vicinae,

363 2119 602 2184 aedificationi
617 2129 711 2181 esset
725 2136 733 2197 ;
749 2128 784 2181 et
804 2120 995 2199 aliquando
1018 2120 1214 2183 ministeria
1231 2121 1369 2183 culinae
1391 2130 1425 2182 et
1446 2120 1594 2183 refecto«

361 2226 407 2290 rii
422 2228 498 2307 ipse
513 2226 643 2303 obibat,
660 2243 741 2290 cum
756 2236 852 2289 esset
871 2226 1003 2306 alioqui
1024 2226 1125 2289 miles
1147 2225 1290 2289 Ordinis
1311 2224 1371 2290 ga
1398 2226 1534 2309 Jacobi,
1558 2236 1593 2289 et

363 2334 499 2397 reditus
514 2334 660 2395 haberet
676 2333 765 2395 satis
781 2349 947 2412 magnos3
972 2343 1006 2396 et
1028 2342 1165 2396 tantum
1187 2333 1311 2397 habitu
1333 2350 1354 2396 a
1375 2334 1507 2397 nostris
1529 2332 1593 2395 dil«

361 2440 458 2503 ferre
481 2440 683 2517 videbatur,
712 2456 802 2519 quos
826 2439 878 2502 sic
902 2439 1082 2518 diligebat,
1104 2450 1142 2503 ut
1162 2440 1340 2519 legitimos
1359 2440 1487 2503 iratres
1509 2457 1593 2503 suos

353 2564 440 2629 ⁸esse
455 2547 605 2623 diceret,
618 2546 800 2624 germanis
811 2556 931 2609 autem
943 2544 1123 2624 fratribus,
1138 2546 1232 2627 quod
1242 2548 1338 2609 velut
1352 2547 1463 2626 spurii
1475 2556 1596 2617 essent

360 2655 479 2735 palam
495 2652 652 2732 dicebat,
670 2661 704 2716 et
719 2664 862 2717 nostros
877 2654 945 2734 ipsi
966 2652 1104 2717 saturos
1127 2654 1310 2718 haeredes
1334 2654 1377 2718 Et
1398 2654 1434 2718 id
1455 2648 1593 2726 tantum

360 2761 425 2824 sibi
441 2759 627 2839 displicere
643 2760 869 2840 quodminus
884 2760 1031 2824 baberet
1043 2779 1151 2841 quam
1162 2761 1369 2842 Imperator,
1383 2772 1421 2824 ut
1433 2762 1469 2825 id
1479 2771 1593 2826 totum

361 2864 532 2930 Societati
558 2867 669 2929 daret.
699 2867 744 2930 Et
769 2867 921 2930 deflebat
947 2878 1087 2946 tempus
1110 2867 1205 2946 illud,
1230 2869 1264 2931 in
1285 2886 1355 2949 quo
1374 2869 1591 2937 contrariam

360 2973 660 3036 existimationem
677 2973 720 3036 de
735 2972 913 3037 Societate
929 2975 1112 3036 habuerat.
1130 2975 1260 3037 Fuerat
1273 2977 1357 3038 olim
1368 2976 1426 3038 hic
1438 2985 1542 3039 notus
1555 2977 1590 3039 in

362 3079 464 3143 ltalia
478 3090 513 3141 et
529 3079 671 3143 ordines
686 3078 839 3144 duxerat
856 3081 947 3144 inter
967 3081 1115 3158 milites;
1139 3090 1173 3144 et
1195 3082 1273 3145 ideo
1296 3081 1371 3163 ejus
1391 3084 1591 3162 exemplum

283 3187 286 3192 ’
360 3187 596 3250 sectatoribus
610 3188 733 3250 curiae
747 3187 897 3266 perutile
912 3198 988 3251 erat
1001 3205 1008 3266 ;
1028 3186 1145 3267 imm0,
1162 3199 1197 3252 et
1211 3199 1354 3252 nostros
1368 3189 1524 3253 novitios
1547 3189 1592 3257 ad

358 3292 652 3356 mortificationes
674 3293 840 3356 libentius
855 3295 1120 3374 amplectendas
1145 3293 1220 3375 ejus
1239 3298 1440 3376 exemplum
1459 3298 1591 3359 excita-

359 3401 430 3462 bat.
449 3399 641 3464 Consultus
656 3407 776 3462 tamen
798 3397 864 3463 fuit
878 3399 917 3463 P.
939 3400 1096 3479 ignatius
1110 3419 1157 3464 an
1172 3389 1376 3492 tolerandus
1391 3412 1484 3466 esset
1504 3419 1591 3466 con«

358 3507 476 3570 victus
490 3504 595 3585 hujus
609 3506 679 3568 viri
694 3523 807 3568 necne
827 3506 847 3567 ¹.

421 3719 509 3782 1152.
553 3719 672 3782 Nostri
686 3730 805 3784 autem
816 3721 958 3800 fratres
972 3731 1046 3785 tum
1057 3722 1093 3785 in
1105 3723 1290 3803 disciplina
1301 3726 1415 3788 nostri
1426 3726 1591 3806 instituti,

358 3834 433 3890 tum
444 3828 480 3889 in
495 3826 561 3903 his,
579 3842 670 3905 quae
684 3827 731 3890 ad
746 3828 1017 3906 abnegationem
1028 3829 1231 3893 interiorem
1245 3841 1278 3894 et
1291 3833 1503 3896 exteriorem
1514 3850 1589 3913 per-

358 3934 530 4011 tinebant,
548 3933 738 4010 diligenter
753 3950 790 3996 se
805 3935 1031 4013 exercebant,
1053 3947 1087 3998 et
1109 3937 1145 3998 in
1166 3936 1366 4001 obedientia
1386 3948 1491 4019 atque
1511 3940 1593 4002 aliis

359 4040 549 4103 virtutibus
564 4041 695 4103 mirum
713 4041 749 4103 in
773 4041 917 4105 modum
938 4043 1162 4123 crescebant;
1183 4053 1318 4107 etcum
1339 4045 1447 4125 aliqui
1465 4062 1590 4117 eorum

399 4279 407 4309 ¹
435 4278 502 4322 Vide
513 4276 635 4323 Litterae
648 4279 880 4334 eradn'mestres,
889 4287 909 4325 t.
920 4293 958 4337 ru,
973 4293 1034 4337 pag.
1047 4283 1088 4327 298
1102 4290 1129 4327 et
1142 4283 1338 4338 aaa-spatium
1352 4285 1393 4330 hle
1407 4297 1520 4331 vacuum
1533 4287 1595 4332 reli«

355 4355 425 4395 etum
436 4357 476 4394 est
486 4361 502 4394 ι
513 4345 619 4394 Polanci
634 4351 751 4405 librario,
769 4353 855 4408 inquo
870 4355 937 4398 torte
954 4355 1014 4409 quid
1029 4358 1162 4401 consultus
1175 4357 1294 4411 ignatius
1308 4358 1472 4412 responderit
1482 4359 1597 4402 scriben.

355 4423 415 4465 dum
425 4428 492 4465 erat.
502 4421 647 4474 Respondit
659 4429 747 4468 autem
757 4425 803 4469 sic:
815 4425 930 4470 “cuanto
942 4429 968 4470 al
978 4427 1109 4472 conclerto
1120 4429 1203 4473 heeho
1214 4440 1262 4473 eon
1272 4431 1296 4474 el
1305 4429 1345 4473 Sr.
1357 4429 1502 4485 uosquera,
1513 4431 1544 4475 de
1554 4433 1595 4478 lou

357 4493 463 4537 effectos
473 4503 500 4535 se
511 4493 593 4546 praede
604 4494 697 4538 inferit
708 4495 810 4551 quessiue
821 4499 954 4553 acetruda
965 4510 981 4553 y
992 4509 1039 4543 con
1050 4499 1206 4544 tundadores
1216 4511 1248 4545 no
1264 4513 1292 4545 es
1303 4502 1397 4545 mucha
1411 4514 1440 4546 se
1453 4513 1499 4547 use
1510 4503 1542 4548 de
1557 4505 1594 4548 ul·

354 4575 407 4618 gun
417 4563 564 4617 privilegio.
575 4567 683 4619 yqulen
694 4568 809 4612 tambien
820 4569 931 4623 quislese
942 4582 990 4624 que
1000 4581 1028 4613 se
1038 4572 1062 4614 le
1072 4582 1157 4626 unane,
1168 4571 1289 4616 habuisse
1300 4575 1324 4616 el
1333 4573 1364 4617 de
1371 4574 1531 4619 determinat
1542 4578 1558 4618 a
1568 4578 1594 4619 lo

356 4646 452 4679 mesmo
463 4645 512 4689 que
529 4635 553 4678 el
568 4636 609 4680 Sr.
630 4637 766 4694 umquem
777 4653 794 4696 y
804 4648 927 4686 entonees
943 4643 1057 4687 tambien
1072 4655 1099 4686 se
1115 4645 1279 4698 dispensarit
1294 4656 1341 4689 eon
1357 4648 1403 4699 el„
1414 4645 1550 4701 Polaticus,
1561 4657 1596 4696 eu

355 4717 432 4757 com„
441 4705 514 4749 Patri
525 4705 726 4755 bartholomaeo
737 4712 916 4769 Bustnmante,
928 4713 1054 4767 1³.·Junu
1065 4715 1123 4760 1555.
