3717 5400
376 466 431 527 212
834 467 961 526 Cuaou.
984 467 1061 526 Soc.
1081 468 1151 539 Jns.

373 614 492 678 niente
506 612 611 676 Patre
626 613 782 692 Laynez,
799 629 881 675 cum
894 612 931 675 id
942 611 1091 676 Pro-rex
1105 630 1322 694 magnopere
1337 623 1489 695 optaret,
1501 633 1597 696 expe

373 721 481 786 ditius
495 721 562 784 hoc
579 720 760 798 negotium
776 719 1034 784 conficiendum
1054 721 1255 800 putabatur.
1276 721 1321 784 Et
1339 721 1428 786 haec
1450 739 1607 786 commo-

373 829 436 905 da,
465 837 608 909 praeter
637 826 790 890 fructum
819 826 1040 906 spiritualem
1068 838 1103 890 et
1136 827 1417 892 aedificationem
1446 829 1610 893 civitatis

372 935 620 1010 MessanensiS,
638 935 801 1014 quamvis
816 945 1031 1013 proponeret
1045 933 1279 999 Provincialis
1292 933 1333 997 P.
1348 936 1506 1016 Ignatio,
1530 953 1604 1000 non

372 1055 492 1107 tamen
512 1039 612 1122 ejus*
638 1039 759 1105 missio
783 1039 934 1104 obtineri
958 1041 1085 1121 potuit,
1109 1059 1194 1105 nam
1215 1042 1346 1107 Paulus
1370 1043 1420 1106 IV
1439 1042 1607 1110 Pontifex

373 1166 460 1214 suae
476 1147 695 1212 obedientiae
712 1148 828 1226 ipsum
842 1160 1093 1212 reservaverat
1108 1153 1130 1210 ¹.

432 1256 504 1321 619.
545 1253 673 1318 Primis
690 1255 870 1318 mensibus
884 1253 988 1334 hujus
1008 1255 1108 1332 anni,
1128 1255 1273 1319 vivente
1296 1257 1414 1320 adhuc
1433 1257 1608 1321 Pontifice

371 1365 465 1447 Julio
480 1363 537 1442 III,
554 1380 636 1426 cum
649 1377 780 1441 magna
800 1360 1004 1425 difficultate
1022 1362 1075 1424 rei
1095 1361 1349 1426 frumentariae
1368 1363 1483 1427 Roma
1504 1365 1597 1427 labo·

371 1482 479 1550 raret,
497 1479 532 1534 et
546 1469 639 1534 idem
653 1467 817 1532 Pontifex
831 1485 876 1531 ex
890 1466 1013 1532 Sicilia
1026 1468 1221 1532 subsidium
1236 1470 1382 1551 aliquod
1396 1487 1417 1532 a
1431 1469 1601 1552 Pro-rege

371 1579 529 1643 obtinere
543 1577 725 1654 niteretur,
742 1575 835 1654 quod
850 1575 991 1641 difficile
1005 1576 1113 1638 etiam
1127 1584 1215 1651 erat,
1232 1578 1314 1657 quia
1328 1588 1364 1640 et
1383 1578 1461 1658 ipsa
1482 1577 1603 1642 Sicilia

371 1685 476 1749 simili
490 1684 693 1748 difficultate
708 1683 904 1761 laborabat,
921 1682 959 1746 P.
976 1682 1154 1763 Ignatius,
1171 1693 1209 1747 ut
1230 1701 1305 1747 rem
1323 1693 1465 1764 gratam
1485 1684 1603 1748 Ponti-

371 1793 429 1856 fici
443 1790 587 1868 faceret,
600 1791 674 1854 suis
689 1791 815 1853 litteris
827 1791 894 1852 hoc
906 1790 1087 1869 negotium
1099 1788 1259 1869 Proregi
1271 1789 1413 1854 Siciliae
1425 1809 1606 1856 commen·-

371 1900 471 1963 davit
486 1908 520 1963 et
536 1897 630 1978 quod
645 1898 805 1977 petebat,
823 1915 904 1960 cum
917 1895 1060 1960 ,Summi
1080 1896 1260 1960 Pontificis
1278 1899 1413 1962 laetitia
1434 1916 1506 1962 non
1524 1916 1601 1962 me·

369 2006 492 2086 diocri,
510 2005 675 2082 obtinuit,
693 2013 731 2067 ut
750 2004 890 2067 litterae
911 2005 1023 2082 ipsius
1043 2003 1223 2082 Pro-regis
1244 2005 1290 2069 ad
1308 2005 1348 2069 P.
1364 2004 1541 2086 Ignatium
1554 2009 1604 2070 si·-

372 2113 542 2200 gnificant
557 2109 580 2175 ³.
644 2117 648 2124 '

426 2219 498 2284 620.
542 2220 748 2283 Declaravit
763 2219 854 2282 idem
870 2219 1017 2283 Pro-rex
1032 2220 1147 2283 eidem
1162 2219 1198 2282 P.
1223 2220 1437 2285 Provinciali
1452 2220 1605 2286 familia-

369 2328 455 2392 riter
470 2328 648 2408 quodnam
663 2336 755 2390 esset
770 2327 866 2406 pium
882 2325 967 2390 illud
982 2328 1175 2406 negotium,
1191 2329 1287 2408 quod
1302 2345 1324 2390 a
1339 2328 1445 2391 Patre
1459 2328 1604 2408 Ignatio

372 2437 614 2516 postulaverat
629 2435 722 2497 serio
738 2433 980 2498 commendari
992 2433 1081 2511 Deo,
1098 2443 1133 2497 et
1145 2446 1221 2498 erat
1236 2435 1412 2516 expeditio
1423 2436 1598 2515 quaedam

369 2551 493 2606 contra
510 2540 710 2604 Saracenos
725 2541 887 2620 Africae;
905 2558 995 2621 quos
1016 2542 1231 2620 significavit
1250 2551 1397 2605 eatenus
1419 2559 1489 2605 non
1510 2543 1601 2606 bene

367 2650 564 2714 intellectos
585 2649 705 2725 fuisse,
729 2648 790 2713 sed
812 2649 1012 2729 Principem
1027 2648 1281 2729 Hispaniarum
1296 2659 1331 2713 et
1349 2648 1423 2729 jam
1444 2648 1604 2731 Angliae

367 2756 502 2835 Regem
528 2755 744 2837 Philippum,
772 2756 874 2820 aliter
899 2757 942 2819 de
968 2758 1190 2829 assentire,
1217 2758 1324 2820 immo
1349 2768 1384 2820 et
1406 2758 1510 2821 valde
1538 2776 1597 2823 ex-

366 2865 580 2945 peditionem
605 2864 697 2927 hanc
726 2864 936 2943 approbare.
967 2864 1011 2927 Et
1039 2881 1119 2926 cum
1148 2865 1328 2927 orationes
1354 2876 1490 2945 peteret
1513 2866 1596 2930 Pro·

365 2990 447 3051 rex,
464 2973 568 3035 valde
583 2989 621 3035 se
636 2988 850 3052 propensum
865 2971 911 3034 ad
926 2971 995 3033 ho'c
1010 2971 1139 3034 bellum
1154 2970 1351 3034 africanum
1365 2972 1601 3052 ingerendum,

365 3088 510 3161 propter
539 3078 607 3141 Dei
632 3079 803 3142 honorem
832 3077 1059 3156 ostendebat;
1085 3088 1119 3140 et
1144 3079 1296 3159 collegia
1320 3078 1397 3143 fieri
1421 3080 1594 3143 africano·

366 3205 455 3265 rum,
484 3189 541 3249 vel
565 3187 626 3265 qui
650 3186 808 3264 linguam
835 3185 931 3247 illam
951 3185 1100 3264 scirent,
1118 3186 1164 3248 ad
1185 3186 1253 3248 hoc
1278 3187 1394 3266 ipsum
1412 3187 1589 3267 cupiebat.

366 3293 518 3374 Quidam
532 3294 641 3356 etiam
655 3310 699 3355 ex
720 3291 869 3355 ducibus
888 3292 1104 3370 triremium,
1125 3292 1214 3355 satis
1232 3294 1269 3355 iu
1287 3310 1327 3356 re
1341 3293 1486 3357 militari
1504 3304 1539 3357 et
1557 3296 1596 3357 in-

370 3402 484 3465 variis
497 3400 704 3479 regionibus
728 3408 904 3474 versatuS,
928 3398 1124 3461 curandum
1146 3400 1254 3461 etiam
1274 3418 1352 3463 esse
1366 3401 1539 3464 sentiebat
1558 3413 1596 3465 ut

368 3508 463 3587 apud
474 3506 663 3587 Ragusios,
680 3506 741 3586 qui
767 3504 979 3569 Sclavonica
1005 3506 1126 3583 lingua
1147 3515 1303 3586 utuntur,
1329 3504 1526 3587 Collegium
1549 3509 1596 3573 ad

365 3618 433 3679 hoc
454 3616 569 3696 ipsum
589 3614 849 3690 institueretur,
871 3629 955 3675 nam
979 3629 1021 3675 ea
1041 3611 1163 3692 lingua
1189 3611 1404 3678 Sclavonum
1425 3614 1601 3679 latissime·

364 3724 457 3787 inter
472 3723 631 3786 infideles
645 3730 742 3802 patet
758 3718 780 3779 ⁴.

424 3831 495 3895 621.
540 3830 685 3893 Dictum
698 3828 764 3892 fuit
783 3828 947 3908 superius
961 3825 973 3858 ⁸
988 3828 1129 3891 hortum
1153 3829 1352 3909 quemdam,
1368 3832 1428 3911 qui
1450 3831 1534 3895 olim
1548 3834 1600 3896 ab

365 3939 520 4003 Abbatia
534 3947 656 4001 nostro
672 3936 831 4015 Collegio
848 3934 947 3998 unita
962 3936 1054 3997 male
1074 3936 1248 3999 alienatus
1267 3936 1395 4029 fuerat,
1411 3938 1519 4002 fuisse
1537 3957 1589 4003 re·

365 4058 591 4126 cupe1·atum;
609 4045 691 4125 quia
708 4056 825 4106 tamen
840 4043 933 4105 bona
949 4041 1028 4121 fide,
1055 4044 1114 4122 qui
1139 4060 1219 4106 eum
1244 4046 1397 4122 tenebat,
1417 4045 1592 4125 quaedam

403 4288 411 4319 ⁴
443 4286 658 4343 PatrisLaynez.

403 4363 414 4393 ¹
443 4360 508 4403 Vide
520 4370 606 4413 supra.
619 4370 679 4413 pag.
690 4358 724 4409 ³3.
737 4370 760 4401 n.
771 4358 806 4401 59.

400 4434 411 4463 ⁵
439 4432 477 4475 De
489 4432 519 4475 lis
530 4432 657 4484 quaedam
674 4430 747 4473 dabit
763 4428 838 4473 Nova
857 4430 947 4473 Series
962 4430 1119 4480 litterarum
1135 4430 1229 4475 Sancti
1245 4432 1472 4483 ignaria-Simile
1490 4434 1594 4488 aliquio

364 4513 451 4548 actum
461 4511 500 4547 est
510 4514 577 4546 auno
588 4502 713 4556 sequenti.
723 4502 748 4544 in
759 4501 877 4546 favorem
888 4502 983 4545 saltem
993 4500 1102 4556 Collegli
1112 4503 1212 4547 romani
1223 4514 1396 4558 romanaeque
1407 4505 1503 4558 domus,
1515 4511 1544 4550 ut
1554 4506 1598 4549 vt2
1660 4512 1664 4519 ·

364 4579 425 4623 dere
436 4582 476 4619 est
486 4575 511 4619 in
523 4574 619 4618 Certus
629 4574 661 4617 de
674 4572 729 4616 Son
741 4572 858 4625 ignaria,
869 4578 888 4615 t.
899 4583 936 4623 vr,
946 4584 1007 4627 pag.
1017 4574 1066 4616 eto.

404 4644 415 4677 ⁴
442 4646 508 4691 Vide
518 4656 607 4699 supra,
618 4654 678 4699 pag.
689 4644 724 4695 9t,
736 4656 759 4688 n.
771 4644 821 4687 9l5.

405 4720 416 4751 ⁵
446 4720 508 4772 l‘ag.
519 4718 568 4771 ¹207,
581 4728 605 4760 n.
620 4717 670 4761 009.
