3717 5400
816 485 881 542 Au.
903 484 974 544 1555
1456 485 1506 546 171

272 628 398 694 Sancti
408 630 594 695 Francisci
604 631 724 710 colligi
731 642 858 712 potest,
872 632 933 712 qui
948 649 1029 695 cum
1037 632 1074 696 in
1082 632 1245 711 ecclesia,
1259 649 1366 712 quam
1373 631 1511 695 Vineae

277 746 409 802 vocant
424 736 445 815 ¹,
462 738 677 802 mentionem
695 738 828 802 faceret
849 739 892 802 de
912 738 1067 818 quodam
1082 738 1236 802 hebraeo
1261 739 1309 801 ibi
1328 737 1509 818 baptizan-

274 845 335 920 do,
350 846 481 925 populo
496 843 584 908 dixit
598 861 669 909 non
689 862 768 908 esse
788 844 1019 909 dubitandum
1042 845 1136 925 quod
1160 845 1249 909 bene
1274 845 1465 924 dispositus
1480 845 1511 908 is

280 959 383 1030 esset,
400 951 684 1032 quandoquidem
698 953 735 1014 in
749 951 907 1031 Collegio
918 960 1064 1015 nostrae
1076 949 1265 1016 Societatis
1281 963 1358 1014 erat
1373 952 1511 1015 institu·

279 1068 337 1120 tus
348 1056 371 1136 ⁸;
386 1075 506 1138 quam,
522 1058 591 1122 hac
606 1059 794 1121 occasione
814 1067 965 1138 sumpta,
983 1076 1053 1122 non
1069 1059 1295 1122 mediocriter
1310 1058 1426 1139 coepit
1440 1059 1513 1121 lau·

280 1165 378 1228 dare.

337 1271 409 1334 495.
452 1271 643 1336 Crescebat
659 1284 779 1336 autem
793 1273 1051 1353 aliquantulum
1063 1273 1099 1336 in
1114 1275 1236 1336 schola
1251 1282 1374 1336 nostra
1385 1272 1514 1335 horum

277 1379 574 1443 scholasticorum
587 1397 756 1444 numerus
771 1380 835 1443 sub
856 1381 942 1443 anni
969 1379 1085 1458 finem,
1114 1391 1151 1443 ut
1175 1381 1365 1459 sexaginta
1391 1380 1449 1442 vel
1471 1396 1513 1443 eo

281 1486 432 1566 amplius
446 1497 575 1565 essent;
592 1498 722 1550 etcum
737 1487 851 1550 nostri
866 1504 994 1550 munus
1006 1487 1158 1551 docendi
1173 1489 1292 1576 legere
1303 1505 1345 1551 ac
1357 1487 1515 1549 scribere

282 1610 353 1656 non
367 1595 599 1673 susciperent,
615 1592 659 1656 D.
676 1602 794 1656 tamen
811 1593 911 1657 Prior
923 1594 1057 1674 aliquot
1071 1595 1137 1657 sibi
1153 1593 1419 1657 commendatos
1431 1611 1515 1673 pue·

281 1717 342 1763 ros
356 1700 477 1764 doceri
490 1701 600 1764 etiam
613 1700 704 1764 haec
724 1702 896 1763 elementa
917 1701 1093 1780 cupiebat.
1117 1699 1238 1780 Aliqui
1259 1701 1366 1762 etiam
1387 1699 1458 1779 alii,
1477 1708 1515 1762 ut

283 1807 398 1870 bonos
417 1823 534 1870 mores
559 1807 747 1886 discerent,
775 1807 1004 1870 mittebantur
1023 1816 1061 1869 ut
1086 1808 1131 1869 ab
1157 1808 1235 1870 aliis
1260 1807 1380 1886 pueris
1401 1822 1472 1868 non
1494 1822 1515 1866 a

283 1914 413 1976 nostris
427 1913 651 1990 docerentur,
670 1914 836 1994 quamvis
855 1913 969 1976 nostri
986 1930 1047 1975 eos
1066 1914 1299 1977 admonerent
1318 1914 1413 1993 quod
1430 1920 1515 1976 tem·

282 2037 351 2100 pus
364 2020 546 2099 inutiliter,
561 2021 657 2101 quod
672 2020 718 2083 ad
731 2021 868 2084 litteras
890 2021 1027 2098 attinet,
1052 2030 1220 2099 tererent;
1237 2030 1272 2083 et
1287 2021 1337 2083 ita
1358 2037 1437 2083 esse
1458 2037 1517 2082 res

285 2128 363 2206 ipsa
385 2127 536 2191 docebat
556 2128 593 2190 in
606 2127 818 2209 quibusdam
837 2145 971 2205 eorum,
989 2128 1097 2190 immo
1113 2136 1148 2189 et
1164 2127 1327 2190 oblivisci
1348 2127 1516 2208 quodam-

286 2234 394 2297 modo
417 2234 630 2298 videbantur
647 2251 782 2314 eorum,
803 2252 894 2316 quae
915 2233 1124 2314 didicerant,
1146 2251 1227 2296 cum
1247 2253 1268 2296 a
1289 2235 1421 2297 nostris
1446 2251 1518 2297 non

284 2350 548 2404 exercerentur.

346 2447 416 2512 496.
461 2447 534 2513 Sub
549 2447 655 2512 finem
669 2448 773 2528 hujus
801 2450 885 2512 anni
909 2449 1053 2529 quidam
1073 2448 1185 2512 frater
1204 2447 1394 2527 Antonius
1416 2445 1518 2512 Ordi-

285 2555 343 2617 nis
356 2554 479 2620 Sancti
492 2556 677 2635 Bernardi,
702 2557 762 2637 qui
781 2555 1051 2636 Hierosolymas
1074 2572 1155 2618 cum
1181 2554 1220 2617 Ρ.
1247 2553 1390 2620 Simone
1405 2554 1519 2618 Roma

287 2661 468 2742 profectus
481 2672 570 2742 erat,
592 2673 636 2741 et,
664 2663 877 2727 subsistente
901 2661 1027 2727 eodem
1050 2661 1156 2727 Patre
1179 2661 1322 2727 Simone
1342 2660 1516 2743 VenetiiS,

287 2769 586 2833 nihilominusille
605 2770 891 2850 peregrinatione
911 2787 976 2833 sua
998 2770 1205 2850 perfunctus
1230 2781 1319 2849 erat,
1346 2768 1520 2835 Venetias

288 2876 402 2956 rediit;
419 2894 462 2940 ac
486 2876 605 2940 retulit
629 2894 710 2940 cum
736 2875 947 2957 quibusdam
971 2894 1010 2939 se
1035 2877 1216 2958 primariis
1241 2877 1328 2940 viris
1348 2878 1466 2956 egisse
1483 2887 1522 2941 ut

283 2980 446 3047 Societas
460 2992 583 3047 nostra
596 2984 633 3046 in
648 2983 768 3065 Cypro
782 2993 817 3047 et
831 2986 868 3047 in
883 2984 996 3048 Terra
1010 2983 1143 3048 Sancta
1156 2985 1412 3063 admitteretur,
1427 2995 1462 3047 et
1475 2985 1522 3048 ad

285 3090 322 3153 id
336 3091 473 3154 litteras
483 3090 622 3153 Vicarii
637 3091 824 3155 Generalis
835 3090 946 3172 Cypri
962 3109 1005 3153 ac
1018 3091 1199 3171 Prolegati
1226 3091 1421 3169 adferebat,
1445 3091 1520 3171 qui-

287 3198 353 3261 bus
367 3200 484 3261 locum
498 3198 687 3278 quemdam
702 3216 723 3261 a
737 3197 882 3262 Summo
896 3197 1066 3261 Pontifice
1082 3200 1119 3261 in
1133 3199 1227 3261 hunc
1243 3215 1346 3262 usum
1363 3200 1522 3279 postula·

287 3305 359 3383 bat;
376 3305 440 3368 sed
454 3322 512 3368 res
526 3306 717 3369 immatura
732 3306 839 3369 etiam
855 3316 939 3369 tunc
954 3306 1034 3368 visa
1051 3315 1104 3368 est
1120 3304 1143 3369 ³.

348 3411 419 3475 497.
462 3412 552 3475 Cum
565 3413 609 3475 de
623 3429 783 3491 numero,
799 3430 904 3493 quem
920 3414 1026 3475 vellet
1042 3411 1086 3475 D,
1103 3412 1206 3476 Prior
1220 3413 1380 3477 Venetiis
1392 3432 1434 3477 ac
1451 3413 1518 3476 Pa-

286 3520 376 3581 tavii
391 3528 602 3596 sustentare,
613 3518 652 3583 P.
664 3520 822 3599 ignatius
837 3518 1003 3583 eumdem
1013 3520 1151 3584 consuli
1162 3518 1325 3600 jussisset
1336 3518 1358 3599 ⁴,
1376 3522 1523 3601 cupiens

289 3631 328 3689 ut
341 3625 475 3706 aliquid
486 3626 574 3707 certi
588 3627 639 3689 eis
655 3626 867 3706 assignaret,
884 3643 973 3707 quos
988 3627 1136 3690 alendos
1151 3628 1379 3708 suscepisset,
1402 3628 1522 3691 omnia

289 3734 347 3796 ille
362 3733 508 3796 arbitrio
523 3732 561 3796 P.
577 3732 706 3813 Ignatii
722 3732 908 3813 referebat,
926 3734 990 3797 sed
1005 3742 1130 3813 postea
1151 3734 1348 3799 declaravit
1360 3747 1442 3799 octo
1454 3734 1524 3799 Ve-

289 3841 395 3904 netiis
408 3840 521 3904 teneri
536 3858 651 3920 posse;
673 3858 739 3903 nec
760 3840 913 3904 tacenda
938 3840 1082 3904 interim
1103 3850 1157 3903 est
1180 3841 1337 3904 charitas
1353 3838 1522 3921 ejusdem,

288 3947 350 4027 qui
364 3965 445 4011 cum
458 3948 690 4011 intellexisset
709 3956 851 4011 nostros
866 3947 1003 4011 Romae
1024 3956 1160 4028 septem
1182 3949 1291 4011 millia
1312 3948 1524 4013 ducatorum

290 4053 365 4118 fere
381 4055 474 4118 aeris
488 4056 594 4117 alieni
609 4055 831 4118 contraxisse
847 4052 868 4133 ⁵,
887 4055 1069 4135 suggessit
1094 4072 1200 4135 posse
1226 4056 1399 4135 quosdam
1415 4072 1526 4135 agros

289 4172 353 4224 aut
365 4178 512 4241 campos
526 4162 707 4242 prioratus
722 4160 897 4239 Patavini,
919 4162 979 4241 qui
994 4162 1163 4242 disjuncti
1183 4172 1286 4225 erant
1314 4164 1359 4226 ab
1382 4164 1475 4243 aliis,
1492 4174 1527 4227 et

333 4440 341 4471 ¹
370 4439 460 4484 Sancti
473 4438 607 4483 Franciscl
618 4438 691 4482 della
707 4438 807 4490 viana.

333 4517 343 4542 Ξ
371 4512 437 4555 Vlde
447 4523 535 4567 supra,
546 4522 605 4566 pag.
620 4513 666 4561 lob,
679 4524 702 4554 n.
713 4512 764 4555 490.

335 4584 347 4616 ³
374 4584 441 4628 Vide
452 4596 540 4638 supra,
551 4589 570 4627 t.
580 4595 616 4635 lv,
626 4596 687 4639 pag.
700 4584 747 4638 131,
757 4596 783 4627 n.
793 4584 843 4627 ¹2⁶2.

333 4657 346 4687 ⁴
373 4656 439 4700 Vide
450 4668 538 4712 supra,
549 4662 568 4699 t.
579 4668 615 4709 tv,
625 4668 686 4711 pag.
699 4657 744 4706 11⁶,
756 4668 779 4699 n.
791 4656 838 4708 223,
850 4662 875 4698 et
887 4656 913 4699 in
924 4657 972 4699 hoc
985 4662 1001 4700 t.
1014 4668 1038 4709 v,
1049 4666 1109 4709 pag.
1125 4658 1171 4709 165,
1184 4669 1206 4703 n.
1216 4658 1265 4713 475.

333 4728 347 4761 ⁸
374 4730 439 4773 Vide
450 4739 537 4783 supra,
547 4740 608 4783 pag.
619 4729 653 4781 29,
664 4740 689 4771 n.
699 4728 734 4773 50.
