<?xml version="1.0" encoding="UTF-8"?>
<!DOCTYPE html PUBLIC "-//W3C//DTD XHTML 1.0 Transitional//EN"
    "http://www.w3.org/TR/xhtml1/DTD/xhtml1-transitional.dtd">
<html xmlns="http://www.w3.org/1999/xhtml" xml:lang="en" lang="en">
 <head>
  <title>
</title>
<meta http-equiv="Content-Type" content="text/html;charset=utf-8" />
  <meta name='ocr-system' content='tesseract 3.04.00' />
  <meta name='ocr-capabilities' content='ocr_page ocr_carea ocr_par ocr_line ocrx_word'/>
</head>
<body>
  <div class='ocr_page' id='page_1' title='image "./vitaignatiiloio01polagoog_0669.png"; bbox 0 0 3717 5400; ppageno 0'>
   <div class='ocr_carea' id='block_1_1' title="bbox 776 481 1471 548">
    <p class='ocr_par' dir='ltr' id='par_1_1' title="bbox 776 481 1471 548">
     <span class='ocr_line' id='line_1_1' title="bbox 776 481 1471 548; baseline -0.006 -2"><span class='ocrx_word' id='word_1_1' title='bbox 776 489 838 548; x_wconf 76' lang='lat' dir='ltr'>An.</span> <span class='ocrx_word' id='word_1_2' title='bbox 861 487 933 546; x_wconf 75' lang='lat'>1555</span> <span class='ocrx_word' id='word_1_3' title='bbox 1413 481 1471 542; x_wconf 74' lang='lat'>6⁶3</span> 
     </span>
    </p>
   </div>
   <div class='ocr_carea' id='block_1_2' title="bbox 200 615 1467 3920">
    <p class='ocr_par' dir='ltr' id='par_1_2' title="bbox 232 615 1466 928">
     <span class='ocr_line' id='line_1_2' title="bbox 232 615 1466 715; baseline -0.007 -16"><span class='ocrx_word' id='word_1_4' title='bbox 232 641 335 699; x_wconf 84' lang='lat' dir='ltr'>ratae</span> <span class='ocrx_word' id='word_1_5' title='bbox 350 644 432 698; x_wconf 89' lang='lat' dir='ltr'>sunt</span> <span class='ocrx_word' id='word_1_6' title='bbox 448 615 556 698; x_wconf 80' lang='lat' dir='ltr'>etiam</span> <span class='ocrx_word' id='word_1_7' title='bbox 570 633 774 715; x_wconf 64' lang='lat' dir='ltr'>positiones</span> <span class='ocrx_word' id='word_1_8' title='bbox 797 649 887 714; x_wconf 87' lang='lat' dir='ltr'>quas</span> <span class='ocrx_word' id='word_1_9' title='bbox 907 630 1046 713; x_wconf 89' lang='lat' dir='ltr'>publice</span> <span class='ocrx_word' id='word_1_10' title='bbox 1066 629 1295 695; x_wconf 80' lang='lat' dir='ltr'>defenderent</span> <span class='ocrx_word' id='word_1_11' title='bbox 1315 627 1394 709; x_wconf 90' lang='lat' dir='ltr'>ipso</span> <span class='ocrx_word' id='word_1_12' title='bbox 1410 627 1466 690; x_wconf 89' lang='lat' dir='ltr'>die</span> 
     </span>
     <span class='ocr_line' id='line_1_3' title="bbox 232 734 1459 820; baseline -0.007 -14"><span class='ocrx_word' id='word_1_13' title='bbox 232 740 526 806; x_wconf 86' lang='lat' dir='ltr'>Circumcisionis</span> <span class='ocrx_word' id='word_1_14' title='bbox 540 739 694 820; x_wconf 89' lang='lat' dir='ltr'>Domini,</span> <span class='ocrx_word' id='word_1_15' title='bbox 711 740 770 820; x_wconf 88' lang='lat' dir='ltr'>qni</span> <span class='ocrx_word' id='word_1_16' title='bbox 784 739 920 820; x_wconf 88' lang='lat' dir='ltr'>primns</span> <span class='ocrx_word' id='word_1_17' title='bbox 936 748 1013 802; x_wconf 88' lang='lat' dir='ltr'>erat</span> <span class='ocrx_word' id='word_1_18' title='bbox 1030 736 1191 820; x_wconf 88' lang='lat' dir='ltr'>Januarii</span> <span class='ocrx_word' id='word_1_19' title='bbox 1212 734 1404 815; x_wconf 89' lang='lat' dir='ltr'>sequentis,</span> <span class='ocrx_word' id='word_1_20' title='bbox 1420 743 1459 798; x_wconf 94' lang='lat' dir='ltr'>ut</span> 
     </span>
     <span class='ocr_line' id='line_1_4' title="bbox 234 846 1154 928; baseline -0.004 -16"><span class='ocrx_word' id='word_1_21' title='bbox 234 849 417 928; x_wconf 85' lang='lat' dir='ltr'>specimen</span> <span class='ocrx_word' id='word_1_22' title='bbox 433 849 630 912; x_wconf 89' lang='lat' dir='ltr'>litterarum</span> <span class='ocrx_word' id='word_1_23' title='bbox 645 847 783 912; x_wconf 87' lang='lat' dir='ltr'>civitati</span> <span class='ocrx_word' id='word_1_24' title='bbox 798 847 897 910; x_wconf 90' lang='lat' dir='ltr'>Goae</span> <span class='ocrx_word' id='word_1_25' title='bbox 912 846 1154 926; x_wconf 85' lang='lat' dir='ltr'>praeberetur.</span> 
     </span>
    </p>

    <p class='ocr_par' dir='ltr' id='par_1_3' title="bbox 200 949 1467 3048">
     <span class='ocr_line' id='line_1_5' title="bbox 300 949 1463 1034; baseline -0.005 -16"><span class='ocrx_word' id='word_1_26' title='bbox 300 953 389 1018; x_wconf 85' lang='grc'><strong>1825.</strong></span> <span class='ocrx_word' id='word_1_27' title='bbox 432 953 503 1018; x_wconf 91' lang='lat' dir='ltr'>Sed</span> <span class='ocrx_word' id='word_1_28' title='bbox 517 955 600 1018; x_wconf 91' lang='lat' dir='ltr'>dum</span> <span class='ocrx_word' id='word_1_29' title='bbox 619 972 677 1018; x_wconf 88' lang='lat' dir='ltr'>res</span> <span class='ocrx_word' id='word_1_30' title='bbox 695 953 849 1034; x_wconf 81' lang='lat' dir='ltr'>penitius</span> <span class='ocrx_word' id='word_1_31' title='bbox 868 950 1153 1029; x_wconf 83' lang='lat' dir='ltr'>considerantur,</span> <span class='ocrx_word' id='word_1_32' title='bbox 1175 949 1463 1014; x_wconf 87' lang='lat' dir='ltr'>animadversum</span> 
     </span>
     <span class='ocr_line' id='line_1_6' title="bbox 235 1056 1463 1143; baseline -0.005 -19"><span class='ocrx_word' id='word_1_33' title='bbox 235 1069 292 1124; x_wconf 87' lang='lat' dir='ltr'>est</span> <span class='ocrx_word' id='word_1_34' title='bbox 312 1063 446 1126; x_wconf 89' lang='lat' dir='ltr'>nullum</span> <span class='ocrx_word' id='word_1_35' title='bbox 466 1078 556 1140; x_wconf 89' lang='lat' dir='ltr'>esse,</span> <span class='ocrx_word' id='word_1_36' title='bbox 573 1063 633 1143; x_wconf 92' lang='lat' dir='ltr'>qui</span> <span class='ocrx_word' id='word_1_37' title='bbox 653 1059 888 1125; x_wconf 88' lang='lat' dir='ltr'>Provincialis</span> <span class='ocrx_word' id='word_1_38' title='bbox 909 1059 1116 1123; x_wconf 81' lang='lat' dir='ltr'>facultatem</span> <span class='ocrx_word' id='word_1_39' title='bbox 1129 1058 1167 1121; x_wconf 92' lang='lat' dir='ltr'>in</span> <span class='ocrx_word' id='word_1_40' title='bbox 1185 1057 1285 1122; x_wconf 89' lang='lat' dir='ltr'>india</span> <span class='ocrx_word' id='word_1_41' title='bbox 1305 1056 1463 1132; x_wconf 86' lang='lat' dir='ltr'>haberet;</span> 
     </span>
     <span class='ocr_line' id='line_1_7' title="bbox 233 1161 1465 1247; baseline -0.003 -15"><span class='ocrx_word' id='word_1_42' title='bbox 233 1185 318 1232; x_wconf 91' lang='lat' dir='ltr'>cum</span> <span class='ocrx_word' id='word_1_43' title='bbox 333 1169 427 1232; x_wconf 89' lang='lat' dir='ltr'>enim</span> <span class='ocrx_word' id='word_1_44' title='bbox 442 1166 480 1230; x_wconf 91' lang='lat' dir='ltr'>P.</span> <span class='ocrx_word' id='word_1_45' title='bbox 497 1167 713 1233; x_wconf 87' lang='lat' dir='ltr'>Franciscus</span> <span class='ocrx_word' id='word_1_46' title='bbox 727 1167 874 1246; x_wconf 86' lang='lat' dir='ltr'>Xavier,</span> <span class='ocrx_word' id='word_1_47' title='bbox 890 1166 952 1247; x_wconf 90' lang='lat' dir='ltr'>qui</span> <span class='ocrx_word' id='word_1_48' title='bbox 966 1164 1145 1244; x_wconf 88' lang='lat' dir='ltr'>legitimus</span> <span class='ocrx_word' id='word_1_49' title='bbox 1163 1171 1241 1228; x_wconf 87' lang='lat' dir='ltr'>erat</span> <span class='ocrx_word' id='word_1_50' title='bbox 1260 1161 1465 1228; x_wconf 83' lang='lat' dir='ltr'>Provincia·</span> 
     </span>
     <span class='ocr_line' id='line_1_8' title="bbox 236 1270 1463 1358; baseline -0.005 -20"><span class='ocrx_word' id='word_1_51' title='bbox 236 1275 292 1354; x_wconf 91' lang='lat' dir='ltr'>lis,</span> <span class='ocrx_word' id='word_1_52' title='bbox 310 1275 346 1338; x_wconf 91' lang='lat' dir='ltr'>in</span> <span class='ocrx_word' id='word_1_53' title='bbox 364 1275 536 1358; x_wconf 82' lang='lat' dir='ltr'>Japonem</span> <span class='ocrx_word' id='word_1_54' title='bbox 556 1275 795 1356; x_wconf 85' lang='lat' dir='ltr'>profecturus,</span> <span class='ocrx_word' id='word_1_55' title='bbox 815 1273 958 1338; x_wconf 85' lang='lat' dir='ltr'>Patrem</span> <span class='ocrx_word' id='word_1_56' title='bbox 973 1271 1172 1352; x_wconf 88' lang='lat' dir='ltr'>Gasparem</span> <span class='ocrx_word' id='word_1_57' title='bbox 1186 1270 1300 1351; x_wconf 91' lang='lat' dir='ltr'>primo</span> <span class='ocrx_word' id='word_1_58' title='bbox 1315 1272 1393 1333; x_wconf 93' lang='lat' dir='ltr'>loco</span> <span class='ocrx_word' id='word_1_59' title='bbox 1415 1279 1463 1348; x_wconf 89' lang='lat' dir='ltr'>et,</span> 
     </span>
     <span class='ocr_line' id='line_1_9' title="bbox 231 1375 1465 1461; baseline -0.004 -17"><span class='ocrx_word' id='word_1_60' title='bbox 231 1398 279 1445; x_wconf 89' lang='lat' dir='ltr'>eo</span> <span class='ocrx_word' id='word_1_61' title='bbox 294 1381 478 1461; x_wconf 89' lang='lat' dir='ltr'>moriente,</span> <span class='ocrx_word' id='word_1_62' title='bbox 494 1380 636 1446; x_wconf 85' lang='lat' dir='ltr'>Patrem</span> <span class='ocrx_word' id='word_1_63' title='bbox 651 1381 820 1460; x_wconf 88' lang='lat' dir='ltr'>Morales,</span> <span class='ocrx_word' id='word_1_64' title='bbox 837 1389 887 1458; x_wconf 87' lang='lat' dir='ltr'>et,</span> <span class='ocrx_word' id='word_1_65' title='bbox 910 1381 941 1444; x_wconf 85' lang='lat' dir='ltr'>si</span> <span class='ocrx_word' id='word_1_66' title='bbox 962 1379 1069 1442; x_wconf 88' lang='lat' dir='ltr'>etiam</span> <span class='ocrx_word' id='word_1_67' title='bbox 1091 1387 1300 1452; x_wconf 85' lang='lat' dir='ltr'>moreretur,</span> <span class='ocrx_word' id='word_1_68' title='bbox 1321 1375 1361 1440; x_wconf 91' lang='lat' dir='ltr'>P.</span> <span class='ocrx_word' id='word_1_69' title='bbox 1380 1375 1465 1440; x_wconf 89' lang='lat' dir='ltr'>Mel·</span> 
     </span>
     <span class='ocr_line' id='line_1_10' title="bbox 200 1481 1464 1570; baseline -0.005 -19"><span class='ocrx_word' id='word_1_70' title='bbox 200 1503 204 1516; x_wconf 92' lang='lat'><em>·</em></span> <span class='ocrx_word' id='word_1_71' title='bbox 231 1489 393 1556; x_wconf 78' lang='lat' dir='ltr'>citiorem</span> <span class='ocrx_word' id='word_1_72' title='bbox 411 1487 558 1570; x_wconf 78' lang='lat' dir='ltr'>Nugnez</span> <span class='ocrx_word' id='word_1_73' title='bbox 580 1489 700 1554; x_wconf 88' lang='lat' dir='ltr'>Indiae</span> <span class='ocrx_word' id='word_1_74' title='bbox 720 1486 944 1569; x_wconf 87' lang='lat' dir='ltr'>praeficeret;</span> <span class='ocrx_word' id='word_1_75' title='bbox 966 1503 1116 1566; x_wconf 88' lang='lat' dir='ltr'>cumque</span> <span class='ocrx_word' id='word_1_76' title='bbox 1137 1484 1176 1548; x_wconf 92' lang='lat' dir='ltr'>P.</span> <span class='ocrx_word' id='word_1_77' title='bbox 1196 1484 1352 1548; x_wconf 87' lang='lat' dir='ltr'>Morales</span> <span class='ocrx_word' id='word_1_78' title='bbox 1370 1481 1464 1546; x_wconf 89' lang='lat' dir='ltr'>diem</span> 
     </span>
     <span class='ocr_line' id='line_1_11' title="bbox 230 1589 1465 1677; baseline -0.003 -19"><span class='ocrx_word' id='word_1_79' title='bbox 230 1605 431 1659; x_wconf 87' lang='lat' dir='ltr'>extremum</span> <span class='ocrx_word' id='word_1_80' title='bbox 446 1597 590 1660; x_wconf 89' lang='lat' dir='ltr'>obiisset</span> <span class='ocrx_word' id='word_1_81' title='bbox 609 1607 645 1660; x_wconf 90' lang='lat' dir='ltr'>et</span> <span class='ocrx_word' id='word_1_82' title='bbox 664 1607 744 1677; x_wconf 91' lang='lat' dir='ltr'>post</span> <span class='ocrx_word' id='word_1_83' title='bbox 763 1595 862 1660; x_wconf 87' lang='lat' dir='ltr'>illurn</span> <span class='ocrx_word' id='word_1_84' title='bbox 880 1593 918 1658; x_wconf 90' lang='lat' dir='ltr'>P.</span> <span class='ocrx_word' id='word_1_85' title='bbox 940 1593 1099 1673; x_wconf 86' lang='lat' dir='ltr'>Gaspar,</span> <span class='ocrx_word' id='word_1_86' title='bbox 1122 1609 1217 1655; x_wconf 90' lang='lat' dir='ltr'>anno</span> <span class='ocrx_word' id='word_1_87' title='bbox 1243 1589 1337 1669; x_wconf 76' lang='lat'>1553,</span> <span class='ocrx_word' id='word_1_88' title='bbox 1358 1589 1465 1654; x_wconf 89' lang='lat' dir='ltr'>morti</span> 
     </span>
     <span class='ocr_line' id='line_1_12' title="bbox 231 1694 1467 1782; baseline -0.006 -15"><span class='ocrx_word' id='word_1_89' title='bbox 231 1703 390 1782; x_wconf 78' lang='lat' dir='ltr'>vicium,</span> <span class='ocrx_word' id='word_1_90' title='bbox 407 1704 552 1766; x_wconf 90' lang='lat' dir='ltr'>evocari</span> <span class='ocrx_word' id='word_1_91' title='bbox 571 1701 675 1782; x_wconf 89' lang='lat' dir='ltr'>jussit</span> <span class='ocrx_word' id='word_1_92' title='bbox 696 1701 735 1764; x_wconf 92' lang='lat' dir='ltr'>P.</span> <span class='ocrx_word' id='word_1_93' title='bbox 758 1701 989 1765; x_wconf 89' lang='lat' dir='ltr'>Melchiorem</span> <span class='ocrx_word' id='word_1_94' title='bbox 1008 1698 1157 1779; x_wconf 81' lang='lat' dir='ltr'>Nugnez</span> <span class='ocrx_word' id='word_1_95' title='bbox 1179 1708 1217 1761; x_wconf 91' lang='lat' dir='ltr'>ut</span> <span class='ocrx_word' id='word_1_96' title='bbox 1238 1713 1363 1762; x_wconf 88' lang='lat' dir='ltr'>curam</span> <span class='ocrx_word' id='word_1_97' title='bbox 1383 1694 1467 1760; x_wconf 80' lang='lat' dir='ltr'>Pro·</span> 
     </span>
     <span class='ocr_line' id='line_1_13' title="bbox 235 1803 1464 1890; baseline -0.005 -18"><span class='ocrx_word' id='word_1_98' title='bbox 235 1809 376 1874; x_wconf 83' lang='lat' dir='ltr'>vinciae</span> <span class='ocrx_word' id='word_1_99' title='bbox 389 1810 595 1890; x_wconf 89' lang='lat' dir='ltr'>susciperet,</span> <span class='ocrx_word' id='word_1_100' title='bbox 609 1827 716 1890; x_wconf 89' lang='lat' dir='ltr'>quam</span> <span class='ocrx_word' id='word_1_101' title='bbox 728 1809 785 1872; x_wconf 88' lang='lat' dir='ltr'>ille</span> <span class='ocrx_word' id='word_1_102' title='bbox 796 1809 952 1889; x_wconf 89' lang='lat' dir='ltr'>suscepit</span> <span class='ocrx_word' id='word_1_103' title='bbox 962 1816 997 1871; x_wconf 90' lang='lat' dir='ltr'>et</span> <span class='ocrx_word' id='word_1_104' title='bbox 1008 1806 1132 1887; x_wconf 88' lang='lat' dir='ltr'>gessit;</span> <span class='ocrx_word' id='word_1_105' title='bbox 1145 1815 1179 1868; x_wconf 88' lang='lat' dir='ltr'>et</span> <span class='ocrx_word' id='word_1_106' title='bbox 1191 1803 1332 1888; x_wconf 88' lang='lat' dir='ltr'>quidem</span> <span class='ocrx_word' id='word_1_107' title='bbox 1343 1803 1464 1868; x_wconf 85' lang='lat' dir='ltr'>omnia</span> 
     </span>
     <span class='ocr_line' id='line_1_14' title="bbox 231 1913 1465 1995; baseline -0.004 -17"><span class='ocrx_word' id='word_1_108' title='bbox 231 1915 416 1979; x_wconf 83' lang='lat' dir='ltr'>bonafide</span> <span class='ocrx_word' id='word_1_109' title='bbox 442 1925 522 1979; x_wconf 88' lang='lat' dir='ltr'>acta</span> <span class='ocrx_word' id='word_1_110' title='bbox 548 1927 629 1980; x_wconf 90' lang='lat' dir='ltr'>sunt</span> <span class='ocrx_word' id='word_1_111' title='bbox 651 1914 673 1975; x_wconf 91' lang='lat'>¹.</span> <span class='ocrx_word' id='word_1_112' title='bbox 697 1915 767 1980; x_wconf 88' lang='lat' dir='ltr'>Sed</span> <span class='ocrx_word' id='word_1_113' title='bbox 790 1931 872 1979; x_wconf 91' lang='lat' dir='ltr'>cum</span> <span class='ocrx_word' id='word_1_114' title='bbox 893 1916 1000 1995; x_wconf 86' lang='lat' dir='ltr'>paulo</span> <span class='ocrx_word' id='word_1_115' title='bbox 1024 1923 1104 1994; x_wconf 92' lang='lat' dir='ltr'>post</span> <span class='ocrx_word' id='word_1_116' title='bbox 1129 1913 1344 1977; x_wconf 90' lang='lat' dir='ltr'>intellectum</span> <span class='ocrx_word' id='word_1_117' title='bbox 1368 1919 1465 1974; x_wconf 88' lang='lat' dir='ltr'>esset</span> 
     </span>
     <span class='ocr_line' id='line_1_15' title="bbox 233 2019 1465 2098; baseline -0.005 -12"><span class='ocrx_word' id='word_1_118' title='bbox 233 2033 415 2086; x_wconf 90' lang='lat' dir='ltr'>mortuum</span> <span class='ocrx_word' id='word_1_119' title='bbox 436 2022 544 2086; x_wconf 82' lang='lat' dir='ltr'>fuisse</span> <span class='ocrx_word' id='word_1_120' title='bbox 564 2021 601 2086; x_wconf 96' lang='lat' dir='ltr'>P.</span> <span class='ocrx_word' id='word_1_121' title='bbox 618 2021 850 2086; x_wconf 87' lang='lat' dir='ltr'>Franciscum</span> <span class='ocrx_word' id='word_1_122' title='bbox 863 2021 999 2084; x_wconf 86' lang='lat' dir='ltr'>Xavier</span> <span class='ocrx_word' id='word_1_123' title='bbox 1019 2020 1083 2084; x_wconf 89' lang='lat' dir='ltr'>sub</span> <span class='ocrx_word' id='word_1_124' title='bbox 1103 2019 1207 2083; x_wconf 87' lang='lat' dir='ltr'>finem</span> <span class='ocrx_word' id='word_1_125' title='bbox 1221 2019 1306 2082; x_wconf 85' lang='lat' dir='ltr'>anni</span> <span class='ocrx_word' id='word_1_126' title='bbox 1319 2033 1465 2098; x_wconf 86' lang='lat' dir='ltr'>praece·</span> 
     </span>
     <span class='ocr_line' id='line_1_16' title="bbox 230 2125 1464 2208; baseline -0.005 -15"><span class='ocrx_word' id='word_1_127' title='bbox 230 2129 360 2208; x_wconf 78' lang='lat' dir='ltr'>dentiS,</span> <span class='ocrx_word' id='word_1_128' title='bbox 386 2131 453 2192; x_wconf 88' lang='lat' dir='ltr'>hae</span> <span class='ocrx_word' id='word_1_129' title='bbox 477 2129 736 2193; x_wconf 87' lang='lat' dir='ltr'>nominationes</span> <span class='ocrx_word' id='word_1_130' title='bbox 756 2127 830 2208; x_wconf 82' lang='lat' dir='ltr'>jam</span> <span class='ocrx_word' id='word_1_131' title='bbox 853 2128 1004 2208; x_wconf 88' lang='lat' dir='ltr'>amplius</span> <span class='ocrx_word' id='word_1_132' title='bbox 1030 2127 1170 2190; x_wconf 87' lang='lat' dir='ltr'>validae</span> <span class='ocrx_word' id='word_1_133' title='bbox 1195 2142 1266 2190; x_wconf 87' lang='lat' dir='ltr'>non</span> <span class='ocrx_word' id='word_1_134' title='bbox 1292 2133 1395 2188; x_wconf 86' lang='lat' dir='ltr'>erant</span> <span class='ocrx_word' id='word_1_135' title='bbox 1420 2125 1464 2188; x_wconf 91' lang='lat' dir='ltr'>de</span> 
     </span>
     <span class='ocr_line' id='line_1_17' title="bbox 228 2231 1463 2315; baseline -0.005 -15"><span class='ocrx_word' id='word_1_136' title='bbox 228 2233 310 2315; x_wconf 83' lang='lat' dir='ltr'>jure</span> <span class='ocrx_word' id='word_1_137' title='bbox 325 2235 354 2314; x_wconf 79' lang='lat'>&#39;;</span> <span class='ocrx_word' id='word_1_138' title='bbox 375 2246 408 2300; x_wconf 90' lang='lat' dir='ltr'>et</span> <span class='ocrx_word' id='word_1_139' title='bbox 429 2237 493 2314; x_wconf 86' lang='lat' dir='ltr'>ita,</span> <span class='ocrx_word' id='word_1_140' title='bbox 515 2251 596 2301; x_wconf 91' lang='lat' dir='ltr'>cum</span> <span class='ocrx_word' id='word_1_141' title='bbox 615 2234 653 2299; x_wconf 95' lang='lat' dir='ltr'>P.</span> <span class='ocrx_word' id='word_1_142' title='bbox 676 2236 850 2300; x_wconf 88' lang='lat' dir='ltr'>Melchior</span> <span class='ocrx_word' id='word_1_143' title='bbox 864 2234 1072 2314; x_wconf 90' lang='lat' dir='ltr'>Cochiuum,</span> <span class='ocrx_word' id='word_1_144' title='bbox 1089 2233 1287 2298; x_wconf 87' lang='lat' dir='ltr'>Cauianum</span> <span class='ocrx_word' id='word_1_145' title='bbox 1304 2242 1340 2296; x_wconf 92' lang='lat' dir='ltr'>et</span> <span class='ocrx_word' id='word_1_146' title='bbox 1358 2231 1463 2296; x_wconf 89' lang='lat' dir='ltr'>Com·</span> 
     </span>
     <span class='ocr_line' id='line_1_18' title="bbox 231 2338 1463 2422; baseline -0.003 -16"><span class='ocrx_word' id='word_1_147' title='bbox 231 2344 412 2406; x_wconf 88' lang='lat' dir='ltr'>murinum</span> <span class='ocrx_word' id='word_1_148' title='bbox 427 2344 594 2421; x_wconf 87' lang='lat' dir='ltr'>venisset,</span> <span class='ocrx_word' id='word_1_149' title='bbox 610 2353 648 2407; x_wconf 90' lang='lat' dir='ltr'>ut</span> <span class='ocrx_word' id='word_1_150' title='bbox 662 2353 804 2407; x_wconf 89' lang='lat' dir='ltr'>nostros</span> <span class='ocrx_word' id='word_1_151' title='bbox 818 2343 886 2406; x_wconf 90' lang='lat' dir='ltr'>illis</span> <span class='ocrx_word' id='word_1_152' title='bbox 900 2343 937 2406; x_wconf 93' lang='lat' dir='ltr'>in</span> <span class='ocrx_word' id='word_1_153' title='bbox 952 2343 1039 2406; x_wconf 91' lang='lat' dir='ltr'>locis</span> <span class='ocrx_word' id='word_1_154' title='bbox 1055 2359 1119 2422; x_wconf 88' lang='lat' dir='ltr'>pro</span> <span class='ocrx_word' id='word_1_155' title='bbox 1133 2339 1238 2404; x_wconf 90' lang='lat' dir='ltr'>officii</span> <span class='ocrx_word' id='word_1_156' title='bbox 1251 2339 1308 2404; x_wconf 91' lang='lat' dir='ltr'>sui</span> <span class='ocrx_word' id='word_1_157' title='bbox 1323 2338 1463 2403; x_wconf 87' lang='lat' dir='ltr'>ratione</span> 
     </span>
     <span class='ocr_line' id='line_1_19' title="bbox 234 2444 1464 2528; baseline -0.004 -16"><span class='ocrx_word' id='word_1_158' title='bbox 234 2449 405 2512; x_wconf 89' lang='lat' dir='ltr'>inviseret</span> <span class='ocrx_word' id='word_1_159' title='bbox 419 2447 442 2528; x_wconf 83' lang='lat'>⁸,</span> <span class='ocrx_word' id='word_1_160' title='bbox 462 2458 497 2512; x_wconf 92' lang='lat' dir='ltr'>et</span> <span class='ocrx_word' id='word_1_161' title='bbox 511 2467 593 2514; x_wconf 90' lang='lat' dir='ltr'>cum</span> <span class='ocrx_word' id='word_1_162' title='bbox 607 2450 771 2514; x_wconf 88' lang='lat' dir='ltr'>Patribus</span> <span class='ocrx_word' id='word_1_163' title='bbox 791 2449 946 2514; x_wconf 91' lang='lat' dir='ltr'>Henrico</span> <span class='ocrx_word' id='word_1_164' title='bbox 960 2449 1152 2528; x_wconf 86' lang='lat' dir='ltr'>Euriquez,</span> <span class='ocrx_word' id='word_1_165' title='bbox 1168 2445 1316 2511; x_wconf 86' lang='lat' dir='ltr'>Nicolao</span> <span class='ocrx_word' id='word_1_166' title='bbox 1335 2444 1464 2510; x_wconf 91' lang='lat' dir='ltr'>Lanci-</span> 
     </span>
     <span class='ocr_line' id='line_1_20' title="bbox 230 2552 1465 2638; baseline -0.002 -20"><span class='ocrx_word' id='word_1_167' title='bbox 230 2555 322 2635; x_wconf 90' lang='lat' dir='ltr'>loto,</span> <span class='ocrx_word' id='word_1_168' title='bbox 346 2555 539 2620; x_wconf 85' lang='lat' dir='ltr'>Francisco</span> <span class='ocrx_word' id='word_1_169' title='bbox 562 2555 671 2620; x_wconf 87' lang='lat' dir='ltr'>Perez</span> <span class='ocrx_word' id='word_1_170' title='bbox 694 2574 737 2620; x_wconf 88' lang='lat' dir='ltr'>ac</span> <span class='ocrx_word' id='word_1_171' title='bbox 762 2556 800 2620; x_wconf 95' lang='lat' dir='ltr'>P.</span> <span class='ocrx_word' id='word_1_172' title='bbox 828 2557 1007 2638; x_wconf 87' lang='lat' dir='ltr'>Cypriane</span> <span class='ocrx_word' id='word_1_173' title='bbox 1028 2553 1057 2634; x_wconf 77' lang='lat'>⁴,</span> <span class='ocrx_word' id='word_1_174' title='bbox 1083 2555 1144 2636; x_wconf 91' lang='lat' dir='ltr'>qui</span> <span class='ocrx_word' id='word_1_175' title='bbox 1162 2552 1354 2635; x_wconf 84' lang='lat' dir='ltr'>praedictis</span> <span class='ocrx_word' id='word_1_176' title='bbox 1376 2553 1465 2616; x_wconf 92' lang='lat' dir='ltr'>locis</span> 
     </span>
     <span class='ocr_line' id='line_1_21' title="bbox 228 2660 1459 2745; baseline -0.003 -18"><span class='ocrx_word' id='word_1_177' title='bbox 228 2671 437 2745; x_wconf 84' lang='lat' dir='ltr'>praeerant,</span> <span class='ocrx_word' id='word_1_178' title='bbox 454 2679 528 2727; x_wconf 91' lang='lat' dir='ltr'>rem</span> <span class='ocrx_word' id='word_1_179' title='bbox 543 2664 759 2743; x_wconf 90' lang='lat' dir='ltr'>contulisset,</span> <span class='ocrx_word' id='word_1_180' title='bbox 776 2681 900 2729; x_wconf 90' lang='lat' dir='ltr'>eorum</span> <span class='ocrx_word' id='word_1_181' title='bbox 913 2661 1085 2743; x_wconf 81' lang='lat' dir='ltr'>suffragia</span> <span class='ocrx_word' id='word_1_182' title='bbox 1100 2662 1136 2726; x_wconf 92' lang='lat' dir='ltr'>in</span> <span class='ocrx_word' id='word_1_183' title='bbox 1150 2660 1292 2742; x_wconf 90' lang='lat' dir='ltr'>scriptis</span> <span class='ocrx_word' id='word_1_184' title='bbox 1306 2661 1459 2741; x_wconf 84' lang='lat' dir='ltr'>accepit,</span> 
     </span>
     <span class='ocr_line' id='line_1_22' title="bbox 230 2766 1461 2849; baseline -0.003 -16"><span class='ocrx_word' id='word_1_185' title='bbox 230 2778 270 2833; x_wconf 92' lang='lat' dir='ltr'>ut</span> <span class='ocrx_word' id='word_1_186' title='bbox 298 2770 329 2833; x_wconf 90' lang='lat' dir='ltr'>si</span> <span class='ocrx_word' id='word_1_187' title='bbox 353 2766 550 2849; x_wconf 84' lang='lat' dir='ltr'>judicatum</span> <span class='ocrx_word' id='word_1_188' title='bbox 576 2781 670 2835; x_wconf 89' lang='lat' dir='ltr'>esset</span> <span class='ocrx_word' id='word_1_189' title='bbox 699 2770 798 2835; x_wconf 87' lang='lat' dir='ltr'>Goae</span> <span class='ocrx_word' id='word_1_190' title='bbox 826 2787 958 2835; x_wconf 85' lang='lat' dir='ltr'>novam</span> <span class='ocrx_word' id='word_1_191' title='bbox 990 2770 1199 2833; x_wconf 90' lang='lat' dir='ltr'>electionem</span> <span class='ocrx_word' id='word_1_192' title='bbox 1227 2766 1461 2832; x_wconf 82' lang='lat' dir='ltr'>Provincialis</span> 
     </span>
     <span class='ocr_line' id='line_1_23' title="bbox 228 2874 1461 2958; baseline -0.002 -19"><span class='ocrx_word' id='word_1_193' title='bbox 228 2892 310 2941; x_wconf 88' lang='lat' dir='ltr'>esse</span> <span class='ocrx_word' id='word_1_194' title='bbox 323 2876 534 2954; x_wconf 87' lang='lat' dir='ltr'>faciendam,</span> <span class='ocrx_word' id='word_1_195' title='bbox 551 2894 631 2941; x_wconf 87' lang='lat' dir='ltr'>cum</span> <span class='ocrx_word' id='word_1_196' title='bbox 643 2876 711 2958; x_wconf 91' lang='lat' dir='ltr'>ipsi</span> <span class='ocrx_word' id='word_1_197' title='bbox 726 2879 907 2958; x_wconf 85' lang='lat' dir='ltr'>eligerent,</span> <span class='ocrx_word' id='word_1_198' title='bbox 923 2894 1028 2958; x_wconf 90' lang='lat' dir='ltr'>quem</span> <span class='ocrx_word' id='word_1_199' title='bbox 1043 2877 1079 2941; x_wconf 92' lang='lat' dir='ltr'>in</span> <span class='ocrx_word' id='word_1_200' title='bbox 1090 2874 1244 2941; x_wconf 91' lang='lat' dir='ltr'>Domino</span> <span class='ocrx_word' id='word_1_201' title='bbox 1259 2874 1461 2955; x_wconf 85' lang='lat' dir='ltr'>eligendum</span> 
     </span>
     <span class='ocr_line' id='line_1_24' title="bbox 230 2994 431 3048; baseline -0.015 -1"><span class='ocrx_word' id='word_1_202' title='bbox 230 2994 431 3048; x_wconf 88' lang='lat' dir='ltr'>censerent.</span> 
     </span>
    </p>

    <p class='ocr_par' dir='ltr' id='par_1_4' title="bbox 229 3088 1464 3920">
     <span class='ocr_line' id='line_1_25' title="bbox 302 3088 1463 3169; baseline -0.001 -16"><span class='ocrx_word' id='word_1_203' title='bbox 302 3090 390 3153; x_wconf 82' lang='grc'><strong>1826.</strong></span> <span class='ocrx_word' id='word_1_204' title='bbox 432 3088 552 3155; x_wconf 90' lang='lat' dir='ltr'>Atilii</span> <span class='ocrx_word' id='word_1_205' title='bbox 575 3108 656 3155; x_wconf 90' lang='lat' dir='ltr'>cum</span> <span class='ocrx_word' id='word_1_206' title='bbox 680 3091 718 3155; x_wconf 92' lang='lat' dir='ltr'>P.</span> <span class='ocrx_word' id='word_1_207' title='bbox 738 3091 924 3155; x_wconf 88' lang='lat' dir='ltr'>Francisci</span> <span class='ocrx_word' id='word_1_208' title='bbox 948 3092 1168 3155; x_wconf 85' lang='lat' dir='ltr'>voluntatem</span> <span class='ocrx_word' id='word_1_209' title='bbox 1192 3099 1463 3169; x_wconf 85' lang='lat' dir='ltr'>cognoscerent,</span> 
     </span>
     <span class='ocr_line' id='line_1_26' title="bbox 232 3195 1464 3279; baseline -0.002 -19"><span class='ocrx_word' id='word_1_210' title='bbox 232 3198 383 3262; x_wconf 88' lang='lat' dir='ltr'>libenter</span> <span class='ocrx_word' id='word_1_211' title='bbox 397 3214 461 3261; x_wconf 90' lang='lat' dir='ltr'>suo</span> <span class='ocrx_word' id='word_1_212' title='bbox 477 3198 649 3279; x_wconf 85' lang='lat' dir='ltr'>suffragio</span> <span class='ocrx_word' id='word_1_213' title='bbox 665 3200 827 3263; x_wconf 88' lang='lat' dir='ltr'>eumdem</span> <span class='ocrx_word' id='word_1_214' title='bbox 841 3198 879 3263; x_wconf 94' lang='lat' dir='ltr'>P.</span> <span class='ocrx_word' id='word_1_215' title='bbox 901 3198 1130 3263; x_wconf 85' lang='lat' dir='ltr'>Melchiorem</span> <span class='ocrx_word' id='word_1_216' title='bbox 1144 3197 1190 3261; x_wconf 86' lang='lat' dir='ltr'>nd</span> <span class='ocrx_word' id='word_1_217' title='bbox 1211 3196 1364 3262; x_wconf 86' lang='lat' dir='ltr'>officium</span> <span class='ocrx_word' id='word_1_218' title='bbox 1378 3195 1464 3259; x_wconf 92' lang='lat' dir='ltr'>iilud</span> 
     </span>
     <span class='ocr_line' id='line_1_27' title="bbox 230 3303 1461 3385; baseline -0.002 -18"><span class='ocrx_word' id='word_1_219' title='bbox 230 3305 506 3385; x_wconf 88' lang='lat' dir='ltr'>promovebant;</span> <span class='ocrx_word' id='word_1_220' title='bbox 533 3305 595 3369; x_wconf 91' lang='lat' dir='ltr'>sed</span> <span class='ocrx_word' id='word_1_221' title='bbox 615 3305 714 3369; x_wconf 88' lang='lat' dir='ltr'>Goae</span> <span class='ocrx_word' id='word_1_222' title='bbox 734 3308 830 3370; x_wconf 87' lang='lat' dir='ltr'>nulla</span> <span class='ocrx_word' id='word_1_223' title='bbox 849 3305 1091 3385; x_wconf 77' lang='lat' dir='ltr'>congregatio</span> <span class='ocrx_word' id='word_1_224' title='bbox 1110 3304 1257 3368; x_wconf 87' lang='lat' dir='ltr'>Patrum</span> <span class='ocrx_word' id='word_1_225' title='bbox 1277 3303 1374 3367; x_wconf 85' lang='lat' dir='ltr'>facta</span> <span class='ocrx_word' id='word_1_226' title='bbox 1395 3314 1461 3379; x_wconf 91' lang='lat' dir='ltr'>est,</span> 
     </span>
     <span class='ocr_line' id='line_1_28' title="bbox 231 3409 1462 3492; baseline -0.002 -19"><span class='ocrx_word' id='word_1_227' title='bbox 231 3428 300 3474; x_wconf 89' lang='lat' dir='ltr'>nec</span> <span class='ocrx_word' id='word_1_228' title='bbox 315 3414 385 3474; x_wconf 86' lang='lat' dir='ltr'>ulla</span> <span class='ocrx_word' id='word_1_229' title='bbox 401 3412 526 3475; x_wconf 89' lang='lat' dir='ltr'>electio</span> <span class='ocrx_word' id='word_1_230' title='bbox 539 3410 691 3492; x_wconf 83' lang='lat' dir='ltr'>jnridicn</span> <span class='ocrx_word' id='word_1_231' title='bbox 711 3412 905 3490; x_wconf 88' lang='lat' dir='ltr'>celebrata,</span> <span class='ocrx_word' id='word_1_232' title='bbox 924 3410 1027 3491; x_wconf 87' lang='lat' dir='ltr'>juxta</span> <span class='ocrx_word' id='word_1_233' title='bbox 1046 3412 1202 3476; x_wconf 89' lang='lat' dir='ltr'>Litteras</span> <span class='ocrx_word' id='word_1_234' title='bbox 1223 3409 1462 3489; x_wconf 82' lang='lat' dir='ltr'>Apostolicas.</span> 
     </span>
     <span class='ocr_line' id='line_1_29' title="bbox 232 3512 1463 3597; baseline -0.002 -17"><span class='ocrx_word' id='word_1_235' title='bbox 232 3534 326 3597; x_wconf 85' lang='lat' dir='ltr'>quae</span> <span class='ocrx_word' id='word_1_236' title='bbox 349 3519 395 3582; x_wconf 87' lang='lat' dir='ltr'>ad</span> <span class='ocrx_word' id='word_1_237' title='bbox 413 3519 509 3581; x_wconf 88' lang='lat' dir='ltr'>illam</span> <span class='ocrx_word' id='word_1_238' title='bbox 529 3519 565 3583; x_wconf 91' lang='lat' dir='ltr'>in</span> <span class='ocrx_word' id='word_1_239' title='bbox 585 3518 683 3584; x_wconf 85' lang='lat' dir='ltr'>ludia</span> <span class='ocrx_word' id='word_1_240' title='bbox 703 3519 904 3583; x_wconf 85' lang='lat' dir='ltr'>faciendam</span> <span class='ocrx_word' id='word_1_241' title='bbox 925 3518 1135 3583; x_wconf 83' lang='lat' dir='ltr'>facultatem</span> <span class='ocrx_word' id='word_1_242' title='bbox 1155 3518 1356 3595; x_wconf 84' lang='lat' dir='ltr'>largiuntur</span> <span class='ocrx_word' id='word_1_243' title='bbox 1378 3512 1402 3575; x_wconf 84' lang='lat'>⁸.</span> <span class='ocrx_word' id='word_1_244' title='bbox 1418 3514 1463 3578; x_wconf 89' lang='lat' dir='ltr'>Et</span> 
     </span>
     <span class='ocr_line' id='line_1_30' title="bbox 229 3621 1464 3703; baseline -0.003 -16"><span class='ocrx_word' id='word_1_245' title='bbox 229 3624 282 3687; x_wconf 90' lang='lat' dir='ltr'>ita</span> <span class='ocrx_word' id='word_1_246' title='bbox 298 3641 378 3687; x_wconf 87' lang='lat' dir='ltr'>cum</span> <span class='ocrx_word' id='word_1_247' title='bbox 394 3626 563 3689; x_wconf 89' lang='lat' dir='ltr'>canonice</span> <span class='ocrx_word' id='word_1_248' title='bbox 578 3644 649 3690; x_wconf 91' lang='lat' dir='ltr'>non</span> <span class='ocrx_word' id='word_1_249' title='bbox 663 3636 756 3689; x_wconf 91' lang='lat' dir='ltr'>esset</span> <span class='ocrx_word' id='word_1_250' title='bbox 772 3628 904 3691; x_wconf 87' lang='lat' dir='ltr'>electus</span> <span class='ocrx_word' id='word_1_251' title='bbox 919 3626 955 3689; x_wconf 90' lang='lat' dir='ltr'>in</span> <span class='ocrx_word' id='word_1_252' title='bbox 970 3625 1241 3703; x_wconf 87' lang='lat' dir='ltr'>Provincialem,</span> <span class='ocrx_word' id='word_1_253' title='bbox 1257 3621 1376 3685; x_wconf 92' lang='lat' dir='ltr'>multis</span> <span class='ocrx_word' id='word_1_254' title='bbox 1391 3622 1464 3702; x_wconf 92' lang='lat' dir='ltr'>pri·</span> 
     </span>
     <span class='ocr_line' id='line_1_31' title="bbox 234 3730 1461 3813; baseline -0.002 -21"><span class='ocrx_word' id='word_1_255' title='bbox 234 3730 374 3811; x_wconf 83' lang='lat' dir='ltr'>vilegiis</span> <span class='ocrx_word' id='word_1_256' title='bbox 398 3732 544 3795; x_wconf 86' lang='lat' dir='ltr'>utinen</span> <span class='ocrx_word' id='word_1_257' title='bbox 569 3744 728 3813; x_wconf 84' lang='lat' dir='ltr'>poterat,</span> <span class='ocrx_word' id='word_1_258' title='bbox 753 3751 820 3797; x_wconf 89' lang='lat' dir='ltr'>nec</span> <span class='ocrx_word' id='word_1_259' title='bbox 845 3733 994 3797; x_wconf 89' lang='lat' dir='ltr'>subditis</span> <span class='ocrx_word' id='word_1_260' title='bbox 1019 3750 1063 3796; x_wconf 88' lang='lat' dir='ltr'>ea</span> <span class='ocrx_word' id='word_1_261' title='bbox 1085 3730 1366 3808; x_wconf 84' lang='lat' dir='ltr'>communicare,</span> <span class='ocrx_word' id='word_1_262' title='bbox 1393 3744 1461 3791; x_wconf 84' lang='lat' dir='ltr'>nee</span> 
     </span>
     <span class='ocr_line' id='line_1_32' title="bbox 229 3838 1303 3920; baseline -0.004 -19"><span class='ocrx_word' id='word_1_263' title='bbox 229 3838 315 3917; x_wconf 78' lang='lat' dir='ltr'>alia,</span> <span class='ocrx_word' id='word_1_264' title='bbox 332 3855 422 3917; x_wconf 81' lang='lat' dir='ltr'>quae</span> <span class='ocrx_word' id='word_1_265' title='bbox 438 3838 483 3902; x_wconf 89' lang='lat' dir='ltr'>ad</span> <span class='ocrx_word' id='word_1_266' title='bbox 498 3838 651 3903; x_wconf 86' lang='lat' dir='ltr'>officium</span> <span class='ocrx_word' id='word_1_267' title='bbox 666 3838 901 3904; x_wconf 91' lang='lat' dir='ltr'>Provincialis</span> <span class='ocrx_word' id='word_1_268' title='bbox 915 3840 1108 3920; x_wconf 89' lang='lat' dir='ltr'>pertinent,</span> <span class='ocrx_word' id='word_1_269' title='bbox 1123 3854 1303 3902; x_wconf 83' lang='lat' dir='ltr'>exercere.</span> 
     </span>
    </p>
   </div>
   <div class='ocr_carea' id='block_1_3' title="bbox 226 4076 1461 4639">
    <p class='ocr_par' dir='ltr' id='par_1_5' title="bbox 276 4076 1395 4137">
     <span class='ocr_line' id='line_1_33' title="bbox 276 4076 1395 4137; baseline 0.002 -17"><span class='ocrx_word' id='word_1_270' title='bbox 276 4076 285 4109; x_wconf 79' lang='grc'><strong>1</strong></span> <span class='ocrx_word' id='word_1_271' title='bbox 314 4076 381 4121; x_wconf 87' lang='lat' dir='ltr'>Vide</span> <span class='ocrx_word' id='word_1_272' title='bbox 391 4088 479 4132; x_wconf 76' lang='lat' dir='ltr'>supra,</span> <span class='ocrx_word' id='word_1_273' title='bbox 490 4086 509 4123; x_wconf 86' lang='lat' dir='ltr'>t.</span> <span class='ocrx_word' id='word_1_274' title='bbox 520 4090 547 4133; x_wconf 86' lang='lat' dir='ltr'>n,</span> <span class='ocrx_word' id='word_1_275' title='bbox 560 4092 618 4135; x_wconf 71' lang='lat' dir='ltr'>pag.</span> <span class='ocrx_word' id='word_1_276' title='bbox 629 4080 677 4132; x_wconf 85' lang='grc'><strong>731,</strong></span> <span class='ocrx_word' id='word_1_277' title='bbox 688 4093 711 4126; x_wconf 87' lang='lat' dir='ltr'>u.</span> <span class='ocrx_word' id='word_1_278' title='bbox 720 4080 769 4137; x_wconf 69' lang='lat' dir='ltr'>ste</span> <span class='ocrx_word' id='word_1_279' title='bbox 780 4088 805 4125; x_wconf 89' lang='lat' dir='ltr'>et</span> <span class='ocrx_word' id='word_1_280' title='bbox 816 4088 834 4125; x_wconf 92' lang='lat' dir='ltr'>t.</span> <span class='ocrx_word' id='word_1_281' title='bbox 845 4092 884 4135; x_wconf 84' lang='lat' dir='ltr'>ut,</span> <span class='ocrx_word' id='word_1_282' title='bbox 894 4092 955 4136; x_wconf 69' lang='lat' dir='ltr'>pap.</span> <span class='ocrx_word' id='word_1_283' title='bbox 965 4080 1014 4135; x_wconf 73' lang='grc'>486,</span> <span class='ocrx_word' id='word_1_284' title='bbox 1022 4092 1047 4124; x_wconf 91' lang='lat' dir='ltr'>n.</span> <span class='ocrx_word' id='word_1_285' title='bbox 1057 4080 1118 4135; x_wconf 56' lang='lat' dir='ltr'>1⁰3ss</span> <span class='ocrx_word' id='word_1_286' title='bbox 1129 4085 1155 4124; x_wconf 89' lang='lat' dir='ltr'>et</span> <span class='ocrx_word' id='word_1_287' title='bbox 1165 4089 1226 4134; x_wconf 69' lang='lat' dir='ltr'>paz.</span> <span class='ocrx_word' id='word_1_288' title='bbox 1236 4078 1286 4132; x_wconf 71' lang='lat'>⁴87,</span> <span class='ocrx_word' id='word_1_289' title='bbox 1295 4089 1321 4123; x_wconf 87' lang='lat' dir='ltr'>n.</span> <span class='ocrx_word' id='word_1_290' title='bbox 1331 4076 1395 4123; x_wconf 75' lang='lat' dir='ltr'>teet.</span> 
     </span>
    </p>

    <p class='ocr_par' dir='ltr' id='par_1_6' title="bbox 226 4146 1461 4352">
     <span class='ocr_line' id='line_1_34' title="bbox 271 4146 1461 4208; baseline 0.002 -18"><span class='ocrx_word' id='word_1_291' title='bbox 271 4148 282 4181; x_wconf 82' lang='lat'><strong>¹</strong></span> <span class='ocrx_word' id='word_1_292' title='bbox 310 4146 416 4193; x_wconf 81' lang='lat' dir='ltr'>Poterat</span> <span class='ocrx_word' id='word_1_293' title='bbox 427 4150 494 4194; x_wconf 88' lang='lat' dir='ltr'>enim</span> <span class='ocrx_word' id='word_1_294' title='bbox 505 4150 533 4195; x_wconf 90' lang='lat' dir='ltr'>P.</span> <span class='ocrx_word' id='word_1_295' title='bbox 549 4150 705 4197; x_wconf 81' lang='lat' dir='ltr'>Francistus</span> <span class='ocrx_word' id='word_1_296' title='bbox 718 4152 817 4197; x_wconf 82' lang='lat' dir='ltr'>Xavier</span> <span class='ocrx_word' id='word_1_297' title='bbox 832 4152 880 4197; x_wconf 88' lang='lat' dir='ltr'>sibi</span> <span class='ocrx_word' id='word_1_298' title='bbox 895 4153 1009 4208; x_wconf 86' lang='lat' dir='ltr'>aliquem</span> <span class='ocrx_word' id='word_1_299' title='bbox 1022 4151 1189 4203; x_wconf 78' lang='lat' dir='ltr'>substituere,</span> <span class='ocrx_word' id='word_1_300' title='bbox 1205 4149 1257 4205; x_wconf 86' lang='lat' dir='ltr'>qul,</span> <span class='ocrx_word' id='word_1_301' title='bbox 1271 4160 1333 4193; x_wconf 73' lang='lat' dir='ltr'>susa</span> <span class='ocrx_word' id='word_1_302' title='bbox 1342 4148 1461 4193; x_wconf 78' lang='lat' dir='ltr'>absentis</span> 
     </span>
     <span class='ocr_line' id='line_1_35' title="bbox 227 4218 1460 4275; baseline 0.003 -14"><span class='ocrx_word' id='word_1_303' title='bbox 227 4218 302 4262; x_wconf 63' lang='lat' dir='ltr'>vices</span> <span class='ocrx_word' id='word_1_304' title='bbox 317 4220 342 4261; x_wconf 91' lang='lat' dir='ltr'>in</span> <span class='ocrx_word' id='word_1_305' title='bbox 357 4218 430 4264; x_wconf 78' lang='lat' dir='ltr'>lndie</span> <span class='ocrx_word' id='word_1_306' title='bbox 445 4222 733 4275; x_wconf 72' lang='lat' dir='ltr'>1crens,Pruvinelnlls</span> <span class='ocrx_word' id='word_1_307' title='bbox 747 4236 838 4269; x_wconf 82' lang='lat' dir='ltr'>munus</span> <span class='ocrx_word' id='word_1_308' title='bbox 853 4232 990 4268; x_wconf 80' lang='lat' dir='ltr'>exerceret</span> <span class='ocrx_word' id='word_1_309' title='bbox 1007 4232 1032 4269; x_wconf 91' lang='lat' dir='ltr'>et</span> <span class='ocrx_word' id='word_1_310' title='bbox 1049 4224 1208 4268; x_wconf 85' lang='lat' dir='ltr'>auctoritate</span> <span class='ocrx_word' id='word_1_311' title='bbox 1226 4222 1390 4275; x_wconf 60' lang='lat' dir='ltr'>fungentum</span> <span class='ocrx_word' id='word_1_312' title='bbox 1410 4232 1460 4265; x_wconf 90' lang='lat' dir='ltr'>non</span> 
     </span>
     <span class='ocr_line' id='line_1_36' title="bbox 226 4296 1037 4352; baseline 0.005 -15"><span class='ocrx_word' id='word_1_313' title='bbox 226 4300 315 4337; x_wconf 71' lang='lat' dir='ltr'>umen</span> <span class='ocrx_word' id='word_1_314' title='bbox 325 4300 430 4346; x_wconf 87' lang='lat' dir='ltr'>poternt</span> <span class='ocrx_word' id='word_1_315' title='bbox 440 4304 615 4339; x_wconf 75' lang='lat' dir='ltr'>successorem</span> <span class='ocrx_word' id='word_1_316' title='bbox 626 4296 684 4352; x_wconf 83' lang='lat' dir='ltr'>sibi,</span> <span class='ocrx_word' id='word_1_317' title='bbox 694 4297 715 4341; x_wconf 85' lang='lat' dir='ltr'>sl</span> <span class='ocrx_word' id='word_1_318' title='bbox 727 4306 879 4351; x_wconf 86' lang='lat' dir='ltr'>moreretur,</span> <span class='ocrx_word' id='word_1_319' title='bbox 891 4296 1037 4352; x_wconf 74' lang='lat' dir='ltr'>designare.</span> 
     </span>
    </p>

    <p class='ocr_par' dir='ltr' id='par_1_7' title="bbox 268 4362 789 4423">
     <span class='ocr_line' id='line_1_37' title="bbox 268 4362 789 4423; baseline 0.017 -18"><span class='ocrx_word' id='word_1_320' title='bbox 268 4362 280 4395; x_wconf 78' lang='lat'><strong>³</strong></span> <span class='ocrx_word' id='word_1_321' title='bbox 308 4362 375 4408; x_wconf 86' lang='lat' dir='ltr'>Vide</span> <span class='ocrx_word' id='word_1_322' title='bbox 386 4376 474 4419; x_wconf 83' lang='lat' dir='ltr'>supra,</span> <span class='ocrx_word' id='word_1_323' title='bbox 487 4374 505 4409; x_wconf 89' lang='lat' dir='ltr'>t.</span> <span class='ocrx_word' id='word_1_324' title='bbox 516 4376 553 4421; x_wconf 83' lang='lat' dir='ltr'>in,</span> <span class='ocrx_word' id='word_1_325' title='bbox 564 4378 625 4423; x_wconf 69' lang='lat' dir='ltr'>paz.</span> <span class='ocrx_word' id='word_1_326' title='bbox 634 4368 682 4420; x_wconf 78' lang='lat' dir='ltr'>tto.</span> <span class='ocrx_word' id='word_1_327' title='bbox 693 4380 717 4413; x_wconf 86' lang='lat' dir='ltr'>n.</span> <span class='ocrx_word' id='word_1_328' title='bbox 729 4368 789 4415; x_wconf 76' lang='lat'>1032.</span> 
     </span>
    </p>

    <p class='ocr_par' dir='ltr' id='par_1_8' title="bbox 269 4436 841 4494">
     <span class='ocr_line' id='line_1_38' title="bbox 269 4436 841 4494; baseline 0.012 -15"><span class='ocrx_word' id='word_1_329' title='bbox 269 4436 281 4469; x_wconf 77' lang='lat'><strong>⁴</strong></span> <span class='ocrx_word' id='word_1_330' title='bbox 308 4436 336 4480; x_wconf 88' lang='lat' dir='ltr'>P.</span> <span class='ocrx_word' id='word_1_331' title='bbox 346 4436 480 4490; x_wconf 85' lang='lat' dir='ltr'>Alphonso</span> <span class='ocrx_word' id='word_1_332' title='bbox 490 4436 630 4494; x_wconf 79' lang='lat' dir='ltr'>Cypriane,</span> <span class='ocrx_word' id='word_1_333' title='bbox 642 4440 708 4485; x_wconf 78' lang='lat' dir='ltr'>elias</span> <span class='ocrx_word' id='word_1_334' title='bbox 719 4440 841 4485; x_wconf 79' lang='lat' dir='ltr'>Cebrfan.</span> 
     </span>
    </p>

    <p class='ocr_par' dir='ltr' id='par_1_9' title="bbox 227 4506 1459 4639">
     <span class='ocr_line' id='line_1_39' title="bbox 268 4506 1459 4568; baseline 0.004 -18"><span class='ocrx_word' id='word_1_335' title='bbox 268 4506 280 4539; x_wconf 77' lang='lat'>⁵</span> <span class='ocrx_word' id='word_1_336' title='bbox 307 4506 353 4553; x_wconf 77' lang='lat' dir='ltr'>Me.</span> <span class='ocrx_word' id='word_1_337' title='bbox 364 4508 684 4566; x_wconf 63' lang='lat' dir='ltr'>largitum-“Praeposito</span> <span class='ocrx_word' id='word_1_338' title='bbox 696 4512 863 4568; x_wconf 82' lang='lat' dir='ltr'>Provincialf,</span> <span class='ocrx_word' id='word_1_339' title='bbox 874 4514 900 4557; x_wconf 89' lang='lat' dir='ltr'>in</span> <span class='ocrx_word' id='word_1_340' title='bbox 911 4513 963 4557; x_wconf 80' lang='lat' dir='ltr'>illle</span> <span class='ocrx_word' id='word_1_341' title='bbox 972 4512 1119 4567; x_wconf 72' lang='lat' dir='ltr'>longinquis</span> <span class='ocrx_word' id='word_1_342' title='bbox 1125 4513 1244 4564; x_wconf 70' lang='lat' dir='ltr'>pertibus</span> <span class='ocrx_word' id='word_1_343' title='bbox 1253 4512 1412 4565; x_wconf 79' lang='lat' dir='ltr'>(infidelium)</span> <span class='ocrx_word' id='word_1_344' title='bbox 1418 4522 1459 4555; x_wconf 91' lang='lat' dir='ltr'>re·</span> 
     </span>
     <span class='ocr_line' id='line_1_40' title="bbox 227 4578 1459 4639; baseline 0.005 -18"><span class='ocrx_word' id='word_1_345' title='bbox 227 4578 340 4629; x_wconf 82' lang='lat' dir='ltr'>sidente,</span> <span class='ocrx_word' id='word_1_346' title='bbox 351 4580 501 4634; x_wconf 86' lang='lat' dir='ltr'>decedente,</span> <span class='ocrx_word' id='word_1_347' title='bbox 513 4580 616 4627; x_wconf 84' lang='lat' dir='ltr'>interim</span> <span class='ocrx_word' id='word_1_348' title='bbox 627 4584 687 4627; x_wconf 85' lang='lat' dir='ltr'>dnm</span> <span class='ocrx_word' id='word_1_349' title='bbox 697 4585 765 4629; x_wconf 85' lang='lat' dir='ltr'>allus</span> <span class='ocrx_word' id='word_1_350' title='bbox 773 4596 820 4639; x_wconf 89' lang='lat' dir='ltr'>per</span> <span class='ocrx_word' id='word_1_351' title='bbox 831 4584 985 4629; x_wconf 81' lang='lat' dir='ltr'>Generulem</span> <span class='ocrx_word' id='word_1_352' title='bbox 995 4583 1177 4639; x_wconf 74' lang='lat' dir='ltr'>Praepositum</span> <span class='ocrx_word' id='word_1_353' title='bbox 1186 4584 1299 4629; x_wconf 86' lang='lat' dir='ltr'>mittitur</span> <span class='ocrx_word' id='word_1_354' title='bbox 1309 4586 1365 4629; x_wconf 87' lang='lat' dir='ltr'>ioco</span> <span class='ocrx_word' id='word_1_355' title='bbox 1378 4584 1459 4628; x_wconf 78' lang='lat' dir='ltr'>Prec-</span> 
     </span>
    </p>
   </div>
   <div class='ocr_carea' id='block_1_4' title="bbox 229 4650 1459 4776">
    <p class='ocr_par' dir='ltr' id='par_1_10' title="bbox 229 4650 1459 4776">
     <span class='ocr_line' id='line_1_41' title="bbox 229 4650 1459 4711; baseline 0.004 -17"><span class='ocrx_word' id='word_1_356' title='bbox 229 4650 309 4703; x_wconf 81' lang='lat' dir='ltr'>poelti</span> <span class='ocrx_word' id='word_1_357' title='bbox 319 4652 357 4695; x_wconf 78' lang='lat' dir='ltr'>eie</span> <span class='ocrx_word' id='word_1_358' title='bbox 370 4652 526 4703; x_wconf 82' lang='lat' dir='ltr'>decedentis,</span> <span class='ocrx_word' id='word_1_359' title='bbox 537 4654 616 4698; x_wconf 90' lang='lat' dir='ltr'>alium</span> <span class='ocrx_word' id='word_1_360' title='bbox 627 4655 724 4709; x_wconf 75' lang='lat' dir='ltr'>eligere</span> <span class='ocrx_word' id='word_1_361' title='bbox 732 4656 812 4701; x_wconf 87' lang='lat' dir='ltr'>libere</span> <span class='ocrx_word' id='word_1_362' title='bbox 824 4663 850 4701; x_wconf 91' lang='lat' dir='ltr'>et</span> <span class='ocrx_word' id='word_1_363' title='bbox 861 4658 931 4701; x_wconf 90' lang='lat' dir='ltr'>licite</span> <span class='ocrx_word' id='word_1_364' title='bbox 943 4658 1072 4711; x_wconf 74' lang='lat' dir='ltr'>valeant,</span> <span class='ocrx_word' id='word_1_365' title='bbox 1083 4656 1184 4701; x_wconf 72' lang='lat' dir='ltr'>Paetus</span> <span class='ocrx_word' id='word_1_366' title='bbox 1193 4656 1239 4711; x_wconf 87' lang='lat'>111,</span> <span class='ocrx_word' id='word_1_367' title='bbox 1255 4656 1366 4701; x_wconf 79' lang='lat' dir='ltr'>Cenetlt.</span> <span class='ocrx_word' id='word_1_368' title='bbox 1377 4656 1459 4700; x_wconf 70' lang='lat' dir='ltr'>Licea</span> 
     </span>
     <span class='ocr_line' id='line_1_42' title="bbox 229 4720 618 4776; baseline 0.008 -11"><span class='ocrx_word' id='word_1_369' title='bbox 229 4720 355 4776; x_wconf 73' lang='lat' dir='ltr'>Destruit,</span> <span class='ocrx_word' id='word_1_370' title='bbox 366 4735 401 4767; x_wconf 81' lang='lat' dir='ltr'>xv</span> <span class='ocrx_word' id='word_1_371' title='bbox 412 4722 469 4767; x_wconf 81' lang='lat' dir='ltr'>Kal.</span> <span class='ocrx_word' id='word_1_372' title='bbox 478 4722 544 4767; x_wconf 87' lang='lat' dir='ltr'>Nev.</span> <span class='ocrx_word' id='word_1_373' title='bbox 556 4726 618 4769; x_wconf 82' lang='lat' dir='ltr'>15l9.</span> 
     </span>
    </p>
   </div>
   <div class='ocr_carea' id='block_1_5' title="bbox 0 0 1864 5400">
    <p class='ocr_par' dir='ltr' id='par_1_11' title="bbox 0 0 1864 5400">
     <span class='ocr_line' id='line_1_43' title="bbox 0 0 1864 5400; baseline 0 1"><span class='ocrx_word' id='word_1_374' title='bbox 0 0 1864 5400; x_wconf 95' lang='lat' dir='ltr'> </span> 
     </span>
    </p>
   </div>
  </div>
 </body>
</html>
