<?xml version="1.0" encoding="UTF-8"?>
<!DOCTYPE html PUBLIC "-//W3C//DTD XHTML 1.0 Transitional//EN"
    "http://www.w3.org/TR/xhtml1/DTD/xhtml1-transitional.dtd">
<html xmlns="http://www.w3.org/1999/xhtml" xml:lang="en" lang="en">
 <head>
  <title>
</title>
<meta http-equiv="Content-Type" content="text/html;charset=utf-8" />
  <meta name='ocr-system' content='tesseract 3.04.00' />
  <meta name='ocr-capabilities' content='ocr_page ocr_carea ocr_par ocr_line ocrx_word'/>
</head>
<body>
  <div class='ocr_page' id='page_1' title='image "./vitaignatiiloio01polagoog_0075.png"; bbox 0 0 3717 5400; ppageno 0'>
   <div class='ocr_carea' id='block_1_1' title="bbox 838 492 1533 554">
    <p class='ocr_par' dir='ltr' id='par_1_1' title="bbox 838 492 1533 554">
     <span class='ocr_line' id='line_1_1' title="bbox 838 492 1533 554; baseline -0.003 -2"><span class='ocrx_word' id='word_1_1' title='bbox 838 494 900 552; x_wconf 83' lang='lat' dir='ltr'>Au.</span> <span class='ocrx_word' id='word_1_2' title='bbox 928 495 998 554; x_wconf 76' lang='lat'>1555</span> <span class='ocrx_word' id='word_1_3' title='bbox 1495 492 1533 551; x_wconf 78' lang='lat'>69</span> 
     </span>
    </p>
   </div>
   <div class='ocr_carea' id='block_1_2' title="bbox 294 638 1532 4252">
    <p class='ocr_par' dir='ltr' id='par_1_2' title="bbox 294 638 1532 1789">
     <span class='ocr_line' id='line_1_2' title="bbox 297 638 1531 720; baseline -0.003 -16"><span class='ocrx_word' id='word_1_4' title='bbox 297 639 484 720; x_wconf 87' lang='lat' dir='ltr'>cujusdam</span> <span class='ocrx_word' id='word_1_5' title='bbox 499 642 605 704; x_wconf 87' lang='lat' dir='ltr'>etiam</span> <span class='ocrx_word' id='word_1_6' title='bbox 623 639 840 704; x_wconf 90' lang='lat' dir='ltr'>Marchionis</span> <span class='ocrx_word' id='word_1_7' title='bbox 862 650 896 702; x_wconf 92' lang='lat' dir='ltr'>et</span> <span class='ocrx_word' id='word_1_8' title='bbox 917 641 1064 704; x_wconf 92' lang='lat' dir='ltr'>alterius</span> <span class='ocrx_word' id='word_1_9' title='bbox 1079 638 1227 703; x_wconf 90' lang='lat' dir='ltr'>Comitis</span> <span class='ocrx_word' id='word_1_10' title='bbox 1248 647 1282 701; x_wconf 89' lang='lat' dir='ltr'>et</span> <span class='ocrx_word' id='word_1_11' title='bbox 1297 639 1531 718; x_wconf 91' lang='lat' dir='ltr'>complurium</span> 
     </span>
     <span class='ocr_line' id='line_1_3' title="bbox 298 745 1531 829; baseline -0.003 -19"><span class='ocrx_word' id='word_1_12' title='bbox 298 748 469 810; x_wconf 89' lang='lat' dir='ltr'>nobilium</span> <span class='ocrx_word' id='word_1_13' title='bbox 483 745 555 826; x_wconf 88' lang='lat' dir='ltr'>filii,</span> <span class='ocrx_word' id='word_1_14' title='bbox 572 749 632 829; x_wconf 91' lang='lat' dir='ltr'>qui</span> <span class='ocrx_word' id='word_1_15' title='bbox 647 748 754 812; x_wconf 91' lang='lat' dir='ltr'>studii</span> <span class='ocrx_word' id='word_1_16' title='bbox 769 748 886 827; x_wconf 86' lang='lat' dir='ltr'>gratia</span> <span class='ocrx_word' id='word_1_17' title='bbox 902 747 1042 810; x_wconf 90' lang='lat' dir='ltr'>adeam</span> <span class='ocrx_word' id='word_1_18' title='bbox 1061 747 1329 810; x_wconf 87' lang='lat' dir='ltr'>universitatem</span> <span class='ocrx_word' id='word_1_19' title='bbox 1345 755 1531 823; x_wconf 89' lang='lat' dir='ltr'>venerant;</span> 
     </span>
     <span class='ocr_line' id='line_1_4' title="bbox 298 852 1529 935; baseline -0.002 -18"><span class='ocrx_word' id='word_1_20' title='bbox 298 865 334 917; x_wconf 90' lang='lat' dir='ltr'>et</span> <span class='ocrx_word' id='word_1_21' title='bbox 349 871 472 918; x_wconf 91' lang='lat' dir='ltr'>omnes</span> <span class='ocrx_word' id='word_1_22' title='bbox 488 854 561 919; x_wconf 81' lang='lat' dir='ltr'>sere</span> <span class='ocrx_word' id='word_1_23' title='bbox 577 864 719 919; x_wconf 90' lang='lat' dir='ltr'>centum</span> <span class='ocrx_word' id='word_1_24' title='bbox 733 873 882 919; x_wconf 91' lang='lat' dir='ltr'>numero</span> <span class='ocrx_word' id='word_1_25' title='bbox 905 866 1019 932; x_wconf 89' lang='lat' dir='ltr'>erant,</span> <span class='ocrx_word' id='word_1_26' title='bbox 1040 863 1183 935; x_wconf 89' lang='lat' dir='ltr'>praeter</span> <span class='ocrx_word' id='word_1_27' title='bbox 1207 863 1410 916; x_wconf 89' lang='lat' dir='ltr'>nostrarum</span> <span class='ocrx_word' id='word_1_28' title='bbox 1430 852 1529 915; x_wconf 92' lang='lat' dir='ltr'>scho-</span> 
     </span>
     <span class='ocr_line' id='line_1_5' title="bbox 297 959 1530 1042; baseline -0.002 -18"><span class='ocrx_word' id='word_1_29' title='bbox 297 962 415 1025; x_wconf 91' lang='lat' dir='ltr'>larum</span> <span class='ocrx_word' id='word_1_30' title='bbox 434 962 657 1041; x_wconf 88' lang='lat' dir='ltr'>privatarum</span> <span class='ocrx_word' id='word_1_31' title='bbox 678 963 869 1041; x_wconf 89' lang='lat' dir='ltr'>auditores,</span> <span class='ocrx_word' id='word_1_32' title='bbox 897 980 989 1042; x_wconf 91' lang='lat' dir='ltr'>quae</span> <span class='ocrx_word' id='word_1_33' title='bbox 1013 962 1069 1026; x_wconf 84' lang='lat' dir='ltr'>his</span> <span class='ocrx_word' id='word_1_34' title='bbox 1084 961 1233 1041; x_wconf 87' lang='lat' dir='ltr'><strong>publicis</strong></span> <span class='ocrx_word' id='word_1_35' title='bbox 1248 959 1458 1040; x_wconf 75' lang='lat' dir='ltr'>conjunctae</span> <span class='ocrx_word' id='word_1_36' title='bbox 1473 962 1530 1023; x_wconf 93' lang='lat' dir='ltr'>vel</span> 
     </span>
     <span class='ocr_line' id='line_1_6' title="bbox 300 1067 1532 1149; baseline -0.003 -17"><span class='ocrx_word' id='word_1_37' title='bbox 300 1069 491 1148; x_wconf 84' lang='lat' dir='ltr'>contiguae</span> <span class='ocrx_word' id='word_1_38' title='bbox 507 1079 626 1149; x_wconf 89' lang='lat' dir='ltr'>erant;</span> <span class='ocrx_word' id='word_1_39' title='bbox 647 1082 682 1133; x_wconf 91' lang='lat' dir='ltr'>et</span> <span class='ocrx_word' id='word_1_40' title='bbox 702 1087 783 1133; x_wconf 91' lang='lat' dir='ltr'>cum</span> <span class='ocrx_word' id='word_1_41' title='bbox 798 1070 1034 1133; x_wconf 81' lang='lat' dir='ltr'>admiratione</span> <span class='ocrx_word' id='word_1_42' title='bbox 1048 1070 1311 1133; x_wconf 79' lang='lat' dir='ltr'>adolescentem</span> <span class='ocrx_word' id='word_1_43' title='bbox 1327 1067 1442 1129; x_wconf 89' lang='lat' dir='ltr'>adhuc</span> <span class='ocrx_word' id='word_1_44' title='bbox 1458 1084 1532 1129; x_wconf 89' lang='lat' dir='ltr'>ma-</span> 
     </span>
     <span class='ocr_line' id='line_1_7' title="bbox 297 1175 1531 1258; baseline -0.002 -20"><span class='ocrx_word' id='word_1_45' title='bbox 297 1175 451 1254; x_wconf 86' lang='lat' dir='ltr'>gistrum</span> <span class='ocrx_word' id='word_1_46' title='bbox 464 1176 638 1258; x_wconf 91' lang='lat' dir='ltr'>Joannem</span> <span class='ocrx_word' id='word_1_47' title='bbox 653 1175 848 1241; x_wconf 88' lang='lat' dir='ltr'>Antonium</span> <span class='ocrx_word' id='word_1_48' title='bbox 863 1177 1066 1254; x_wconf 86' lang='lat' dir='ltr'>audiebant,</span> <span class='ocrx_word' id='word_1_49' title='bbox 1082 1185 1116 1239; x_wconf 94' lang='lat' dir='ltr'>et</span> <span class='ocrx_word' id='word_1_50' title='bbox 1135 1175 1204 1255; x_wconf 88' lang='lat' dir='ltr'>ipsi</span> <span class='ocrx_word' id='word_1_51' title='bbox 1225 1176 1331 1237; x_wconf 88' lang='lat' dir='ltr'>etiam</span> <span class='ocrx_word' id='word_1_52' title='bbox 1356 1175 1531 1254; x_wconf 82' lang='lat' dir='ltr'>professo·</span> 
     </span>
     <span class='ocr_line' id='line_1_8' title="bbox 297 1282 1528 1364; baseline 0 -20"><span class='ocrx_word' id='word_1_53' title='bbox 297 1299 357 1346; x_wconf 91' lang='lat' dir='ltr'>res</span> <span class='ocrx_word' id='word_1_54' title='bbox 381 1284 629 1346; x_wconf 85' lang='lat' dir='ltr'>humaniorum</span> <span class='ocrx_word' id='word_1_55' title='bbox 651 1285 848 1347; x_wconf 88' lang='lat' dir='ltr'>litterarum</span> <span class='ocrx_word' id='word_1_56' title='bbox 869 1301 1085 1364; x_wconf 86' lang='lat' dir='ltr'>magnopere</span> <span class='ocrx_word' id='word_1_57' title='bbox 1109 1282 1317 1363; x_wconf 87' lang='lat' dir='ltr'>probabant,</span> <span class='ocrx_word' id='word_1_58' title='bbox 1342 1299 1385 1344; x_wconf 90' lang='lat' dir='ltr'>ac</span> <span class='ocrx_word' id='word_1_59' title='bbox 1404 1298 1528 1344; x_wconf 88' lang='lat' dir='ltr'>senon</span> 
     </span>
     <span class='ocr_line' id='line_1_9' title="bbox 296 1389 1528 1454; baseline 0 -4"><span class='ocrx_word' id='word_1_60' title='bbox 296 1389 522 1452; x_wconf 85' lang='lat' dir='ltr'>existimasse</span> <span class='ocrx_word' id='word_1_61' title='bbox 537 1391 739 1454; x_wconf 82' lang='lat' dir='ltr'>fatebantur</span> <span class='ocrx_word' id='word_1_62' title='bbox 754 1401 875 1454; x_wconf 89' lang='lat' dir='ltr'>tantae</span> <span class='ocrx_word' id='word_1_63' title='bbox 886 1390 1094 1453; x_wconf 86' lang='lat' dir='ltr'>eruditionis</span> <span class='ocrx_word' id='word_1_64' title='bbox 1104 1399 1184 1452; x_wconf 88' lang='lat' dir='ltr'>esse</span> <span class='ocrx_word' id='word_1_65' title='bbox 1194 1389 1344 1452; x_wconf 89' lang='lat' dir='ltr'>clericos</span> <span class='ocrx_word' id='word_1_66' title='bbox 1359 1389 1528 1451; x_wconf 84' lang='lat' dir='ltr'>reforma-</span> 
     </span>
     <span class='ocr_line' id='line_1_10' title="bbox 296 1493 1530 1577; baseline 0 -19"><span class='ocrx_word' id='word_1_67' title='bbox 296 1506 354 1558; x_wconf 92' lang='lat' dir='ltr'>tos</span> <span class='ocrx_word' id='word_1_68' title='bbox 369 1496 431 1572; x_wconf 92' lang='lat' dir='ltr'>(sic</span> <span class='ocrx_word' id='word_1_69' title='bbox 447 1497 541 1559; x_wconf 91' lang='lat' dir='ltr'>enirn</span> <span class='ocrx_word' id='word_1_70' title='bbox 553 1509 695 1560; x_wconf 90' lang='lat' dir='ltr'>nostros</span> <span class='ocrx_word' id='word_1_71' title='bbox 709 1498 912 1574; x_wconf 86' lang='lat' dir='ltr'>vocabant).</span> <span class='ocrx_word' id='word_1_72' title='bbox 931 1496 1164 1577; x_wconf 82' lang='lat' dir='ltr'>Magistratus</span> <span class='ocrx_word' id='word_1_73' title='bbox 1179 1506 1297 1558; x_wconf 91' lang='lat' dir='ltr'>autem</span> <span class='ocrx_word' id='word_1_74' title='bbox 1316 1506 1351 1558; x_wconf 92' lang='lat' dir='ltr'>et</span> <span class='ocrx_word' id='word_1_75' title='bbox 1367 1498 1441 1575; x_wconf 91' lang='lat' dir='ltr'>ipse</span> <span class='ocrx_word' id='word_1_76' title='bbox 1457 1493 1530 1559; x_wconf 90' lang='lat' dir='ltr'>Gu-</span> 
     </span>
     <span class='ocr_line' id='line_1_11' title="bbox 294 1603 1525 1682; baseline 0.001 -18"><span class='ocrx_word' id='word_1_77' title='bbox 294 1603 465 1665; x_wconf 87' lang='lat' dir='ltr'>bernator</span> <span class='ocrx_word' id='word_1_78' title='bbox 479 1621 561 1667; x_wconf 90' lang='lat' dir='ltr'>cum</span> <span class='ocrx_word' id='word_1_79' title='bbox 575 1605 758 1667; x_wconf 90' lang='lat' dir='ltr'>canonicis</span> <span class='ocrx_word' id='word_1_80' title='bbox 772 1615 807 1668; x_wconf 91' lang='lat' dir='ltr'>et</span> <span class='ocrx_word' id='word_1_81' title='bbox 822 1604 1026 1668; x_wconf 91' lang='lat' dir='ltr'>doctoribus</span> <span class='ocrx_word' id='word_1_82' title='bbox 1047 1614 1082 1666; x_wconf 92' lang='lat' dir='ltr'>et</span> <span class='ocrx_word' id='word_1_83' title='bbox 1109 1604 1198 1680; x_wconf 84' lang='lat' dir='ltr'>aliis,</span> <span class='ocrx_word' id='word_1_84' title='bbox 1224 1605 1285 1682; x_wconf 92' lang='lat' dir='ltr'>qui</span> <span class='ocrx_word' id='word_1_85' title='bbox 1309 1604 1462 1682; x_wconf 89' lang='lat' dir='ltr'>primam</span> <span class='ocrx_word' id='word_1_86' title='bbox 1479 1603 1525 1665; x_wconf 91' lang='lat' dir='ltr'>le·</span> 
     </span>
     <span class='ocr_line' id='line_1_12' title="bbox 297 1710 1321 1789; baseline 0.002 -17"><span class='ocrx_word' id='word_1_87' title='bbox 297 1710 452 1773; x_wconf 89' lang='lat' dir='ltr'>ctionem</span> <span class='ocrx_word' id='word_1_88' title='bbox 467 1711 666 1789; x_wconf 88' lang='lat' dir='ltr'>audierunt,</span> <span class='ocrx_word' id='word_1_89' title='bbox 683 1713 816 1775; x_wconf 89' lang='lat' dir='ltr'>nullum</span> <span class='ocrx_word' id='word_1_90' title='bbox 832 1711 938 1776; x_wconf 87' lang='lat' dir='ltr'>finem</span> <span class='ocrx_word' id='word_1_91' title='bbox 952 1712 1119 1775; x_wconf 90' lang='lat' dir='ltr'>laudandi</span> <span class='ocrx_word' id='word_1_92' title='bbox 1133 1711 1321 1774; x_wconf 84' lang='lat' dir='ltr'>iaciebant.</span> 
     </span>
    </p>

    <p class='ocr_par' dir='ltr' id='par_1_3' title="bbox 296 1817 1530 2969">
     <span class='ocr_line' id='line_1_13' title="bbox 362 1817 1526 1900; baseline 0.003 -21"><span class='ocrx_word' id='word_1_93' title='bbox 362 1819 430 1880; x_wconf 82' lang='lat'><strong>155.</strong></span> <span class='ocrx_word' id='word_1_94' title='bbox 473 1817 511 1881; x_wconf 88' lang='grc' dir='ltr'>Ρ.</span> <span class='ocrx_word' id='word_1_95' title='bbox 538 1818 664 1883; x_wconf 87' lang='lat' dir='ltr'>Petrus</span> <span class='ocrx_word' id='word_1_96' title='bbox 693 1819 957 1900; x_wconf 88' lang='lat' dir='ltr'>Ribadeneyra,</span> <span class='ocrx_word' id='word_1_97' title='bbox 981 1819 1127 1883; x_wconf 83' lang='lat' dir='ltr'>Petusio</span> <span class='ocrx_word' id='word_1_98' title='bbox 1152 1819 1343 1893; x_wconf 88' lang='lat' dir='ltr'>transiens,</span> <span class='ocrx_word' id='word_1_99' title='bbox 1376 1820 1526 1882; x_wconf 85' lang='lat' dir='ltr'>eumad</span> 
     </span>
     <span class='ocr_line' id='line_1_14' title="bbox 297 1921 1524 2007; baseline 0.001 -20"><span class='ocrx_word' id='word_1_100' title='bbox 297 1921 445 1988; x_wconf 89' lang='lat' dir='ltr'>Curiam</span> <span class='ocrx_word' id='word_1_101' title='bbox 459 1925 688 2007; x_wconf 90' lang='lat' dir='ltr'>Imperatoris</span> <span class='ocrx_word' id='word_1_102' title='bbox 707 1928 904 1990; x_wconf 88' lang='lat' dir='ltr'>mitteretur</span> <span class='ocrx_word' id='word_1_103' title='bbox 919 1928 1023 1990; x_wconf 90' lang='lat' dir='ltr'>simul</span> <span class='ocrx_word' id='word_1_104' title='bbox 1048 1943 1128 1990; x_wconf 90' lang='lat' dir='ltr'>cum</span> <span class='ocrx_word' id='word_1_105' title='bbox 1150 1926 1303 2006; x_wconf 90' lang='lat' dir='ltr'>quinque</span> <span class='ocrx_word' id='word_1_106' title='bbox 1329 1926 1407 1988; x_wconf 88' lang='lat' dir='ltr'>aliis</span> <span class='ocrx_word' id='word_1_107' title='bbox 1424 1925 1445 2005; x_wconf 75' lang='lat'>¹3</span> <span class='ocrx_word' id='word_1_108' title='bbox 1461 1924 1524 1988; x_wconf 87' lang='lat' dir='ltr'>Pa-</span> 
     </span>
     <span class='ocr_line' id='line_1_15' title="bbox 297 2032 1530 2115; baseline 0.001 -22"><span class='ocrx_word' id='word_1_109' title='bbox 297 2047 354 2094; x_wconf 88' lang='lat' dir='ltr'>ter</span> <span class='ocrx_word' id='word_1_110' title='bbox 368 2033 475 2095; x_wconf 89' lang='lat' dir='ltr'>etiam</span> <span class='ocrx_word' id='word_1_111' title='bbox 494 2033 642 2112; x_wconf 88' lang='lat' dir='ltr'>Natalis,</span> <span class='ocrx_word' id='word_1_112' title='bbox 660 2035 718 2115; x_wconf 93' lang='lat' dir='ltr'>qui</span> <span class='ocrx_word' id='word_1_113' title='bbox 744 2035 779 2097; x_wconf 92' lang='lat' dir='ltr'>in</span> <span class='ocrx_word' id='word_1_114' title='bbox 793 2034 1003 2114; x_wconf 90' lang='lat' dir='ltr'>Hispaniam</span> <span class='ocrx_word' id='word_1_115' title='bbox 1028 2034 1096 2096; x_wconf 91' lang='lat' dir='ltr'>hoc</span> <span class='ocrx_word' id='word_1_116' title='bbox 1121 2042 1290 2096; x_wconf 88' lang='lat' dir='ltr'>autumno</span> <span class='ocrx_word' id='word_1_117' title='bbox 1317 2049 1397 2096; x_wconf 92' lang='lat' dir='ltr'>cum</span> <span class='ocrx_word' id='word_1_118' title='bbox 1419 2032 1530 2095; x_wconf 89' lang='lat' dir='ltr'>sociis</span> 
     </span>
     <span class='ocr_line' id='line_1_16' title="bbox 297 2137 1527 2221; baseline 0.001 -20"><span class='ocrx_word' id='word_1_119' title='bbox 297 2137 348 2216; x_wconf 92' lang='lat' dir='ltr'>(ut</span> <span class='ocrx_word' id='word_1_120' title='bbox 364 2140 526 2218; x_wconf 90' lang='lat' dir='ltr'>superius</span> <span class='ocrx_word' id='word_1_121' title='bbox 539 2140 692 2204; x_wconf 85' lang='lat' dir='ltr'>diximus</span> <span class='ocrx_word' id='word_1_122' title='bbox 706 2139 729 2218; x_wconf 78' lang='lat'>⁸)</span> <span class='ocrx_word' id='word_1_123' title='bbox 742 2142 870 2204; x_wconf 89' lang='lat' dir='ltr'>missus</span> <span class='ocrx_word' id='word_1_124' title='bbox 882 2152 971 2219; x_wconf 89' lang='lat' dir='ltr'>erat,</span> <span class='ocrx_word' id='word_1_125' title='bbox 985 2140 1245 2221; x_wconf 87' lang='lat' dir='ltr'>repraesentari</span> <span class='ocrx_word' id='word_1_126' title='bbox 1256 2140 1443 2202; x_wconf 87' lang='lat' dir='ltr'>audierunt</span> <span class='ocrx_word' id='word_1_127' title='bbox 1455 2138 1527 2202; x_wconf 88' lang='lat' dir='ltr'>dia-</span> 
     </span>
     <span class='ocr_line' id='line_1_17' title="bbox 297 2244 1525 2328; baseline 0.002 -21"><span class='ocrx_word' id='word_1_128' title='bbox 297 2247 420 2324; x_wconf 84' lang='lat' dir='ltr'>logum</span> <span class='ocrx_word' id='word_1_129' title='bbox 435 2247 634 2326; x_wconf 90' lang='lat' dir='ltr'>quemdam,</span> <span class='ocrx_word' id='word_1_130' title='bbox 651 2249 801 2311; x_wconf 90' lang='lat' dir='ltr'>alterum</span> <span class='ocrx_word' id='word_1_131' title='bbox 813 2249 857 2310; x_wconf 91' lang='lat' dir='ltr'>ab</span> <span class='ocrx_word' id='word_1_132' title='bbox 870 2249 950 2326; x_wconf 90' lang='lat' dir='ltr'>alio,</span> <span class='ocrx_word' id='word_1_133' title='bbox 964 2248 1008 2311; x_wconf 90' lang='lat' dir='ltr'>de</span> <span class='ocrx_word' id='word_1_134' title='bbox 1019 2265 1089 2328; x_wconf 93' lang='lat' dir='ltr'>quo</span> <span class='ocrx_word' id='word_1_135' title='bbox 1099 2247 1263 2327; x_wconf 90' lang='lat' dir='ltr'>superius</span> <span class='ocrx_word' id='word_1_136' title='bbox 1273 2246 1415 2310; x_wconf 89' lang='lat' dir='ltr'>memini</span> <span class='ocrx_word' id='word_1_137' title='bbox 1426 2244 1448 2320; x_wconf 78' lang='lat'>⁵,</span> <span class='ocrx_word' id='word_1_138' title='bbox 1462 2247 1525 2310; x_wconf 91' lang='lat' dir='ltr'>sed</span> 
     </span>
     <span class='ocr_line' id='line_1_18' title="bbox 298 2352 1526 2436; baseline -0.001 -20"><span class='ocrx_word' id='word_1_139' title='bbox 298 2354 344 2416; x_wconf 85' lang='lat' dir='ltr'>ab</span> <span class='ocrx_word' id='word_1_140' title='bbox 359 2354 482 2417; x_wconf 90' lang='lat' dir='ltr'>eodem</span> <span class='ocrx_word' id='word_1_141' title='bbox 498 2352 679 2435; x_wconf 89' lang='lat' dir='ltr'>Viperano</span> <span class='ocrx_word' id='word_1_142' title='bbox 696 2357 947 2436; x_wconf 87' lang='lat' dir='ltr'>compositum,</span> <span class='ocrx_word' id='word_1_143' title='bbox 964 2355 1023 2436; x_wconf 90' lang='lat' dir='ltr'>qui</span> <span class='ocrx_word' id='word_1_144' title='bbox 1037 2354 1201 2417; x_wconf 92' lang='lat' dir='ltr'>omnibus</span> <span class='ocrx_word' id='word_1_145' title='bbox 1215 2370 1431 2432; x_wconf 87' lang='lat' dir='ltr'>magnopere</span> <span class='ocrx_word' id='word_1_146' title='bbox 1446 2371 1526 2433; x_wconf 92' lang='lat' dir='ltr'>pro-</span> 
     </span>
     <span class='ocr_line' id='line_1_19' title="bbox 298 2461 1526 2544; baseline 0.001 -22"><span class='ocrx_word' id='word_1_147' title='bbox 298 2461 405 2523; x_wconf 89' lang='lat' dir='ltr'>batus</span> <span class='ocrx_word' id='word_1_148' title='bbox 419 2471 485 2525; x_wconf 88' lang='lat' dir='ltr'>est:</span> <span class='ocrx_word' id='word_1_149' title='bbox 501 2473 536 2525; x_wconf 92' lang='lat' dir='ltr'>et</span> <span class='ocrx_word' id='word_1_150' title='bbox 550 2463 690 2540; x_wconf 89' lang='lat' dir='ltr'>publica</span> <span class='ocrx_word' id='word_1_151' title='bbox 703 2463 778 2544; x_wconf 89' lang='lat' dir='ltr'>ejus</span> <span class='ocrx_word' id='word_1_152' title='bbox 790 2463 895 2541; x_wconf 91' lang='lat' dir='ltr'>actio,</span> <span class='ocrx_word' id='word_1_153' title='bbox 910 2464 1015 2542; x_wconf 93' lang='lat' dir='ltr'>paulo</span> <span class='ocrx_word' id='word_1_154' title='bbox 1026 2473 1106 2542; x_wconf 88' lang='lat' dir='ltr'>post</span> <span class='ocrx_word' id='word_1_155' title='bbox 1117 2462 1383 2524; x_wconf 89' lang='lat' dir='ltr'>renovationem</span> <span class='ocrx_word' id='word_1_156' title='bbox 1396 2461 1526 2524; x_wconf 91' lang='lat' dir='ltr'>studio-</span> 
     </span>
     <span class='ocr_line' id='line_1_20' title="bbox 297 2567 1525 2648; baseline 0.001 -19"><span class='ocrx_word' id='word_1_157' title='bbox 297 2583 390 2645; x_wconf 87' lang='lat' dir='ltr'>rum,</span> <span class='ocrx_word' id='word_1_158' title='bbox 416 2585 539 2630; x_wconf 91' lang='lat' dir='ltr'>coram</span> <span class='ocrx_word' id='word_1_159' title='bbox 559 2567 818 2648; x_wconf 87' lang='lat' dir='ltr'>Gubernatore,</span> <span class='ocrx_word' id='word_1_160' title='bbox 846 2569 1058 2648; x_wconf 88' lang='lat' dir='ltr'>magistratu</span> <span class='ocrx_word' id='word_1_161' title='bbox 1080 2577 1115 2630; x_wconf 93' lang='lat' dir='ltr'>et</span> <span class='ocrx_word' id='word_1_162' title='bbox 1134 2568 1213 2631; x_wconf 90' lang='lat' dir='ltr'>aliis</span> <span class='ocrx_word' id='word_1_163' title='bbox 1237 2567 1416 2648; x_wconf 91' lang='lat' dir='ltr'>primariis</span> <span class='ocrx_word' id='word_1_164' title='bbox 1436 2567 1525 2631; x_wconf 84' lang='lat' dir='ltr'>viris</span> 
     </span>
     <span class='ocr_line' id='line_1_21' title="bbox 296 2674 1525 2757; baseline 0.002 -21"><span class='ocrx_word' id='word_1_165' title='bbox 296 2683 578 2755; x_wconf 88' lang='lat' dir='ltr'>repraesentata,</span> <span class='ocrx_word' id='word_1_166' title='bbox 596 2685 630 2739; x_wconf 95' lang='lat' dir='ltr'>et</span> <span class='ocrx_word' id='word_1_167' title='bbox 645 2675 770 2756; x_wconf 83' lang='lat' dir='ltr'>ecloga</span> <span class='ocrx_word' id='word_1_168' title='bbox 791 2676 967 2757; x_wconf 89' lang='lat' dir='ltr'>quaedam</span> <span class='ocrx_word' id='word_1_169' title='bbox 986 2675 1081 2739; x_wconf 89' lang='lat' dir='ltr'>circa</span> <span class='ocrx_word' id='word_1_170' title='bbox 1107 2674 1197 2738; x_wconf 78' lang='lat' dir='ltr'>festa</span> <span class='ocrx_word' id='word_1_171' title='bbox 1217 2674 1390 2751; x_wconf 87' lang='lat' dir='ltr'>natalitia,</span> <span class='ocrx_word' id='word_1_172' title='bbox 1412 2674 1458 2738; x_wconf 88' lang='lat' dir='ltr'>ad</span> <span class='ocrx_word' id='word_1_173' title='bbox 1471 2692 1525 2739; x_wconf 94' lang='lat' dir='ltr'>so·</span> 
     </span>
     <span class='ocr_line' id='line_1_22' title="bbox 296 2782 1525 2864; baseline 0 -19"><span class='ocrx_word' id='word_1_174' title='bbox 296 2782 515 2846; x_wconf 88' lang='lat' dir='ltr'>lemnitatem</span> <span class='ocrx_word' id='word_1_175' title='bbox 530 2783 690 2847; x_wconf 90' lang='lat' dir='ltr'>eamdem</span> <span class='ocrx_word' id='word_1_176' title='bbox 705 2784 898 2863; x_wconf 86' lang='lat' dir='ltr'>pertinens,</span> <span class='ocrx_word' id='word_1_177' title='bbox 914 2800 1131 2864; x_wconf 88' lang='lat' dir='ltr'>magnopere</span> <span class='ocrx_word' id='word_1_178' title='bbox 1146 2783 1309 2845; x_wconf 88' lang='lat' dir='ltr'>omnibus</span> <span class='ocrx_word' id='word_1_179' title='bbox 1329 2782 1525 2863; x_wconf 87' lang='lat' dir='ltr'>probaban-</span> 
     </span>
     <span class='ocr_line' id='line_1_23' title="bbox 297 2889 1168 2969; baseline 0.003 -18"><span class='ocrx_word' id='word_1_180' title='bbox 297 2896 357 2952; x_wconf 89' lang='lat' dir='ltr'>tur</span> <span class='ocrx_word' id='word_1_181' title='bbox 372 2899 406 2951; x_wconf 91' lang='lat' dir='ltr'>et</span> <span class='ocrx_word' id='word_1_182' title='bbox 421 2889 553 2952; x_wconf 90' lang='lat' dir='ltr'>scholis</span> <span class='ocrx_word' id='word_1_183' title='bbox 568 2892 698 2953; x_wconf 90' lang='lat' dir='ltr'>nostris</span> <span class='ocrx_word' id='word_1_184' title='bbox 714 2892 962 2954; x_wconf 89' lang='lat' dir='ltr'>auctoritatem</span> <span class='ocrx_word' id='word_1_185' title='bbox 978 2891 1168 2969; x_wconf 87' lang='lat' dir='ltr'>augebant.</span> 
     </span>
    </p>

    <p class='ocr_par' dir='ltr' id='par_1_4' title="bbox 294 2994 1530 4252">
     <span class='ocr_line' id='line_1_24' title="bbox 362 2994 1526 3075; baseline 0.003 -19"><span class='ocrx_word' id='word_1_186' title='bbox 362 2994 428 3057; x_wconf 87' lang='lat'>156.</span> <span class='ocrx_word' id='word_1_187' title='bbox 473 2995 574 3075; x_wconf 89' lang='lat' dir='ltr'>Quod</span> <span class='ocrx_word' id='word_1_188' title='bbox 595 2996 641 3059; x_wconf 92' lang='lat' dir='ltr'>ad</span> <span class='ocrx_word' id='word_1_189' title='bbox 664 2998 781 3061; x_wconf 89' lang='lat' dir='ltr'>victus</span> <span class='ocrx_word' id='word_1_190' title='bbox 806 2998 981 3060; x_wconf 89' lang='lat' dir='ltr'>rationem</span> <span class='ocrx_word' id='word_1_191' title='bbox 1008 2998 1143 3074; x_wconf 89' lang='lat' dir='ltr'>attinet,</span> <span class='ocrx_word' id='word_1_192' title='bbox 1169 3013 1249 3059; x_wconf 90' lang='lat' dir='ltr'>cnm</span> <span class='ocrx_word' id='word_1_193' title='bbox 1277 2996 1413 3059; x_wconf 90' lang='lat' dir='ltr'>Perusii</span> <span class='ocrx_word' id='word_1_194' title='bbox 1432 3007 1526 3060; x_wconf 91' lang='lat' dir='ltr'>esset</span> 
     </span>
     <span class='ocr_line' id='line_1_25' title="bbox 295 3099 1528 3183; baseline 0.002 -19"><span class='ocrx_word' id='word_1_195' title='bbox 295 3099 519 3181; x_wconf 76' lang='lat' dir='ltr'>ProlegatuS,</span> <span class='ocrx_word' id='word_1_196' title='bbox 541 3102 739 3183; x_wconf 87' lang='lat' dir='ltr'>Episcopus</span> <span class='ocrx_word' id='word_1_197' title='bbox 764 3102 939 3181; x_wconf 90' lang='lat' dir='ltr'>Cenedae,</span> <span class='ocrx_word' id='word_1_198' title='bbox 966 3120 1134 3183; x_wconf 88' lang='lat' dir='ltr'>magnam</span> <span class='ocrx_word' id='word_1_199' title='bbox 1158 3104 1289 3165; x_wconf 90' lang='lat' dir='ltr'>nostris</span> <span class='ocrx_word' id='word_1_200' title='bbox 1315 3103 1528 3167; x_wconf 87' lang='lat' dir='ltr'>charitatem</span> 
     </span>
     <span class='ocr_line' id='line_1_26' title="bbox 294 3208 1523 3290; baseline 0.002 -20"><span class='ocrx_word' id='word_1_201' title='bbox 294 3208 518 3287; x_wconf 89' lang='lat' dir='ltr'>ostendebat,</span> <span class='ocrx_word' id='word_1_202' title='bbox 534 3219 568 3272; x_wconf 92' lang='lat' dir='ltr'>et</span> <span class='ocrx_word' id='word_1_203' title='bbox 584 3227 622 3272; x_wconf 90' lang='lat' dir='ltr'>se</span> <span class='ocrx_word' id='word_1_204' title='bbox 637 3219 907 3289; x_wconf 88' lang='lat' dir='ltr'>procuratorem</span> <span class='ocrx_word' id='word_1_205' title='bbox 922 3209 1070 3290; x_wconf 87' lang='lat' dir='ltr'>Collegii</span> <span class='ocrx_word' id='word_1_206' title='bbox 1085 3226 1164 3272; x_wconf 90' lang='lat' dir='ltr'>esse</span> <span class='ocrx_word' id='word_1_207' title='bbox 1181 3211 1270 3272; x_wconf 90' lang='lat' dir='ltr'>velle</span> <span class='ocrx_word' id='word_1_208' title='bbox 1280 3209 1523 3289; x_wconf 89' lang='lat' dir='ltr'>profitebatur,</span> 
     </span>
     <span class='ocr_line' id='line_1_27' title="bbox 295 3315 1528 3396; baseline 0 -18"><span class='ocrx_word' id='word_1_209' title='bbox 295 3331 341 3379; x_wconf 93' lang='lat' dir='ltr'>ne</span> <span class='ocrx_word' id='word_1_210' title='bbox 354 3316 461 3378; x_wconf 91' lang='lat' dir='ltr'>inilia</span> <span class='ocrx_word' id='word_1_211' title='bbox 474 3316 654 3379; x_wconf 89' lang='lat' dir='ltr'>communi</span> <span class='ocrx_word' id='word_1_212' title='bbox 664 3317 811 3396; x_wconf 90' lang='lat' dir='ltr'>penuria</span> <span class='ocrx_word' id='word_1_213' title='bbox 824 3317 1040 3381; x_wconf 85' lang='lat' dir='ltr'>frumentum</span> <span class='ocrx_word' id='word_1_214' title='bbox 1051 3318 1185 3380; x_wconf 90' lang='lat' dir='ltr'>nostris</span> <span class='ocrx_word' id='word_1_215' title='bbox 1196 3317 1345 3379; x_wconf 91' lang='lat' dir='ltr'>deesset.</span> <span class='ocrx_word' id='word_1_216' title='bbox 1358 3315 1528 3379; x_wconf 91' lang='lat' dir='ltr'>Vicarius</span> 
     </span>
     <span class='ocr_line' id='line_1_28' title="bbox 296 3422 1528 3504; baseline 0 -19"><span class='ocrx_word' id='word_1_217' title='bbox 296 3422 406 3487; x_wconf 89' lang='lat' dir='ltr'>etiam</span> <span class='ocrx_word' id='word_1_218' title='bbox 417 3422 597 3504; x_wconf 89' lang='lat' dir='ltr'>Episcopi,</span> <span class='ocrx_word' id='word_1_219' title='bbox 611 3422 755 3487; x_wconf 90' lang='lat' dir='ltr'>Marcus</span> <span class='ocrx_word' id='word_1_220' title='bbox 767 3423 945 3488; x_wconf 88' lang='lat' dir='ltr'>Antonius</span> <span class='ocrx_word' id='word_1_221' title='bbox 957 3423 1134 3487; x_wconf 88' lang='lat' dir='ltr'>Oradinus</span> <span class='ocrx_word' id='word_1_222' title='bbox 1143 3424 1299 3486; x_wconf 87' lang='lat' dir='ltr'>subsidia</span> <span class='ocrx_word' id='word_1_223' title='bbox 1311 3423 1435 3485; x_wconf 90' lang='lat' dir='ltr'>crebro</span> <span class='ocrx_word' id='word_1_224' title='bbox 1448 3441 1528 3486; x_wconf 91' lang='lat' dir='ltr'>nos·</span> 
     </span>
     <span class='ocr_line' id='line_1_29' title="bbox 297 3529 1528 3611; baseline 0 -18"><span class='ocrx_word' id='word_1_225' title='bbox 297 3530 363 3593; x_wconf 90' lang='lat' dir='ltr'>tris</span> <span class='ocrx_word' id='word_1_226' title='bbox 375 3529 545 3607; x_wconf 88' lang='lat' dir='ltr'>mittebat,</span> <span class='ocrx_word' id='word_1_227' title='bbox 560 3540 594 3593; x_wconf 88' lang='lat' dir='ltr'>et</span> <span class='ocrx_word' id='word_1_228' title='bbox 607 3532 753 3611; x_wconf 90' lang='lat' dir='ltr'>perinde</span> <span class='ocrx_word' id='word_1_229' title='bbox 765 3548 808 3594; x_wconf 90' lang='lat' dir='ltr'>ac</span> <span class='ocrx_word' id='word_1_230' title='bbox 820 3532 849 3593; x_wconf 90' lang='lat' dir='ltr'>si</span> <span class='ocrx_word' id='word_1_231' title='bbox 864 3532 1008 3611; x_wconf 88' lang='lat' dir='ltr'>propria</span> <span class='ocrx_word' id='word_1_232' title='bbox 1019 3541 1123 3607; x_wconf 89' lang='lat' dir='ltr'>esset,</span> <span class='ocrx_word' id='word_1_233' title='bbox 1137 3542 1281 3593; x_wconf 92' lang='lat' dir='ltr'>nostrae</span> <span class='ocrx_word' id='word_1_234' title='bbox 1293 3531 1528 3610; x_wconf 86' lang='lat' dir='ltr'>compatieba-</span> 
     </span>
     <span class='ocr_line' id='line_1_30' title="bbox 296 3636 1528 3718; baseline -0.001 -19"><span class='ocrx_word' id='word_1_235' title='bbox 296 3648 357 3699; x_wconf 84' lang='lat' dir='ltr'>tur</span> <span class='ocrx_word' id='word_1_236' title='bbox 368 3636 711 3716; x_wconf 89' lang='lat' dir='ltr'>penuriae.Quidam</span> <span class='ocrx_word' id='word_1_237' title='bbox 720 3638 826 3700; x_wconf 91' lang='lat' dir='ltr'>etiam</span> <span class='ocrx_word' id='word_1_238' title='bbox 836 3638 891 3699; x_wconf 84' lang='lat' dir='ltr'>vir</span> <span class='ocrx_word' id='word_1_239' title='bbox 902 3639 1027 3713; x_wconf 89' lang='lat' dir='ltr'>bonus,</span> <span class='ocrx_word' id='word_1_240' title='bbox 1038 3639 1209 3718; x_wconf 75' lang='lat' dir='ltr'>civisqui</span> <span class='ocrx_word' id='word_1_241' title='bbox 1219 3638 1256 3698; x_wconf 93' lang='lat' dir='ltr'>in</span> <span class='ocrx_word' id='word_1_242' title='bbox 1266 3638 1421 3716; x_wconf 89' lang='lat' dir='ltr'>gratiam</span> <span class='ocrx_word' id='word_1_243' title='bbox 1432 3637 1528 3699; x_wconf 90' lang='lat' dir='ltr'>unici</span> 
     </span>
     <span class='ocr_line' id='line_1_31' title="bbox 297 3740 1527 3823; baseline 0 -18"><span class='ocrx_word' id='word_1_244' title='bbox 297 3740 361 3806; x_wconf 90' lang='lat' dir='ltr'>filii</span> <span class='ocrx_word' id='word_1_245' title='bbox 375 3744 559 3823; x_wconf 92' lang='lat' dir='ltr'>praedium</span> <span class='ocrx_word' id='word_1_246' title='bbox 574 3741 758 3822; x_wconf 87' lang='lat' dir='ltr'>cujusdam</span> <span class='ocrx_word' id='word_1_247' title='bbox 773 3744 939 3806; x_wconf 89' lang='lat' dir='ltr'>abbatiae</span> <span class='ocrx_word' id='word_1_248' title='bbox 953 3753 1141 3823; x_wconf 88' lang='lat' dir='ltr'>acceperat</span> <span class='ocrx_word' id='word_1_249' title='bbox 1157 3743 1202 3805; x_wconf 89' lang='lat' dir='ltr'>ad</span> <span class='ocrx_word' id='word_1_250' title='bbox 1223 3744 1365 3805; x_wconf 89' lang='lat' dir='ltr'>tertiam</span> <span class='ocrx_word' id='word_1_251' title='bbox 1381 3759 1527 3821; x_wconf 89' lang='lat' dir='ltr'>genera·</span> 
     </span>
     <span class='ocr_line' id='line_1_32' title="bbox 297 3849 1527 3929; baseline 0 -16"><span class='ocrx_word' id='word_1_252' title='bbox 297 3850 443 3926; x_wconf 91' lang='lat' dir='ltr'>tionem,</span> <span class='ocrx_word' id='word_1_253' title='bbox 457 3850 642 3913; x_wconf 87' lang='lat' dir='ltr'>demortuo</span> <span class='ocrx_word' id='word_1_254' title='bbox 654 3850 735 3929; x_wconf 86' lang='lat' dir='ltr'>filio,</span> <span class='ocrx_word' id='word_1_255' title='bbox 749 3850 919 3914; x_wconf 88' lang='lat' dir='ltr'>Societati</span> <span class='ocrx_word' id='word_1_256' title='bbox 931 3852 966 3914; x_wconf 90' lang='lat' dir='ltr'>id</span> <span class='ocrx_word' id='word_1_257' title='bbox 978 3850 1063 3913; x_wconf 89' lang='lat' dir='ltr'>dare</span> <span class='ocrx_word' id='word_1_258' title='bbox 1075 3850 1268 3927; x_wconf 88' lang='lat' dir='ltr'>constituit,</span> <span class='ocrx_word' id='word_1_259' title='bbox 1286 3862 1319 3911; x_wconf 92' lang='lat' dir='ltr'>et</span> <span class='ocrx_word' id='word_1_260' title='bbox 1332 3867 1454 3912; x_wconf 89' lang='lat' dir='ltr'>coram</span> <span class='ocrx_word' id='word_1_261' title='bbox 1466 3849 1527 3913; x_wconf 91' lang='lat' dir='ltr'>Vi·</span> 
     </span>
     <span class='ocr_line' id='line_1_33' title="bbox 297 3956 1528 4038; baseline -0.002 -19"><span class='ocrx_word' id='word_1_262' title='bbox 297 3957 399 4020; x_wconf 91' lang='lat' dir='ltr'>cario</span> <span class='ocrx_word' id='word_1_263' title='bbox 409 3956 499 4020; x_wconf 84' lang='lat' dir='ltr'>dixit</span> <span class='ocrx_word' id='word_1_264' title='bbox 507 3957 657 4036; x_wconf 89' lang='lat' dir='ltr'>Collegii</span> <span class='ocrx_word' id='word_1_265' title='bbox 665 3957 802 4021; x_wconf 81' lang='lat' dir='ltr'>futuros</span> <span class='ocrx_word' id='word_1_266' title='bbox 815 3958 1094 4038; x_wconf 89' lang='lat' dir='ltr'>quadringentos</span> <span class='ocrx_word' id='word_1_267' title='bbox 1105 3959 1162 4019; x_wconf 88' lang='lat' dir='ltr'>vel</span> <span class='ocrx_word' id='word_1_268' title='bbox 1173 3958 1386 4038; x_wconf 88' lang='lat' dir='ltr'>quingentos</span> <span class='ocrx_word' id='word_1_269' title='bbox 1397 3972 1528 4019; x_wconf 89' lang='lat' dir='ltr'>aureos</span> 
     </span>
     <span class='ocr_line' id='line_1_34' title="bbox 294 4063 1530 4145; baseline 0 -18"><span class='ocrx_word' id='word_1_270' title='bbox 294 4063 375 4145; x_wconf 85' lang='lat' dir='ltr'>ejus</span> <span class='ocrx_word' id='word_1_271' title='bbox 388 4064 536 4144; x_wconf 88' lang='lat' dir='ltr'>praedii,</span> <span class='ocrx_word' id='word_1_272' title='bbox 551 4065 646 4143; x_wconf 90' lang='lat' dir='ltr'>quod</span> <span class='ocrx_word' id='word_1_273' title='bbox 661 4064 706 4128; x_wconf 92' lang='lat' dir='ltr'>ad</span> <span class='ocrx_word' id='word_1_274' title='bbox 720 4065 903 4128; x_wconf 90' lang='lat' dir='ltr'>meliorem</span> <span class='ocrx_word' id='word_1_275' title='bbox 916 4064 1069 4127; x_wconf 88' lang='lat' dir='ltr'>sormam</span> <span class='ocrx_word' id='word_1_276' title='bbox 1088 4064 1304 4144; x_wconf 83' lang='lat' dir='ltr'>expenderat</span> <span class='ocrx_word' id='word_1_277' title='bbox 1319 4063 1346 4138; x_wconf 79' lang='lat'>‘;</span> <span class='ocrx_word' id='word_1_278' title='bbox 1363 4064 1530 4143; x_wconf 89' lang='lat' dir='ltr'>quamvis</span> 
     </span>
     <span class='ocr_line' id='line_1_35' title="bbox 294 4172 982 4252; baseline -0.001 -17"><span class='ocrx_word' id='word_1_279' title='bbox 294 4172 366 4235; x_wconf 93' lang='lat' dir='ltr'>hoc</span> <span class='ocrx_word' id='word_1_280' title='bbox 381 4189 550 4252; x_wconf 89' lang='lat' dir='ltr'>praesens</span> <span class='ocrx_word' id='word_1_281' title='bbox 566 4172 759 4237; x_wconf 91' lang='lat' dir='ltr'>remedium</span> <span class='ocrx_word' id='word_1_282' title='bbox 780 4189 851 4234; x_wconf 92' lang='lat' dir='ltr'>non</span> <span class='ocrx_word' id='word_1_283' title='bbox 866 4172 982 4235; x_wconf 84' lang='lat' dir='ltr'>fuerit.</span> 
     </span>
    </p>
   </div>
   <div class='ocr_carea' id='block_1_3' title="bbox 335 4374 1524 4651">
    <p class='ocr_par' dir='ltr' id='par_1_5' title="bbox 335 4374 1524 4651">
     <span class='ocr_line' id='line_1_36' title="bbox 336 4374 735 4432; baseline 0.008 -14"><span class='ocrx_word' id='word_1_284' title='bbox 336 4377 345 4407; x_wconf 86' lang='lat'><strong>¹</strong></span> <span class='ocrx_word' id='word_1_285' title='bbox 374 4375 441 4420; x_wconf 84' lang='lat' dir='ltr'>Vlde</span> <span class='ocrx_word' id='word_1_286' title='bbox 452 4388 540 4432; x_wconf 84' lang='lat' dir='ltr'>sopra,</span> <span class='ocrx_word' id='word_1_287' title='bbox 551 4388 611 4432; x_wconf 72' lang='lat' dir='ltr'>pag.</span> <span class='ocrx_word' id='word_1_288' title='bbox 621 4379 656 4428; x_wconf 84' lang='lat' dir='ltr'>tt.</span> <span class='ocrx_word' id='word_1_289' title='bbox 667 4374 691 4421; x_wconf 86' lang='lat' dir='ltr'>n.</span> <span class='ocrx_word' id='word_1_290' title='bbox 702 4378 735 4422; x_wconf 88' lang='grc'>73.</span> 
     </span>
     <span class='ocr_line' id='line_1_37' title="bbox 335 4447 734 4504; baseline 0.008 -14"><span class='ocrx_word' id='word_1_291' title='bbox 335 4447 348 4478; x_wconf 80' lang='lat'><strong>¹</strong></span> <span class='ocrx_word' id='word_1_292' title='bbox 375 4447 442 4491; x_wconf 85' lang='lat' dir='ltr'>Vide</span> <span class='ocrx_word' id='word_1_293' title='bbox 452 4458 539 4502; x_wconf 82' lang='lat' dir='ltr'>supra,</span> <span class='ocrx_word' id='word_1_294' title='bbox 550 4459 610 4504; x_wconf 76' lang='lat' dir='ltr'>pag.</span> <span class='ocrx_word' id='word_1_295' title='bbox 620 4450 655 4503; x_wconf 65' lang='lat'>⁶0,</span> <span class='ocrx_word' id='word_1_296' title='bbox 666 4462 691 4493; x_wconf 90' lang='lat' dir='ltr'>n.</span> <span class='ocrx_word' id='word_1_297' title='bbox 699 4450 734 4493; x_wconf 83' lang='lat'>72.</span> 
     </span>
     <span class='ocr_line' id='line_1_38' title="bbox 335 4518 745 4575; baseline 0.005 -14"><span class='ocrx_word' id='word_1_298' title='bbox 335 4518 348 4551; x_wconf 78' lang='lat'><strong>³</strong></span> <span class='ocrx_word' id='word_1_299' title='bbox 375 4518 442 4563; x_wconf 84' lang='lat' dir='ltr'>Vide</span> <span class='ocrx_word' id='word_1_300' title='bbox 451 4530 537 4574; x_wconf 76' lang='lat' dir='ltr'>snpra,</span> <span class='ocrx_word' id='word_1_301' title='bbox 547 4531 606 4575; x_wconf 78' lang='lat' dir='ltr'>pag.</span> <span class='ocrx_word' id='word_1_302' title='bbox 617 4521 652 4573; x_wconf 84' lang='lat'>67,</span> <span class='ocrx_word' id='word_1_303' title='bbox 662 4532 687 4564; x_wconf 91' lang='lat' dir='ltr'>n.</span> <span class='ocrx_word' id='word_1_304' title='bbox 699 4522 745 4565; x_wconf 85' lang='grc'><strong>151.</strong></span> 
     </span>
     <span class='ocr_line' id='line_1_39' title="bbox 335 4588 1524 4651; baseline 0.004 -19"><span class='ocrx_word' id='word_1_305' title='bbox 335 4592 349 4625; x_wconf 75' lang='lat'><strong>⁴</strong></span> <span class='ocrx_word' id='word_1_306' title='bbox 376 4588 427 4644; x_wconf 71' lang='lat' dir='ltr'>Sic,</span> <span class='ocrx_word' id='word_1_307' title='bbox 442 4591 607 4645; x_wconf 62' lang='lat' dir='ltr'>redegeram</span> <span class='ocrx_word' id='word_1_308' title='bbox 622 4594 796 4638; x_wconf 80' lang='lat' dir='ltr'>excoluerat?</span> <span class='ocrx_word' id='word_1_309' title='bbox 812 4594 976 4638; x_wconf 84' lang='lat' dir='ltr'>Postremum</span> <span class='ocrx_word' id='word_1_310' title='bbox 992 4596 1041 4639; x_wconf 90' lang='lat' dir='ltr'>hoc</span> <span class='ocrx_word' id='word_1_311' title='bbox 1056 4596 1140 4649; x_wconf 76' lang='lat' dir='ltr'>magis</span> <span class='ocrx_word' id='word_1_312' title='bbox 1154 4596 1273 4648; x_wconf 75' lang='lat' dir='ltr'>congruit</span> <span class='ocrx_word' id='word_1_313' title='bbox 1289 4596 1440 4651; x_wconf 82' lang='lat' dir='ltr'>quibusdam</span> <span class='ocrx_word' id='word_1_314' title='bbox 1455 4596 1524 4640; x_wconf 87' lang='lat' dir='ltr'>hand</span> 
     </span>
    </p>
   </div>
   <div class='ocr_carea' id='block_1_4' title="bbox 292 4662 1526 4785">
    <p class='ocr_par' dir='ltr' id='par_1_6' title="bbox 292 4662 1526 4785">
     <span class='ocr_line' id='line_1_40' title="bbox 292 4662 1526 4776; baseline 0.002 -69"><span class='ocrx_word' id='word_1_315' title='bbox 292 4662 362 4707; x_wconf 74' lang='lat' dir='ltr'>satis</span> <span class='ocrx_word' id='word_1_316' title='bbox 373 4663 514 4776; x_wconf 47' lang='lat' dir='ltr'>perspicuis</span> <span class='ocrx_word' id='word_1_317' title='bbox 525 4662 631 4707; x_wconf 77' lang='lat' dir='ltr'>Polanci</span> <span class='ocrx_word' id='word_1_318' title='bbox 643 4665 731 4708; x_wconf 83' lang='lat' dir='ltr'>verbis</span> <span class='ocrx_word' id='word_1_319' title='bbox 742 4666 766 4709; x_wconf 86' lang='lat' dir='ltr'>in</span> <span class='ocrx_word' id='word_1_320' title='bbox 778 4666 888 4721; x_wconf 75' lang='lat' dir='ltr'>epistola</span> <span class='ocrx_word' id='word_1_321' title='bbox 900 4676 987 4710; x_wconf 82' lang='lat' dir='ltr'>mense</span> <span class='ocrx_word' id='word_1_322' title='bbox 999 4666 1141 4711; x_wconf 81' lang='lat' dir='ltr'>Februario</span> <span class='ocrx_word' id='word_1_323' title='bbox 1151 4667 1226 4722; x_wconf 78' lang='lat' dir='ltr'>halus</span> <span class='ocrx_word' id='word_1_324' title='bbox 1234 4668 1294 4712; x_wconf 84' lang='lat' dir='ltr'>anni</span> <span class='ocrx_word' id='word_1_325' title='bbox 1302 4668 1334 4711; x_wconf 82' lang='lat' dir='ltr'>ad</span> <span class='ocrx_word' id='word_1_326' title='bbox 1343 4668 1450 4711; x_wconf 85' lang='lat' dir='ltr'>Patrem</span> <span class='ocrx_word' id='word_1_327' title='bbox 1456 4667 1526 4710; x_wconf 84' lang='lat' dir='ltr'>Eve-</span> 
     </span>
     <span class='ocr_line' id='line_1_41' title="bbox 294 4734 724 4785; baseline 0.007 -8"><span class='ocrx_word' id='word_1_328' title='bbox 294 4734 404 4777; x_wconf 82' lang='lat' dir='ltr'>rardum</span> <span class='ocrx_word' id='word_1_329' title='bbox 431 4741 484 4778; x_wconf 79' lang='lat' dir='ltr'>ata.</span> <span class='ocrx_word' id='word_1_330' title='bbox 711 4758 724 4785; x_wconf 49' lang='lat' dir='ltr'>e</span> 
     </span>
    </p>
   </div>
   <div class='ocr_carea' id='block_1_5' title="bbox 0 0 1864 5400">
    <p class='ocr_par' dir='ltr' id='par_1_7' title="bbox 0 0 1864 5400">
     <span class='ocr_line' id='line_1_42' title="bbox 0 0 1864 5400; baseline 0 0"><span class='ocrx_word' id='word_1_331' title='bbox 0 0 1864 5400; x_wconf 95' lang='lat' dir='ltr'> </span> 
     </span>
    </p>
   </div>
  </div>
 </body>
</html>
