3717 5400
826 470 889 528 An.
913 470 983 528 1555
1470 473 1523 533 143

286 616 430 694 quidem
445 626 625 694 aegrotus
642 616 702 697 qui
718 617 919 696 complures
931 633 1043 680 annos
1057 617 1133 680 sine
1150 615 1371 681 confessione
1387 628 1521 682 transe-

289 730 402 801 gerat,
419 739 632 786 consensum
652 724 831 802 praebuit,
857 734 893 786 ut
909 723 955 786 ad
974 724 1091 802 ipsum
1110 724 1279 788 sacerdos
1295 725 1353 789 ille
1371 728 1520 806 veniret;

287 836 325 890 et
338 828 480 892 demum
494 829 546 893 sic
561 839 677 893 motus
697 830 762 893 suit
782 830 971 894 aDomino
992 839 1028 892 ut
1051 847 1182 910 magna
1205 848 1286 894 cum
1306 835 1521 898 contritione

288 935 548 998 confessionem
562 936 656 1016 apud
671 951 752 999 eum
767 937 982 1013 institueret,
999 948 1033 999 et
1049 953 1129 999 cum
1144 955 1186 1000 eo
1202 947 1452 1020 reverteretur,
1469 951 1519 1016 ut,

289 1058 393 1105 sacro
407 1043 597 1120 celebrato,
613 1043 776 1107 eumdem
790 1041 923 1108 Christi
944 1042 1101 1123 Corpore
1124 1045 1299 1123 reficeret,
1320 1047 1372 1110 sic
1390 1045 1464 1125 jam
1486 1048 1522 1110 in

288 1148 397 1212 alium
424 1149 542 1212 virum
566 1158 723 1214 mutatus
751 1152 809 1214 ille
837 1161 932 1226 erat,
956 1161 993 1214 ut
1025 1151 1111 1214 nihil
1137 1152 1396 1232 quodammodo
1426 1155 1522 1218 aliud

287 1272 395 1335 quam
409 1256 478 1320 Dei
492 1257 615 1319 laudes
629 1275 674 1320 ex
689 1256 764 1336 ejtas
779 1275 840 1320 ore
855 1259 1047 1336 audiretur;
1065 1267 1098 1321 et
1113 1259 1163 1322 ita
1185 1261 1290 1338 paulo
1312 1269 1392 1339 post
1413 1279 1521 1341 quam

287 1361 333 1424 ab
348 1379 390 1425 eo
405 1364 553 1426 recessit
567 1364 757 1443 expiravit.

347 1468 418 1532 405.
461 1469 565 1533 Alios
579 1482 819 1551 aegrotantes,
836 1473 921 1535 etin
936 1471 1170 1550 xenodochio,
1188 1484 1222 1536 et
1238 1473 1273 1536 in
1289 1475 1439 1554 privatis
1462 1475 1520 1538 do·

289 1575 414 1651 mibus,
432 1577 538 1641 iidem
553 1580 758 1642 sacerdotes
772 1578 985 1656 invisebant,
997 1580 1231 1659 instruebant,
1244 1590 1278 1644 et
1290 1583 1521 1646 consolaban·

288 1693 358 1762 tur,
384 1694 419 1746 et
443 1683 678 1748 confessionis
705 1695 930 1748 sacramento
956 1685 1182 1764 reficiebant,
1211 1705 1274 1767 per
1302 1705 1393 1768 quae
1422 1689 1522 1752 multi

288 1791 397 1855 etiam
412 1809 458 1854 ex
472 1793 569 1856 sanis
585 1809 606 1854 a
620 1793 792 1872 gravibus
806 1792 964 1871 peccatis
979 1794 1255 1857 revocabantur.
1390 1777 1404 1804 ’

349 1896 420 1960 406.
463 1897 746 1962 Perseverabant
760 1900 868 1962 etiam
883 1900 996 1962 nostri
1019 1901 1248 1979 monialibus,
1267 1918 1355 1981 quas
1371 1919 1521 1994 conver·

289 2023 351 2069 sas
368 2015 511 2084 vocant,
534 2006 740 2085 spiritualia.
757 2007 889 2070 auxilia
914 2017 950 2069 et
975 2009 1259 2071 consolationem
1287 2008 1461 2088 conferre,
1485 2020 1520 2074 et

289 2113 430 2194 quidem
445 2129 525 2175 cum
541 2128 673 2191 magno
686 2115 845 2194 ipsarum
859 2113 1037 2194 profectu,
1055 2113 1114 2194 qui
1136 2116 1195 2176 vel
1218 2115 1255 2177 in
1277 2132 1319 2178 eo
1341 2118 1438 2179 cerni
1459 2135 1522 2197 po·

288 2223 366 2298 tuit,
385 2221 490 2301 quod,
507 2238 588 2283 cum
603 2220 812 2301 quibusdam
825 2239 871 2284 ex
894 2221 944 2284 eis
959 2222 1226 2300 aegrotantibus
1242 2223 1368 2286 medici
1387 2225 1520 2287 nullam

287 2329 412 2392 salutis
425 2343 526 2407 spem
545 2329 766 2407 praeberent,
789 2327 858 2390 nisi
879 2346 924 2391 ex
944 2327 1162 2392 habitatione
1183 2329 1242 2392 illa
1264 2330 1513 2408 egrederentur

288 2447 325 2499 ut
340 2436 497 2498 animum
511 2433 604 2514 apud
625 2435 912 2513 consanguineos
931 2435 1183 2514 exhilararent,
1201 2435 1282 2498 illae
1304 2451 1427 2500 omnes
1445 2453 1516 2500 uno

287 2560 350 2606 ore
364 2542 624 2622 responderunt
634 2542 670 2604 in
681 2540 749 2604 Dei
760 2550 934 2620 potestate
949 2558 1028 2604 esse
1043 2542 1155 2605 vitam
1175 2542 1263 2622 ipsis
1274 2544 1371 2622 dare,
1388 2552 1423 2606 et
1438 2544 1467 2607 si
1477 2561 1520 2607 ea

288 2648 483 2729 expediret,
499 2648 545 2712 ab
559 2664 602 2711 eo
617 2648 832 2728 sperandam
846 2664 940 2728 esse;
957 2665 1023 2712 nec
1043 2648 1173 2713 adduci
1188 2659 1380 2730 potuerunt
1395 2659 1432 2714 ut
1452 2666 1521 2715 me-

288 2756 378 2820 dicis
391 2756 669 2835 acquiescerent,
687 2755 838 2818 arduum
852 2764 887 2818 et
901 2755 1041 2819 difficile
1055 2773 1134 2819 esse
1151 2757 1408 2836 existimantes
1426 2759 1518 2823 inter

288 2863 433 2941 regulos
448 2870 482 2924 et
496 2862 671 2925 dracones
685 2860 889 2937 habitando,
905 2880 944 2925 se
959 2863 1118 2941 integras
1134 2863 1277 2926 Christo
1289 2880 1517 2943 conservare;

289 2970 558 3049 malueruntque
578 2970 670 3031 inter
691 2969 878 3048 religiosas
897 2987 1040 3033 sorores
1061 2970 1174 3033 morbi
1196 2970 1421 3035 affiictionem
1442 2987 1518 3052 per-

287 3076 393 3139 ferre.
408 3075 452 3139 Et
467 3077 517 3138 ita
532 3093 654 3139 earum
669 3093 739 3138 una
755 3077 854 3139 brevi
869 3076 915 3139 ad
926 3076 1119 3139 Dominum
1134 3078 1317 3155 migravit,
1331 3087 1367 3140 et
1378 3080 1518 3158 aliquae

286 3184 438 3246 aliarum
452 3193 736 3262 consequuturae
750 3182 974 3245 videbantur.

346 3288 417 3352 407.
462 3289 551 3353 Cum
570 3290 745 3369 quaedam
767 3291 1088 3353 excommunicatio
1112 3291 1269 3354 Mutinae
1293 3292 1520 3371 promulgata

285 3407 380 3459 esset
396 3406 521 3459 contra
535 3413 608 3473 eos,
624 3397 684 3475 qui
699 3396 830 3458 scirent
852 3397 1005 3475 aliquem
1019 3396 1158 3459 haeresi
1183 3396 1368 3476 infectum,
1385 3408 1419 3460 et
1440 3414 1520 3460 eum

287 3503 407 3565 statim
419 3502 513 3582 apud
521 3501 676 3581 judicem
688 3498 785 3582 [non]
794 3502 972 3565 deferrent
983 3511 1043 3565 aut
1055 3503 1313 3581 denuntiarent,
1325 3504 1438 3567 nostri
1448 3521 1520 3568 non

287 3609 456 3688 exiguum
471 3609 723 3689 poenitentium
738 3626 923 3672 numerum
935 3610 981 3671 ad
992 3610 1207 3690 Episcopum
1221 3621 1256 3673 et
1270 3610 1520 3689 inquisitorem

289 3715 472 3790 miserunt,
496 3725 534 3792 ut
558 3715 695 3795 aliquos
716 3714 976 3794 denuntiarent,
999 3733 1089 3796 quos
1111 3716 1180 3778 hoc
1206 3717 1330 3780 morbo
1357 3717 1520 3781 laborare

289 3822 459 3901 sciebant,
475 3823 536 3902 qui
550 3823 628 3902 plus
643 3839 750 3902 quam
767 3822 992 3885 mediocriter
1007 3841 1049 3886 eo
1064 3832 1224 3903 tempore
1241 3823 1398 3886 Mutinae
1419 3840 1520 3902 gras·

288 3928 445 3991 sabatur.
460 3927 604 3992 Plurimi
615 3938 733 3991 autem
744 3928 901 3991 Mutinae
913 3932 1113 3993 maluerunt
1124 3932 1160 3994 in
1171 3928 1372 4010 hujusmodi
1379 3948 1518 3994 excom·

288 4036 562 4099 manicationem
577 4035 733 4098 incidere
747 4046 781 4099 et
797 4037 841 4098 ab
856 4036 1039 4099 Ecclesiae
1063 4038 1200 4116 gremio
1216 4038 1396 4116 recedere,
1413 4055 1519 4117 quam

287 4141 332 4204 ab
346 4141 529 4206 hominum
542 4143 671 4221 gratia,
694 4142 755 4223 qui
769 4143 950 4206 deferendi
964 4153 1076 4222 erant,
1100 4143 1278 4207 excidere.
1295 4143 1333 4207 Id
1348 4149 1358 4181 ¹
1374 4144 1518 4223 no'striS,

287 4247 557 4311 adhortantibus
567 4259 605 4311 ut
616 4266 719 4312 suum
730 4248 885 4313 officium
896 4249 1066 4329 facerent,
1081 4261 1206 4330 aperte
1219 4251 1481 4329 respondebant
1495 4250 1518 4313 ¹.

346 4353 416 4417 408.
463 4355 537 4418 Pax
550 4359 641 4419 inter
656 4373 726 4419 non
740 4374 875 4436 paucos
886 4358 1076 4420 conciliata
1089 4365 1153 4437 est,
1168 4358 1228 4437 qui
1241 4358 1425 4421 inimicitia
1436 4374 1520 4439 gra·

297 4530 497 4541 ——-——..

330 4628 338 4655 Ι

329 4702 342 4733 ¹
367 4630 443 4747 <512²
444 4632 549 4748 {et-,tagis
560 4702 654 4745 Canto.
667 4702 711 4745 Gli
719 4704 813 4746 cretici
822 4703 849 4745 d'
859 4703 952 4753 ltalia,
961 4704 1024 4747 disc.
1035 4714 1127 4757 xxvtn,
1140 4710 1157 4748 t.
1169 4715 1195 4756 11,
1207 4716 1266 4759 pag.
1280 4706 1326 4749 tos,
