3717 5400
481 559 487 597 ι
794 481 857 540 Aa.
880 479 952 540 1555
1430 483 1483 542 671

253 643 319 690 sua
341 625 622 710 subscripserat,
650 644 721 708 qua
744 625 923 691 fatebatur
948 643 1015 690 nos
1036 625 1093 706 J'us
1118 627 1164 690 ad
1189 643 1268 690 eam
1294 627 1484 691 ecclesiam

255 749 327 797 non
347 731 490 812 habere,
513 735 575 798 sed
597 751 679 798 cum
702 750 878 798 consensu
896 733 1117 798 confratrum
1137 733 1402 814 praedictorum
1422 734 1485 798 ibi·

256 841 338 905 dem
359 841 555 905 ministeria
575 839 747 905 Societatl
767 850 938 906 consueta
960 840 1118 904 obituros
1140 858 1230 904 esse.

320 946 408 1012 1851.
453 947 645 1012 Oeconomi
660 947 763 1028 hujus
777 948 951 1012 ecclesiae
967 946 1063 1012 Patri
1077 935 1217 1028 ignatio
1232 965 1276 1011 ea
1289 949 1333 1012 de
1347 965 1387 1012 re
1399 949 1485 1012 scri·

257 1065 423 1136 pserant,
453 1065 488 1120 et
513 1071 606 1119 anno
631 1055 859 1136 praecedenti
886 1071 1096 1134 responsum
1122 1055 1234 1118 abeo
1259 1065 1484 1137 acceperant,

257 1179 328 1243 quo
354 1161 577 1242 significabat
601 1172 742 1226 nostros
766 1179 838 1226 non
862 1161 1006 1225 omnino
1031 1161 1159 1225 cedere
1183 1162 1271 1242 ipsis
1295 1162 1484 1227 ecclesiam

257 1269 370 1333 donec
399 1287 480 1332 cum
505 1268 603 1348 Rege
631 1267 871 1348 Portugalliae
899 1284 958 1332 res
985 1269 1228 1348 conferretur;
1258 1278 1294 1332 et
1321 1271 1486 1350 quamvis

258 1376 295 1440 P.
322 1375 537 1441 Franciscus
558 1376 667 1440 Perez
682 1375 750 1440 Dei
770 1378 922 1455 gloriam
941 1376 1017 1439 fore
1032 1378 1211 1456 censebat,
1235 1377 1266 1440 si
1286 1377 1363 1440 sine
1383 1393 1485 1440 scan-

258 1481 339 1548 dalo
360 1483 437 1546 fieri
458 1493 594 1563 posset,
618 1495 655 1547 ut
676 1483 765 1546 haec
787 1483 940 1546 ecclesia
958 1483 1068 1546 libere
1088 1481 1258 1547 Societati
1279 1483 1483 1562 donaretur,

257 1602 292 1653 et
314 1590 365 1653 sic
388 1590 543 1654 futurum
565 1591 597 1652 ei
618 1589 805 1679 videbatur
827 1590 869 1668 (si
890 1587 1056 1653 Summus
1070 1589 1234 1654 Pontifex
1254 1608 1297 1654 ac
1318 1589 1396 1654 Rex
1409 1590 1485 1671 ipse

260 1697 295 1760 id
311 1696 464 1774 vellent),
483 1696 588 1760 Pater
603 1707 721 1760 tamen
733 1695 901 1760 Nicolaus
912 1695 1120 1760 Lancilotus
1131 1696 1369 1761 confratribus
1383 1697 1485 1760 relin-

258 1804 434 1885 quendam
449 1821 527 1867 esse
542 1805 730 1868 ecclesiam
746 1803 862 1866 adhuc
877 1804 1067 1883 sentiebat;
1084 1813 1119 1867 et
1134 1805 1299 1883 quamvis
1313 1805 1486 1885 praedicti

258 1911 457 1975 confratres
483 1913 518 1975 in
544 1911 651 1990 Regis
675 1913 830 1990 gratiam
854 1927 919 1974 suo
944 1909 1024 1990 jure
1049 1913 1185 1990 privari
1212 1929 1252 1975 se
1277 1913 1482 1991 tolerarent,

260 2019 368 2082 immo
383 2019 450 2082 sibi
464 2031 606 2098 gratum
621 2035 698 2082 esse
714 2018 871 2082 dicerent
885 2018 1053 2099 quicquid
1072 2017 1161 2098 Regi
1181 2018 1374 2098 videretur,
1396 2018 1484 2082 nihi·

258 2126 410 2189 lominus
430 2127 531 2188 aliter
552 2143 613 2188 eos
636 2125 767 2189 sentire
789 2134 823 2188 et
848 2124 955 2189 aliam
978 2141 1056 2188 esse
1082 2127 1241 2206 ipsorum
1265 2127 1485 2188 voluntatem

261 2230 469 2296 affirmabat.
491 2230 586 2296 Satis
605 2243 723 2296 tamen
742 2232 923 2312 probabile
944 2232 1143 2312 videbatur,
1166 2233 1262 2313 quod
1280 2230 1319 2294 P.
1340 2232 1484 2296 Franci-

259 2353 343 2402 scus
355 2339 491 2402 Xavier
507 2340 705 2418 relinquere
719 2341 888 2419 templum
904 2339 989 2403 illud
1003 2357 1075 2402 non
1095 2348 1234 2420 poterat
1246 2339 1323 2404 sine
1338 2357 1485 2403 consen·

260 2463 302 2510 su
319 2443 464 2525 majoris
479 2447 592 2526 partis
606 2445 805 2524 SocietatiS,
819 2448 850 2510 si
861 2446 1078 2510 Litterarum
1088 2445 1378 2528 Apostolicarum
1389 2455 1485 2508 teno-

259 2569 347 2632 rem,
371 2552 415 2616 de
436 2551 538 2616 bonis
558 2553 744 2616 stabilibus
762 2552 971 2632 alienandis,
994 2553 1238 2616 consideraret
1262 2553 1287 2632 ¹;
1310 2562 1345 2615 et
1365 2563 1486 2616 tamen

260 2659 427 2742 expedire
442 2669 480 2723 ut
494 2661 635 2723 omnino
652 2660 906 2741 relinqueretur
922 2661 1042 2725 multis
1056 2661 1252 2725 rationibus
1266 2659 1358 2724 idem
1373 2659 1411 2724 P.
1428 2659 1484 2725 Ni·

262 2770 385 2831 colaus
400 2768 550 2831 suadere
566 2768 742 2832 nitebatur
757 2768 781 2832 '.

323 2874 411 2938 1852.
454 2874 649 2954 Collegium
664 2876 749 2941 illud
770 2876 1049 2940 Coccinenseco
1070 2876 1106 2938 in
1120 2877 1199 2938 loco
1217 2874 1322 2939 situm
1343 2886 1416 2955 est,
1438 2892 1485 2939 ex
1521 2905 1529 2920 ·

258 2997 329 3063 quo
357 2982 511 3062 operarii
539 2983 575 3045 in
602 2983 746 3047 vineam
774 2982 917 3046 Domini
945 2982 1069 3062 egredi
1101 2982 1295 3063 perutiliter
1328 2991 1485 3062 possent:

258 3099 360 3152 crant
382 3089 474 3153 enim
495 3089 604 3152 vicini
628 3090 823 3168 christiani,
840 3106 929 3170 quos
944 3088 1004 3154 85¹
1022 3088 1179 3152 Thomae
1193 3100 1337 3167 vocant3
1354 3100 1389 3152 et
1403 3090 1485 3152 inde

257 3194 362 3260 facile
383 3196 428 3259 ad
443 3196 657 3259 maritimam
671 3195 889 3260 Commurini
904 3196 1088 3275 regionem
1102 3194 1293 3258 excurrere
1307 3203 1486 3275 poterant;

259 3303 322 3367 sed
336 3318 417 3365 cum
438 3304 541 3383 pauci
564 3312 683 3366 essent
698 3302 870 3366 hactenus
889 3302 1060 3383 operarii,
1080 3300 1119 3364 P.
1142 3301 1358 3365 Franciscus
1378 3300 1487 3365 lierez

257 3427 340 3474 cum
354 3410 462 3474 sociis
477 3408 558 3473 in'de
572 3408 741 3473 recedere
757 3426 829 3473 non
843 3408 954 3491 facile
963 3416 1138 3490 poterant.

321 3514 409 3579 1853.
454 3512 617 3579 Substitit
632 3514 847 3596 aliquamdiu
860 3514 1006 3580 Coccini
1019 3514 1057 3578 P.
1074 3516 1230 3597 Jacobus
1244 3513 1393 3579 Soveral
1405 3514 1487 3578 inde

259 3622 305 3687 ad
318 3623 536 3688 Commurini
552 3634 658 3703 caput
672 3639 940 3703 progressurus
962 3631 998 3686 et
1018 3622 1123 3685 valde
1143 3622 1370 3701 conqueritur
1391 3622 1486 3701 quod

258 3732 427 3812 praefecti
450 3731 599 3794 militum
620 3740 654 3793 et
675 3730 784 3809 Regis
805 3730 1046 3809 Portugalliae
1068 3728 1230 3808 ministri,
1253 3730 1337 3793 dum
1360 3730 1486 3809 opibus

259 3838 479 3902 cumulandis
494 3847 642 3915 vacant,
659 3838 841 3918 religionis
860 3836 1042 3917 negotium
1060 3835 1272 3916 impediunt;
1295 3836 1402 3899 immo
1425 3836 1487 3899 ali·

259 3946 318 4025 qui
351 3962 422 4008 non
456 3961 534 4007 esse
565 3945 715 4023 gentiles
745 3946 790 4008 ad
819 3944 999 4009 Christum
1029 3942 1256 4007 adducendos
1289 3944 1421 4007 sentire
1448 3962 1488 4007 se

259 4052 508 4129 ostendebant,
538 4060 572 4115 et
598 4052 772 4131 perditam
796 4068 875 4115 csse
902 4050 1040 4115 Indiam
1068 4051 1177 4132 aliqui
1202 4051 1367 4115 dicebant
1393 4059 1485 4130 post·

258 4176 364 4239 quarn
380 4158 536 4237 religiosi
551 4158 596 4223 ad
611 4176 689 4222 cam
704 4159 802 4222 missi
816 4158 968 4223 fuerant.
984 4157 1059 4223 Nec
1073 4160 1188 4222 solum
1203 4158 1246 4221 de
1263 4158 1365 4221 bonis
1376 4158 1486 4237 Regis

260 4266 491 4343 ditescebant,
518 4265 581 4329 sed
606 4266 714 4347 aliqui
739 4282 915 4347 pauperes
940 4265 1197 4347 opprimebant,
1224 4274 1260 4329 et
1280 4282 1413 4345 magna
1435 4274 1488 4347 ty·

300 4506 308 4541 Ι
336 4506 411 4551 Prius
423 4508 563 4561 scripserat
575 4506 679 4553 Polanci
691 4510 812 4554 librarius
828 4510 1013 4553 consideraret
1027 4520 1079 4553 uon
1092 4513 1196 4565 possea·
1205 4516 1233 4553 at
1244 4510 1312 4553 linea
1321 4510 1488 4565 superducta

259 4580 356 4623 delevit
367 4590 456 4624 vocem
467 4580 659 4631 consideraret,
669 4592 726 4624 cum
736 4581 822 4625 delere
833 4582 973 4636 debuisset,
984 4590 1012 4625 ιιι
1022 4583 1094 4625 nobis
1107 4582 1209 4636 quidem
1221 4582 1333 4637 videtur,
1349 4594 1427 4627 voces
1437 4594 1489 4627 non

257 4654 357 4707 posset.

300 4722 312 4755 ⁸
338 4720 384 4767 lds.
396 4722 502 4766 nititur.
