3717 5400
376 479 432 539 450
837 477 965 537 Canon.
985 476 1062 535 Soc.
1083 477 1153 550 jas

376 636 446 702 tur,
464 633 659 704 cessarunt,
676 624 711 689 in
726 623 853 703 quibus
864 638 1017 701 magnae
1029 632 1130 685 erant
1145 622 1353 687 occasiones
1368 622 1483 687 Deum
1499 622 1603 688 olien-

377 732 494 812 dendi;
517 734 648 795 multae
673 742 812 794 veteres
834 730 1040 794 inimicitiae
1055 729 1244 808 extinctae,
1261 729 1409 793 sublatis
1425 729 1469 793 de
1490 730 1610 796 medio

376 840 625 903 occasionibus
644 857 689 901 ex
703 838 830 918 quibus
849 838 929 901 illae
951 845 1068 901 ortum
1086 836 1276 915 habebant,
1298 846 1333 901 et
1352 847 1498 917 propter
1517 855 1608 918 quas

377 946 485 1027 aliqui
501 946 670 1010 etiamad
684 945 812 1009 caedes
827 943 943 1026 parati
963 953 1075 1007 erant.
1098 943 1170 1007 Alii
1184 944 1229 1007 ab
1251 943 1330 1007 aliis
1348 944 1505 1023 peccatis
1526 961 1607 1023 gra·

374 1053 479 1116 vibus
494 1061 529 1117 et
543 1053 718 1117 diuturnis
732 1061 964 1117 emerserunt.
981 1050 1093 1115 Erant
1107 1051 1201 1114 enim
1216 1050 1335 1131 aliqui,
1353 1051 1411 1132 qui
1431 1051 1554 1115 decem
1572 1061 1608 1116 et

375 1160 504 1238 viginti
518 1160 632 1238 anniS,
650 1176 740 1223 unus
756 1160 863 1222 etiam
879 1158 939 1239 qui
954 1158 1223 1239 quinquaginta,
1240 1158 1276 1221 in
1296 1158 1522 1237 gravissimis
1538 1158 1606 1223 Dei

374 1264 545 1347 [offensis]
560 1267 718 1330 immersi
732 1274 844 1344 erant;
861 1276 896 1328 et
914 1266 1059 1329 ultimus
1074 1265 1132 1327 hic
1152 1282 1233 1327 eum
1248 1266 1377 1328 callum
1393 1264 1605 1346 obduxerat,

375 1382 413 1437 ut
435 1371 511 1451 jam
534 1374 603 1453 ipsi
630 1372 856 1453 impossibilis
881 1372 1082 1434 emendatio
1106 1370 1298 1448 videretur,
1323 1379 1358 1433 et
1383 1372 1461 1435 aliis
1487 1372 1606 1451 etiam,

372 1497 455 1544 cum
468 1481 595 1562 quibus
609 1479 831 1543 familiariter
845 1479 987 1557 agebat;
1005 1478 1067 1540 sed
1082 1478 1139 1540 ille
1160 1480 1362 1557 generalem
1385 1480 1481 1542 vitae
1496 1480 1606 1543 totius

371 1586 630 1650 confessionem
645 1585 808 1663 instituit,
824 1594 860 1647 et
875 1591 1081 1648 constanter
1096 1584 1131 1647 in
1147 1584 1392 1649 emendatione
1407 1584 1503 1649 vitae
1517 1604 1604 1650 suae

371 1693 629 1774 perseveravit,
643 1709 724 1756 cum
736 1710 808 1755 non
819 1691 947 1755 minori
958 1691 1190 1755 admiratione
1202 1708 1309 1772 quam
1320 1692 1453 1771 gaudio
1467 1710 1603 1771 eorum,

371 1801 500 1881 quibus
514 1810 619 1864 notus
634 1811 722 1864 erat.

436 1906 522 1971 1213.
566 1907 666 1971 Unus
690 1908 858 1970 inventus
882 1915 936 1969 est
960 1906 1051 1968 inter
1077 1905 1176 1983 alios,
1205 1922 1309 1985 quem
1336 1924 1377 1969 eo
1406 1905 1605 1971 dementiae

371 2014 590 2077 consuetudo
610 2013 782 2093 peccandi
802 2011 1012 2086 adduxerat,
1036 2022 1074 2075 ut
1096 2029 1134 2075 se
1155 2011 1319 2075 daemoni
1342 2011 1495 2092 offerret,
1513 2022 1548 2076 et
1568 2014 1605 2077 in

371 2121 610 2185 testimonium
625 2120 808 2183 servitutis
822 2120 1013 2199 quamdam
1028 2119 1083 2181 sui
1099 2118 1259 2198 corporis
1270 2128 1407 2198 partem
1424 2119 1457 2183 ei
1471 2118 1604 2183 sacrifi·

369 2240 536 2306 caverat;
563 2228 599 2290 in
623 2244 692 2306 quo
719 2226 850 2290 infelici
874 2235 971 2289 statu
990 2225 1155 2306 perstitit,
1177 2225 1391 2305 stipendium
1411 2226 1497 2291 illud
1515 2226 1604 2289 refe-

369 2352 464 2413 rens,
479 2334 574 2414 quod
588 2336 677 2397 solet
691 2334 766 2397 suis
779 2334 895 2395 servis
910 2331 1061 2397 daemon
1076 2333 1293 2411 persolvere,
1312 2314 1606 2398 continuas'scili·

369 2453 427 2506 cet
443 2440 692 2519 desolationes,
710 2439 919 2505 afflictiones
936 2439 1044 2502 animi
1059 2449 1093 2502 et
1108 2448 1280 2517 terrores;
1297 2448 1331 2502 et
1354 2449 1473 2503 tamen
1488 2441 1534 2505 ad
1549 2458 1603 2505 sa·

370 2557 554 2612 eramenta
569 2548 752 2625 ecclesiae,
765 2557 889 2611 tacens
903 2547 972 2610 hoc
984 2556 1181 2626 peccatum,
1195 2545 1397 2609 accedebat.
1415 2547 1482 2623 Hic
1495 2549 1604 2613 etiam

370 2672 434 2737 per
449 2672 557 2720 unum
572 2672 616 2718 ex
631 2655 763 2718 nostris
778 2672 799 2718 a
815 2653 883 2719 Dei
898 2651 1141 2717 misericordia
1156 2652 1374 2734 sublevatus
1392 2654 1436 2716 ab
1458 2654 1524 2718 hac
1541 2672 1601 2718 nn·

370 2781 452 2826 sera
467 2762 656 2843 tyrannide
675 2761 858 2824 daemonis
881 2770 1023 2840 ereptus
1045 2769 1109 2839 est,
1133 2770 1168 2823 et
1183 2770 1326 2838 gustato
1347 2762 1450 2824 suavi
1471 2761 1602 2827 Christi

360 2868 467 2950 iugo,
490 2871 527 2934 in
548 2869 622 2933 vita
644 2869 802 2932 studiosa
825 2885 867 2931 ac
889 2877 1194 2931 sacramentorum
1219 2865 1417 2947 frequentia
1439 2886 1601 2948 perseve-

372 2977 478 3040 ravit,

433 3083 522 3147 1214.
568 3082 647 3146 Alia
665 3083 817 3162 plurima
838 3081 1046 3159 singillatim
1066 3080 1136 3144 dici
1152 3091 1305 3162 possent,
1329 3097 1421 3161 quae
1441 3099 1486 3145 ex
1501 3100 1600 3163 prae-

368 3189 475 3254 dictis
500 3190 619 3268 colligi
639 3189 743 3252 facile
767 3196 949 3268 poterunt;
973 3185 1034 3248 sed
1059 3185 1143 3248 illud
1168 3203 1300 3250 novum
1322 3186 1400 3264 fuit,
1427 3187 1519 3267 quod
1545 3189 1601 3252 vir

368 3297 524 3377 quidam,
541 3297 601 3377 qui
616 3305 752 3374 septem
772 3311 883 3357 annos
903 3293 994 3355 inter
1014 3310 1206 3356 saracenos
1228 3294 1380 3370 vixerat,
1404 3303 1439 3356 et
1458 3294 1600 3375 quidem

366 3404 525 3484 ipsorum
541 3420 650 3478 more,
665 3418 746 3465 cum
761 3401 868 3464 etiarn
884 3417 1033 3464 uxorem
1049 3416 1260 3464 saracenam
1272 3400 1442 3479 duxisset,
1460 3403 1505 3464 ad
1520 3418 1598 3465 san-

365 3520 446 3573 ctae
459 3511 641 3574 Ecclesiae
656 3508 831 3587 gremium
852 3508 966 3584 rediit,
984 3517 1019 3568 et
1039 3507 1081 3568 ad
1104 3507 1310 3585 legitimam,
1329 3525 1436 3587 quam
1457 3508 1599 3589 reliquit
1679 3579 1681 3582 ,

365 3635 526 3695 uxorem,
550 3626 584 3679 et
603 3617 657 3679 sic
681 3615 793 3678 vitam
813 3610 1009 3694 institu[it],
1037 3624 1073 3675 ut
1098 3629 1136 3674 se
1161 3630 1230 3676 non
1257 3614 1500 3678 immemorem
1525 3625 1598 3680 tam

362 3723 516 3804 insignis
531 3721 692 3785 beneficii
707 3720 846 3801 accepti
861 3720 1074 3783 ostenderet.

426 3830 516 3894 1215.
558 3828 763 3909 Spiritualia
782 3826 953 3890 exercitia
979 3826 1103 3906 primis
1124 3837 1277 3906 quatuor
1291 3828 1470 3891 mensibus
1492 3827 1596 3908 hujus

363 3937 450 4001 anni
464 3937 538 4001 fere
551 3936 740 4014 sexaginta
762 3933 923 4014 personis
943 3934 1084 3997 fuerunt
1104 3933 1296 4014 proposita,
1319 3944 1354 3998 et
1373 3937 1493 4015 plures
1513 3935 1596 3999 fuis·

363 4052 453 4123 sent,
486 4044 517 4106 si
542 4044 668 4106 domus
692 4052 836 4104 nostrae
864 4040 1047 4120 capacitas
1075 4048 1110 4103 et
1138 4040 1365 4120 quotidianae
1394 4052 1595 4107 nostrorum

363 4150 620 4232 occupationes
639 4147 798 4230 pluribus
818 4150 937 4210 locum
956 4146 1146 4209 dedissent.
1169 4147 1221 4210 Ea
1244 4148 1339 4212 enim
1359 4147 1472 4212 fames
1496 4151 1597 4229 profi·

363 4257 480 4322 ciendi
501 4258 536 4321 in
555 4257 662 4319 rebus
681 4253 922 4334 spiritualibus
944 4253 979 4316 in
1001 4253 1120 4316 multis
1140 4264 1228 4332 erat,
1251 4263 1379 4318 utnon
1402 4257 1516 4319 solum
1536 4257 1597 4338 qui

364 4365 587 4428 familiariter
602 4380 682 4425 cum
697 4360 828 4424 nostris
839 4359 1005 4440 agebant,
1023 4360 1085 4422 sed
1102 4361 1207 4423 etalii
1222 4378 1292 4424 non
1308 4364 1412 4443 pauci
1424 4381 1468 4426 ex
1484 4380 1596 4428 remo·

364 4474 411 4535 tis
424 4472 511 4536 locis
526 4470 572 4533 ad
587 4469 653 4532 hoc
669 4469 785 4548 ipsum
799 4465 1026 4546 Complutum
1041 4467 1214 4546 venirent,
1233 4478 1270 4531 ut
1281 4469 1525 4549 spiritualibus
1542 4471 1595 4534 his

360 4577 676 4642 exercitationibus
690 4575 783 4637 serio
803 4572 847 4636 de
869 4573 937 4636 hoc
959 4573 1117 4652 profectu
1137 4574 1316 4637 interioris
1338 4575 1490 4640 hominis
1513 4594 1594 4656 age·

360 4695 452 4748 rent.
474 4683 518 4747 Et
538 4683 750 4745 cernebatur
763 4681 806 4749 in
828 4680 950 4744 variae
966 4680 1178 4744 conditionis
1200 4693 1234 4745 et
1254 4691 1368 4747 status
1391 4683 1593 4749 hominibus
