3717 5400
368 464 425 523 60⁰
821 472 951 535 Canon.
974 474 1051 537 Soc.
1075 476 1150 551 Jss.

370 610 455 675 bani
474 608 481 643 ¹
497 624 532 678 et
547 616 698 681 aliorum
716 618 988 701 intellexissent,
1010 623 1144 687 nullum
1159 623 1288 688 esseio
1308 624 1408 689 India
1422 624 1608 688 existima—

372 718 457 783 bant
471 721 518 785 ad
529 722 605 803 ejus
620 723 832 797 Provinciae
845 729 1140 807 gubernationem
1154 731 1332 810 idoneum,
1343 740 1378 795 et
1388 731 1482 795 idem
1489 732 1606 796 verbo

371 823 570 893 affirmabat
584 830 750 897 Andreas
771 834 950 914 Carvallo,
973 838 1035 919 qui
1056 855 1138 903 cum
1157 837 1305 903 Andrea
1325 836 1533 903 Femaudez
1553 855 1599 902 ex

371 930 471 998 India
493 948 643 1002 venerat
664 938 687 1004 ¹.

435 1041 524 1105 1649.
567 1044 612 1109 Et
645 1050 866 1115 mirabantur
899 1053 1005 1116 valde
1039 1053 1135 1134 quod
1169 1051 1207 1117 P.
1244 1052 1417 1117 Melcbior
1452 1052 1608 1131 Nugues

371 1146 508 1214 Indiam
526 1153 744 1237 reliquisset,
761 1168 800 1221 ut
819 1159 865 1223 ad
885 1158 990 1223 Sinas
1009 1172 1071 1225 aut
1087 1160 1307 1245 Japonenses
1327 1176 1367 1223 se
1384 1160 1561 1224 conferret
1574 1157 1607 1236 ‘a

373 1264 409 1319 et
423 1254 462 1320 P.
478 1256 725 1328 Balthasarem
740 1263 830 1329 Diaz
844 1264 857 1297 ⁴
872 1267 918 1332 ad
933 1277 1007 1332 tam
1019 1284 1133 1349 grave
1147 1285 1237 1331 onus
1259 1266 1468 1331 Provinciae
1488 1265 1600 1330 feren·

373 1363 457 1427 dum
471 1365 643 1447 imparem
659 1371 937 1437 arbitrabantur.
953 1374 998 1439 Et
1016 1375 1094 1439 Rex
1108 1374 1228 1456 potius
1241 1373 1391 1439 subditis
1405 1374 1481 1437 suis
1496 1389 1609 1453 otram⁴

373 1471 454 1535 aliis
468 1476 626 1539 externis
639 1480 796 1560 prospici
811 1498 920 1562 opera
933 1494 1137 1546 nostrorum
1151 1482 1307 1546 volebat.

437 1578 525 1645 1650.
568 1582 720 1650 Pro-rex
743 1586 866 1668 etiam,
896 1588 942 1652 D.
967 1588 1094 1654 Petrus
1117 1590 1162 1653 de
1189 1588 1468 1668 Mascaregnas,
1495 1600 1611 1665 aegre

374 1685 512 1751 laturus
526 1690 714 1756 videbatur
729 1695 822 1773 quod
837 1697 973 1760 nullum
986 1697 1192 1777 theologum
1203 1694 1391 1761 Societatis
1405 1702 1550 1757 nostrae
1565 1694 1603 1756 in

374 1793 632 1862 confessarium
647 1798 747 1871 Goae
768 1802 900 1867 habere
913 1814 1046 1885 possen
1069 1814 1104 1868 et
1117 1804 1202 1885 quia
1221 1802 1431 1868 nominatim
1446 1800 1485 1864 P.
1507 1798 1609 1865 Gon—

375 1904 517 1967 zalvum
531 1904 574 1969 de
589 1904 741 1988 Sylvera
755 1910 813 1973 ille
828 1913 1073 1992 postulaverat
1088 1910 1112 1991 ⁸,
1124 1928 1206 1976 eum
1220 1910 1430 1975 mittendum
1440 1924 1519 1972 esse
1533 1906 1604 1971 hoc

374 2009 453 2089 ipso
468 2027 562 2075 anno
577 2016 782 2081 censebant.
801 2018 847 2083 Et
866 2036 909 2083 eo
932 2020 1110 2084 solidioris
1132 2019 1275 2083 virtutis
1295 2034 1373 2081 esse
1393 2015 1522 2081 debere
1542 2013 1610 2095 qui

375 2116 455 2180 aliis
469 2131 651 2197 praeesset
664 2124 925 2206 existimabant,
941 2126 1037 2209 quod
1050 2127 1160 2207 vulgo
1174 2125 1354 2190 ferebatur
1372 2136 1407 2187 et
1426 2121 1603 2187 existima·

375 2222 479 2289 batur
499 2226 592 2291 inter
613 2238 766 2311 nostros,
790 2234 884 2313 quod
905 2234 966 2315 qui
986 2252 1032 2299 ex
1052 2233 1196 2315 Europa
1210 2234 1249 2297 in
1266 2231 1402 2297 Indiam
1421 2227 1603 2294 mitteban-

374 2338 446 2410 tur,
467 2332 598 2399 ibidem
617 2337 653 2400 in
672 2338 762 2403 alios
782 2340 955 2421 homines,
975 2341 1103 2419 idest,
1124 2342 1242 2405 minus
1259 2340 1452 2422 perfectos,
1474 2334 1612 2399 mutari

375 2453 483 2519 saepe
497 2442 669 2509 solebant.
688 2442 779 2525 Quia
794 2456 914 2513 tamen
928 2449 998 2514 hoc
1011 2466 1106 2513 anno
1120 2448 1159 2513 P.
1180 2448 1359 2513 Antonius
1377 2447 1422 2509 de
1440 2439 1614 2523 Quadtos

375 2545 506 2611 missus
534 2558 609 2630 est,
636 2554 810 2633 usquein
837 2565 1042 2638 sequentem
1070 2556 1244 2637 profectio
1272 2554 1311 2617 P.
1338 2548 1518 2618 Gouzalvi
1539 2546 1613 2612 fuit

375 2651 497 2717 dilata.

437 2761 527 2825 1651.
570 2765 659 2832 Cum
683 2779 807 2849 ageret
827 2769 866 2835 P.
892 2771 1010 2836 Miron
1024 2788 1105 2835 cum
1129 2771 1228 2852 Rege
1243 2771 1286 2834 de
1314 2766 1531 2834 ornamentis
1561 2762 1609 2826 ad

375 2865 495 2934 divina
525 2873 640 2938 officia
662 2877 977 2957 convenientibus,
1003 2895 1095 2961 quae
1119 2879 1157 2942 in
1181 2876 1408 2959 Aethiopiam
1432 2870 1606 2938 mittenda

375 2988 488 3057 erant,
505 2979 584 3045 Rex
597 2982 669 3062 (qui
684 2985 873 3050 admodum
893 3002 1253 3067 propensussemper
1272 2983 1339 3051 luit
1358 2984 1404 3048 ad
1422 2999 1482 3047 res
1496 2982 1615 3046 eccle·

375 3086 551 3167 siasticas)
577 3108 599 3153 a
619 3089 726 3155 Patre
746 3091 884 3157 Mirone
902 3094 1097 3174 postulavit
1122 3111 1169 3158 au
1193 3093 1462 3157 consuevissent
1483 3089 1608 3153 diebus
1714 3101 1719 3112 ·

376 3194 562 3260 dominicis
581 3214 673 3277 aqua
696 3197 881 3263 benedicta
900 3202 1070 3280 populum
1091 3216 1301 3281 aspergere,
1323 3208 1428 3280 prout
1446 3199 1484 3262 in
1504 3211 1611 3278 paro·

375 3301 466 3366 chiis
480 3302 556 3368 lieri
570 3306 671 3369 solet.
688 3305 882 3388 Respondit
897 3306 936 3372 P.
953 3307 1070 3372 Mlton
1085 3308 1181 3388 apud
1201 3325 1268 3372 nos
1291 3307 1327 3370 id
1341 3307 1511 3370 usitatum
1532 3320 1608 3368 uon

376 3425 466 3473 esse:
483 3409 632 3491 subiecit
646 3411 724 3476 Rex
737 3413 869 3478 bonum
887 3413 965 3478 lore
984 3414 1015 3477 si
1032 3415 1140 3478 etiam
1160 3432 1204 3480 ea
1224 3413 1428 3478 ceremonia
1445 3429 1511 3475 nos
1532 3419 1613 3475 ute—

376 3531 506 3581 remur.
523 3515 578 3581 De
593 3517 771 3584 thuribulo
785 3521 904 3599 etiam,
920 3538 991 3602 quo
1006 3523 1119 3586 nostri
1133 3522 1185 3586 uti
1198 3539 1271 3585 non
1284 3521 1458 3597 solebant,
1475 3516 1612 3598 signifi—

377 3623 473 3687 cavit
488 3623 581 3690 idem
597 3624 692 3704 Rex,
710 3626 804 3708 quod
825 3626 902 3710 ejus
922 3645 1008 3692 usus
1029 3627 1251 3693 inducendus
1273 3626 1465 3692 videretur.
1481 3623 1519 3690 P.
1543 3623 1609 3688 Mi-

377 3746 453 3808 ron,
478 3732 643 3812 quamvis
661 3731 697 3796 id
715 3751 787 3797 non
805 3751 883 3798 esse
905 3735 1061 3815 positum
1079 3736 1116 3799 in
1134 3752 1234 3800 more
1252 3732 1440 3798 Societatis
1459 3733 1615 3808 diceret,

377 3838 607 3904 nihilomiuus
621 3857 659 3904 se
674 3840 851 3906 facturum
866 3843 1000 3922 recepit
1019 3841 1190 3926 quidquid
1203 3841 1295 3922 Regi
1310 3841 1506 3918 videretur,
1522 3838 1605 3920 quia

378 3945 414 4010 id
433 3947 541 4010 etiam
560 3945 598 4010 P.
621 3946 759 4026 ignatio
779 3948 993 4028 placiturum
1015 3950 1267 4014 arbitrabatur.
1293 3948 1404 4033 Jussit
1422 3963 1509 4026 ergo
1530 3943 1611 4010 Rex

421 4153 429 4186 ¹
458 4152 573 4207 Patron,
583 4153 692 4202 seilicet,
702 4151 829 4207 Gasparie
842 4152 962 4208 Barcaei,
976 4152 1155 4198 Emmanuelis
1168 4152 1280 4198 [orales
1295 4158 1322 4197 et
1336 4151 1436 4199 Urbani
1450 4150 1618 4196 Fernaadez.

380 4223 447 4269 Vide
457 4236 544 4278 supra,
557 4232 574 4268 t.
586 4235 624 4280 nr,
634 4235 694 4286 pag.
704 4225 752 4278 ste,
765 4236 788 4267 n.
799 4225 862 4268 17113.

420 4295 432 4328 ¹
459 4295 526 4340 Vide
537 4307 623 4348 supra.
633 4303 644 4340 t
663 4307 699 4344 ιιι.
706 4307 767 4352 pag.
777 4297 826 4350 1197,
837 4309 861 4342 ιι.
869 4297 922 4342 873.

420 4365 433 4398 ⁸
459 4366 528 4412 Vide
537 4379 624 4422 supra.
636 4374 655 4414 t.
666 4379 702 4420 ιν,
712 4379 772 4422 pag.
782 4369 858 4414 650et
869 4381 929 4425 req..
941 4381 984 4414 nu.
995 4370 1048 4414 1³89
1056 4376 1084 4414 et
1092 4381 1147 4426 seq.

420 4441 433 4474 ⁴
460 4437 486 4483 la
501 4451 517 4483 a
532 4439 560 4483 P.
576 4439 715 4485 Melcbiore
729 4440 816 4485 Nunez
833 4441 922 4486 ludlae
937 4443 1086 4496 praelectus
1100 4443 1194 4488 luerat.
1210 4439 1278 4486 Vlde
1292 4450 1385 4494 sopra,
1400 4447 1420 4484 t.
1435 4449 1472 4492 ru,
1487 4449 1548 4493 pag.
1562 4436 1623 4489 653»

381 4509 476 4555 ιι.1899.

422 4581 434 4614 ¹
461 4582 489 4628 ld
507 4584 689 4638 postulaverat
705 4585 827 4638 Pro-rex,
844 4595 902 4630 com
917 4587 944 4630 ln
961 4585 1058 4630 indiam
1076 4597 1144 4631 anno
1162 4585 1329 4641 praecedeuti
1348 4585 1506 4642 Ulyesipona
1523 4583 1620 4636 soloin

384 4656 504 4709 quamvis
519 4661 580 4699 tunc
595 4667 645 4700 non
661 4663 715 4700 tam
730 4657 836 4702 Patrem
854 4656 968 4702 Silveira
982 4669 1061 4712 qoam
1075 4657 1181 4703 Patrem
1197 4657 1350 4703 lllcbaelem
1363 4661 1395 4701 de
1413 4656 1509 4701 Torret
1524 4665 1618 4700 secan

382 4731 520 4780 asportare
531 4727 660 4780 cupiebat.
670 4725 736 4771 Vide
746 4739 832 4783 supra,
845 4736 864 4773 t.
875 4739 910 4783 ιιι,
921 4740 981 4784 pag.
990 4729 1039 4783 515,
1049 4740 1075 4776 a.
1086 4729 1149 4775 1167.
