3717 5400
355 497 412 555 472
813 495 942 558 Canon.
962 494 1039 557 Soc.
1060 496 1131 570 Jns.

355 654 390 705 et
406 645 606 724 exemplum
628 644 783 724 capitum
798 643 858 706 alii
882 644 1136 723 sequebantur,
1162 653 1198 706 et
1218 642 1312 724 quod
1337 644 1453 721 magis
1467 643 1594 707 dolen·-

356 752 440 815 dum
455 761 542 829 erat,
559 768 629 815 non
649 752 765 815 minus
781 749 843 832 [in]
859 750 1111 815 ecclesiasticis
1130 750 1292 831 (quorum
1315 767 1393 815 esse
1415 751 1585 815 debuerat

357 857 509 922 officium
525 858 614 921 alios
632 856 832 938 pacificare)
859 875 965 938 quam
977 858 1021 936 lin
1046 858 1158 935 laiciS,
1185 855 1385 938 hujusmodi
1411 855 1597 921 factiones.

359 967 568 1043 regnabant;
577 974 612 1027 et
623 965 672 1028 ita
685 964 793 1045 aliqui
803 982 848 1026 ex
857 964 1107 1028 ecclesiasticis
1119 965 1357 1045 quadraginta
1368 974 1402 1027 et
1414 964 1587 1045 quinqua·

358 1073 458 1151 ginta
473 1072 641 1135 militibus
654 1072 775 1152 stipati
790 1071 836 1135 ad
851 1070 1063 1135 Cathedrale
1084 1074 1254 1151 templum
1276 1072 1385 1149 ibant,
1410 1081 1445 1134 et
1463 1072 1513 1134 ita
1528 1070 1585 1133 de·

359 1194 456 1242 mum
469 1178 694 1259 tyrannidem
709 1178 745 1242 in
759 1188 833 1241 tota
850 1194 893 1240 ea
907 1178 1052 1241 civitate
1067 1178 1194 1241 miram
1213 1178 1437 1242 exercebant.
1458 1175 1595 1257 Seque·¹

360 1287 489 1350 bantur
503 1295 622 1349 autem
635 1284 702 1348 has
715 1286 956 1349 dissensiones
970 1284 1039 1347 alia
1051 1294 1210 1364 peccata,
1224 1285 1329 1348 etiam
1344 1285 1496 1365 publica,
1513 1285 1586 1365 plu·

360 1394 467 1473 rima,
495 1401 532 1455 ut
556 1392 630 1456 ludi
653 1394 812 1456 alearum
833 1401 868 1455 et
890 1392 1001 1456 illiciti
1023 1402 1246 1471 contractuS,
1269 1402 1409 1472 praeter
1432 1393 1596 1473 privata,

361 1500 573 1582 usqueadeo
598 1509 637 1563 ut
661 1500 890 1563 concionator
913 1498 1056 1581 quidam
1079 1500 1216 1579 publice
1230 1500 1359 1563 dixerit
1373 1500 1589 1563 Plasentiam

361 1626 439 1673 esse
446 1608 558 1671 veluti
565 1608 881 1688 primogenituram
889 1607 1021 1671 diaboli
1029 1606 1303 1686 (majoraagum
1311 1608 1420 1686 vulgo
1431 1609 1586 1682 vocant).

424 1715 513 1779 1278.
555 1714 625 1779 Sed
640 1714 676 1777 hi
691 1715 852 1778 homines
866 1716 960 1778 serio
975 1714 1020 1777 ad
1032 1714 1223 1790 Christum,
1241 1730 1363 1777 verum
1374 1714 1588 1795 Episcopum

362 1834 396 1886 et
411 1823 594 1887 Pastorem
608 1823 808 1885 animarum
821 1838 979 1901 suarum,
1000 1822 1176 1899 conversi,
1197 1838 1278 1885 cum
1298 1839 1437 1884 summa
1455 1820 1594 1885 laetitia

362 1947 426 2010 per
444 1930 541 1993 viam
562 1929 812 1993 mandatorum
825 1926 972 1992 Domini
993 1945 1137 1992 currere
1150 1938 1355 2009 coeperunt,
1378 1928 1480 2009 quasi
1495 1944 1589 1992 nova

363 2036 517 2116 quadam
532 2038 610 2099 luce
625 2036 801 2108 illustrati,
819 2052 926 2116 quam
940 2034 1115 2099 Dominus
1133 2052 1198 2115 per
1215 2035 1396 2099 minimam
1416 2035 1508 2098 banc
1527 2032 1587 2099 So·

363 2144 527 2207 cietatcm
542 2144 594 2205 eis
612 2142 899 2205 communicavit.
920 2142 1122 2206 Audiebant
1141 2150 1260 2205 autem
1280 2142 1421 2205 assidue
1439 2141 1596 2205 verbum.

363 2250 441 2327 Dei,
458 2262 492 2313 et
508 2251 678 2329 peculiari
694 2250 847 2331 quodam
862 2248 991 2313 affectu
1007 2248 1218 2327 devotionis
1235 2266 1315 2312 cum
1332 2267 1353 2311 a
1367 2248 1498 2311 nostris
1509 2265 1589 2328 pro·

363 2358 572 2438 ponebatur,
585 2374 631 2421 ex
645 2374 795 2436 quorum
807 2355 1036 2419 concionibus
1047 2355 1306 2420 fatebanturilli
1318 2373 1356 2419 se
1368 2370 1449 2418 cum
1459 2371 1591 2435 magna

363 2465 551 2527 devotione
569 2476 604 2527 et
625 2464 802 2527 desiderio
826 2462 1006 2526 serviendi
1030 2460 1107 2527 Deo
1132 2470 1167 2525 et
1191 2462 1336 2541 negotia
1361 2480 1446 2525 suae
1466 2462 1601 2526 salutis.

362 2573 540 2635 tractandi
555 2572 688 2651 egredi3
705 2582 740 2634 et
754 2571 895 2652 quidem
909 2571 946 2634 id
961 2569 1164 2633 accedendo
1184 2570 1309 2632 crebro
1330 2570 1375 2633 ad
1390 2586 1592 2633 sacramen·

364 2691 412 2759 ta,
428 2690 464 2744 et
479 2679 549 2743 alia
563 2679 705 2760 pietatis
720 2695 830 2758 opera
845 2678 1055 2742 exercendo.

426 2787 515 2850 1279.
557 2787 676 2849 Dabat
690 2797 807 2850 autem
822 2786 916 2850 idem
929 2785 1028 2850 Deus
1042 2789 1112 2849 tale
1127 2787 1384 2849 incrementum
1398 2785 1435 2848 in
1449 2784 1536 2863 dies,
1551 2793 1592 2848 ut

363 2891 468 2957 facile
488 2904 580 2956 esset
600 2895 783 2974 percipere
807 2893 902 2973 quod
921 2893 998 2972 ipse
1019 2890 1232 2957 Societatem
1254 2892 1290 2955 in
1311 2909 1390 2956 eam
1410 2892 1592 2956 civitatem

364 2998 562 3081 induxerat,
579 3001 743 3080 quamvis
755 3000 791 3064 id
805 3017 869 3080 per
882 2999 1117 3063 ministerium
1127 2999 1295 3080 Episcopi
1308 2999 1443 3063 lecerit.

428 3103 516 3170 1280.
559 3105 708 3171 Fiebant
722 3123 830 3187 paces
843 3107 936 3170 inter
950 3106 1091 3182 multos,
1114 3105 1265 3186 privatis
1286 3105 1394 3168 etiam
1414 3123 1459 3168 ex
1474 3106 1602 3169 causis,

366 3213 587 3292 dissidentes
611 3233 657 3278 ex
676 3214 804 3294 quibus
822 3214 963 3294 aliquae
983 3213 1104 3291 magni
1124 3221 1228 3276 erant
1247 3214 1415 3277 momenti
1435 3212 1479 3275 ad
1498 3229 1594 3278 com·

366 3338 507 3385 munem
521 3321 630 3384 totius
644 3321 741 3384 urbis
756 3320 921 3402 quietem3
938 3329 973 3384 et
994 3320 1082 3384 satis
1100 3320 1235 3399 negotii
1254 3320 1387 3383 nostris
1405 3319 1593 3384 exhibebat

369 3429 426 3508 pia
440 3428 529 3492 baec
550 3428 772 3504 exercitatio,
794 3445 876 3491 cum
896 3427 1102 3491 inimicitiae
1119 3427 1252 3508 passim
1268 3428 1304 3490 in
1320 3443 1363 3490 ea
1384 3428 1528 3490 civitate
1543 3426 1597 3490 in-

370 3535 583 3598 venirentur.
599 3535 644 3598 Et
659 3545 697 3598 ut
712 3535 845 3615 aliquid
865 3535 1046 3614 sigillatim
1068 3535 1218 3614 dicatur,
1242 3533 1368 3597 nobilis
1388 3535 1533 3613 qnidam
1548 3534 1603 3597 ab

367 3641 437 3704 alio
451 3643 660 3705 vulneratus
673 3650 708 3704 et
723 3640 852 3721 iniuria
867 3639 1028 3719 affectus,
1049 3641 1093 3703 de
1107 3641 1240 3704 ultione
1261 3657 1304 3703 ac
1320 3641 1444 3720 poenis
1458 3657 1603 3704 sumens

368 3748 423 3811 dis
437 3747 489 3811 sic
503 3747 697 3828 cogitabat,
714 3756 752 3810 ut
767 3748 888 3827 magni
910 3749 1093 3825 tumultus,
1113 3757 1259 3827 propter
1278 3747 1461 3827 utriusque
1482 3748 1594 3828 partis

368 3855 562 3934 potentiam
587 3864 622 3918 et
645 3865 859 3933 sectatores,
885 3855 1013 3918 merito
1039 3854 1257 3934 timerentur,
1282 3845 1363 3918 curn
1387 3855 1602 3935 praesertim·

368 3962 420 4026 illi
431 3963 603 4040 homines
617 3962 654 4025 in
665 3963 731 4041 his,
748 3979 840 4043 quae
852 3962 897 4026 ad
908 3961 1080 4027 honorem
1092 3963 1268 4042 pertinent
1283 3962 1486 4041 humanum,
1499 3961 1605 4026 nimii

370 4085 517 4150 prorsus
544 4070 626 4132 sint.
661 4068 954 4133 commendatum
982 4068 1049 4131 luit
1078 4067 1147 4130 hoc
1175 4067 1356 4146 negotium
1384 4068 1524 4132 cuidam
1552 4087 1599 4132 ex

371 4177 503 4240 nostris
517 4175 771 4253 sacerdotibus
787 4185 823 4239 et
837 4177 882 4239 ab
897 4193 951 4256 e0,
969 4175 1029 4256 qui
1050 4173 1203 4238 offensus
1222 4174 1350 4253 luerat,
1372 4191 1453 4239 cum
1466 4192 1605 4254 magna

370 4283 527 4346 omnium
539 4281 784 4346 aedificatione
796 4283 999 4363 impetravit
1009 4291 1058 4362 ut,
1075 4282 1231 4346 sineulla
1243 4281 1608 4346 satisfactionebonom

371 4391 422 4454 ris
435 4391 493 4452 vel
508 4389 571 4468 rei,
588 4400 735 4470 propter
748 4390 862 4454 solum
877 4388 947 4453 Dei
961 4407 1118 4454 amorem
1133 4386 1300 4469 injuriam
1314 4388 1543 4453 condonaret.

435 4495 522 4560 1281.
566 4495 626 4561 Sic
644 4497 736 4560 inter
750 4496 840 4560 duos
858 4497 960 4575 alios,
988 4513 1069 4560 cum
1092 4496 1130 4560 in
1155 4498 1235 4559 loco
1254 4495 1394 4578 publico
1421 4497 1610 4561 contentio

371 4605 546 4685 quaedam
561 4613 596 4668 et
610 4621 733 4666 coram
752 4603 870 4667 multis
894 4604 1042 4667 testibus
1062 4603 1262 4678 accidisset,
1289 4613 1322 4668 et
1347 4606 1435 4668 alter
1451 4606 1600 4668 alterum

372 4712 491 4775 verbis
505 4725 539 4774 et
554 4711 659 4775 factis
672 4711 777 4774 valde
791 4710 1006 4790 offendisset,
1028 4709 1172 4790 quidam
1192 4729 1236 4774 ex
1253 4712 1383 4775 nostris
1402 4729 1465 4776 eos
1483 4711 1608 4776 concis
