3717 5400
800 506 864 562 Aa.
888 503 959 564 155⁶>
1441 505 1495 567 90l

260 648 365 730 giosa
392 650 567 729 quaedam
593 650 741 730 triginta
766 669 940 715 annorum
964 654 1105 732 magnis
1126 655 1369 735 spiritualibus
1394 657 1503 720 donis

263 755 436 835 praedita,
465 773 556 837 quae
578 773 642 821 sex
661 759 764 822 annis
784 767 867 822 ante
892 759 1105 840 ingressum,
1133 762 1273 827 cuidam
1294 779 1339 826 ex
1363 765 1501 827 nostris

264 861 428 926 confessa
450 871 538 927 erat.
564 861 691 945 Coepit
712 875 830 930 autem
849 867 1017 944 feliciter,
1037 869 1100 932 sed
1123 884 1337 949 progressus
1359 870 1497 934 felicior

263 969 329 1034 fuit
342 968 447 1049 hujus
462 972 681 1035 monasterii:
698 982 733 1036 et
747 975 886 1054 aliquae
901 993 1003 1038 suam
1022 976 1215 1040 emiserunt
1238 976 1496 1057 professionem

263 1077 329 1140 sub
344 1077 467 1142 ordine
486 1076 546 1142 S.²¹
564 1079 757 1145 Benedicti.

320 1182 394 1246 585.
440 1185 571 1248 Omnes
587 1195 706 1251 autem
719 1187 756 1250 in
771 1187 1012 1269 spiritualibus
1027 1190 1208 1253 exercitiis
1222 1201 1367 1254 nostrae
1380 1189 1502 1255 Socie=

263 1291 348 1355 tatis
362 1293 543 1356 consuetis
557 1309 635 1356 sese
650 1303 897 1373 exercuerunt,
913 1303 949 1360 et
963 1312 1086 1359 earum
1101 1297 1302 1377 exemplum
1321 1298 1411 1361 alias
1424 1315 1497 1362 non

263 1415 398 1479 paucas
414 1398 459 1461 ad
481 1399 714 1464 imitationem
733 1403 941 1466 revocabat.
965 1401 1099 1466 Decem
1120 1404 1279 1482 virgines
1297 1422 1419 1468 mense
1436 1403 1496 1470 Se·

262 1507 414 1586 ptembri
429 1507 578 1570 sollicite
593 1509 769 1588 urgebant
783 1519 936 1587 nostroS,
958 1519 996 1573 ut
1011 1525 1179 1575 curarent
1198 1513 1296 1592 ipsas
1316 1512 1354 1575 in
1374 1530 1494 1575 mona·

262 1615 409 1677 sterium
423 1613 571 1678 admitti.
582 1614 628 1678 Et
640 1625 782 1678 caetera
796 1617 939 1697 quidem
950 1619 1069 1681 omnia
1082 1629 1177 1682 recte
1189 1619 1381 1682 admodum
1394 1620 1496 1683 cede-

262 1720 359 1783 bant.
377 1719 447 1784 Sed
462 1721 546 1784 illud
561 1740 634 1785 non
648 1724 790 1802 optime,
804 1724 898 1804 quod
910 1741 991 1788 cum
1002 1725 1116 1789 nostri
1127 1726 1197 1789 hoc
1208 1726 1304 1806 pium
1317 1744 1405 1806 opus
1416 1743 1495 1806 pro·

263 1828 459 1892 movissent
474 1837 509 1892 et
531 1831 623 1893 lacte
645 1831 746 1894 verbi
765 1830 834 1894 Dei
855 1841 889 1894 et
911 1842 1218 1896 sacramentorum
1240 1851 1283 1896 ac
1304 1833 1494 1896 sacrificio·

262 1951 341 2000 rum
357 1933 575 2015 refecissent,
593 1954 673 2000 cum
686 1946 811 2017 postea
830 1938 957 2018 pedem
977 1938 1111 2002 referre
1132 1941 1280 2013 vellent,
1304 1959 1348 2002 nc
1370 1949 1496 2004 contra

262 2041 414 2105 instituti
429 2043 544 2106 nostri
556 2044 732 2108 rationem
753 2055 918 2125 agerent,
942 2046 978 2109 id
999 2047 1076 2109 sine
1096 2046 1307 2110 offendiculo
1329 2047 1496 2128 plurimo·

262 2165 342 2211 rum
353 2147 471 2213 facere
483 2166 555 2213 non
565 2159 767 2231 potuerunt;
781 2160 815 2215 et
830 2154 960 2216 multos
972 2169 1085 2216 annos
1097 2154 1166 2215 hoc
1178 2171 1286 2217 onere
1297 2151 1496 2233 Collegium

261 2263 422 2319 nostrum
436 2255 746 2338 Panormitanum,
770 2268 911 2323 extorta
932 2260 1045 2323 variis
1066 2259 1180 2323 modis
1195 2277 1217 2322 a
1232 2259 1269 2323 P.
1285 2259 1495 2341 Praeposito

263 2359 431 2426 Generali
446 2363 614 2428 facultate
630 2383 693 2446 per
708 2365 891 2429 civitatem
912 2367 1029 2446 ipsam
1043 2377 1078 2430 et
1095 2368 1281 2447 moniales,
1302 2368 1416 2447 premi
1438 2367 1495 2430 de·

260 2470 347 2533 buit.

319 2575 391 2642 586.
434 2578 543 2644 Aliud
562 2580 661 2660 pium
681 2597 770 2660 opus
789 2597 870 2644 eum
891 2582 1291 2660 magna·aedificatione
1315 2591 1350 2644 et
1373 2581 1491 2644 fructu

261 2685 467 2751 inchoatum
493 2697 561 2768 est,
589 2689 786 2766 puellarum
812 2689 950 2752 scilicet
975 2689 1234 2769 orphanorum,
1261 2689 1297 2751 in
1321 2706 1391 2768 quo
1412 2689 1494 2751 illae

261 2811 373 2875 usque
388 2795 434 2858 ad
455 2805 607 2858 aetatem
629 2796 800 2875 nubilem,
825 2799 883 2859 vel
902 2798 940 2859 in
960 2814 1030 2877 qua
1051 2806 1197 2876 possent
1215 2798 1251 2859 in
1266 2798 1499 2860 monasteriis.

261 2902 440 2981 constitui,
458 2902 638 2966 alerentur
653 2913 688 2967 et
701 2904 983 2967 instituerentur.
1000 2904 1090 2969 Cum
1105 2905 1214 2983 igitur
1228 2903 1266 2966 P.
1287 2903 1493 2968 Provincia·

260 3010 304 3071 lis
316 3026 397 3073 cum
407 3008 579 3090 Pro-rege
590 3019 626 3073 et
637 3010 716 3073 aliis
725 3012 942 3090 primoribus
952 3029 1028 3074 rem
1040 3012 1258 3089 contulisset,
1272 3028 1381 3090 supra
1392 3012 1493 3091 quin·

260 3134 328 3197 que
343 3117 453 3180 millia
468 3134 660 3181 aureorum
675 3117 720 3181 ad
734 3119 869 3181 reditus
884 3119 1054 3182 emendos
1069 3118 1208 3181 collecti
1221 3128 1314 3181 sunt.
1330 3118 1376 3182 Et
1391 3136 1433 3181 eo
1444 3115 1495 3181 fa·

259 3223 362 3290 cilius
376 3223 444 3287 boc
460 3222 556 3304 pium
572 3241 661 3303 opus
675 3233 814 3303 poterat
835 3226 1056 3305 promoveri,
1077 3225 1171 3305 quod
1183 3224 1256 3305 jam
1271 3225 1400 3288 civitas
1414 3225 1493 3304 ipsa

260 3332 328 3393 tria
343 3332 401 3393 vel
416 3339 570 3411 quatuor
585 3330 695 3395 millia
709 3331 923 3395 ducatorum
938 3332 1037 3395 aurei
1053 3331 1186 3394 reditus
1202 3332 1353 3394 babebat
1368 3331 1414 3395 ad
1427 3330 1493 3394 hu·

255 3434 410 3515 jusmodi
426 3437 605 3516 orphanas
620 3438 755 3518 puellas
770 3440 805 3501 in
820 3438 1048 3501 matrimonio
1063 3438 1302 3501 collocandas.
1314 3438 1436 3518 Usque
1447 3438 1497 3501 ad

259 3544 356 3606 illam
371 3560 458 3624 ergo
476 3552 629 3607 aetatem
645 3554 683 3608 ut
702 3546 791 3608 bene
811 3546 947 3609 institui
966 3555 1112 3624 possent
1131 3546 1221 3607 baec
1243 3545 1371 3608 domus
1392 3561 1493 3624 prae·

259 3651 388 3714 stabat.
404 3650 449 3713 Et
463 3651 511 3714 ad
531 3651 776 3731 septingentos
796 3668 924 3715 aureos
940 3652 1049 3715 annui
1067 3651 1203 3714 reditus
1221 3651 1323 3714 brevi
1342 3650 1494 3729 quaesiti

260 3765 358 3834 sunt,
385 3767 420 3822 et
444 3756 550 3821 facile
567 3760 739 3839 temporis
758 3776 926 3822 successu
952 3760 1208 3821 incrementum
1229 3758 1393 3821 habitura
1414 3766 1492 3820 erat

259 3864 348 3927 baec
363 3864 502 3944 domuS,
519 3866 602 3946 quia
616 3865 783 3929 Panormi
798 3867 897 3929 multi
912 3866 1082 3946 propensi
1093 3876 1195 3928 erant
1207 3865 1253 3930 ad
1265 3864 1499 3927 collocandas.

258 3972 295 4034 in
315 3972 541 4036 matrimonio
557 3974 703 4052 puellas,
726 3991 813 4053 quas
834 3973 1010 4036 referebat
1026 3974 1215 4053 plurimum
1234 3973 1270 4035 in
1284 3971 1352 4035 Dei
1367 3972 1493 4034 timore

258 4096 301 4141 ac
321 4080 453 4159 pietate
470 4081 619 4144 institui.
643 4080 772 4144 Visum
791 4090 844 4144 est
866 4090 986 4143 autem
1006 4090 1042 4143 et
1061 4081 1136 4159 peti
1157 4079 1285 4142 debere
1306 4097 1328 4141 a
1347 4077 1494 4142 Summo

258 4184 428 4251 Pontifice
442 4196 480 4252 ut
495 4206 536 4251 ea
553 4205 702 4264 summa,
719 4206 809 4268 quae
826 4198 949 4251 taxata
963 4196 1041 4250 erat
1056 4188 1102 4249 ad
1117 4186 1234 4250 dotem
1250 4185 1492 4265 orphanarum

257 4303 296 4355 ut
311 4294 347 4357 in
362 4295 588 4358 matrimonio
602 4297 874 4374 collocarentur,
891 4294 1017 4358 eadem
1036 4294 1209 4373 applicari
1231 4310 1351 4373 posset
1372 4290 1418 4356 ad
1432 4292 1493 4356 do·

257 4409 328 4463 tem
343 4401 617 4481 ingredientium
633 4402 862 4466 monasteria.

317 4507 388 4572 587.
433 4507 634 4573 Saraceuus
650 4511 793 4590 quidam
808 4510 873 4573 sub
889 4511 1027 4574 initium
1043 4510 1191 4574 aestatis
1205 4509 1251 4572 ad
1269 4518 1414 4572 nostros
1435 4525 1493 4571 ac·

261 4615 381 4691 cessit,
398 4616 520 4681 dicens
535 4617 626 4679 velle
641 4636 679 4681 se
695 4618 929 4681 christianum
944 4616 1032 4697 fieri,
1053 4634 1157 4697 quem
1181 4633 1261 4680 cum
1279 4615 1374 4679 domi
1392 4630 1494 4679 exce

262 4722 398 4800 pissent
411 4733 443 4787 et
456 4722 585 4801 infidei
597 4725 806 4788 rudimentis
817 4725 1071 4789 instruxissent
1082 4741 1125 4787 ac
1136 4725 1278 4787 demum
1290 4741 1369 4786 eum
1382 4722 1495 4802 bapti·
