3717 5400
803 464 867 522 Au.
890 463 961 523 1555
1440 465 1500 524 315

264 619 371 670 tatem
389 609 496 672 etiarn
511 609 733 688 imperialem
752 607 872 671 Fratri
891 608 1117 674 Ferdinando
1132 610 1347 690 resignavit;
1368 619 1403 672 et
1421 610 1496 689 ipse

262 734 343 779 curn
358 715 540 779 sororibus
555 725 590 778 et
605 715 768 779 Leonora
787 714 794 746 ¹
816 727 851 779 et
866 715 981 779 Maria
1001 715 1227 796 profecturus
1245 725 1334 792 crat,
1360 734 1427 779 nec
1442 732 1504 779 so·-

260 826 334 886 lum
348 833 493 904 propter
508 824 760 903 occupationes
775 821 885 902 Regis
901 825 936 885 in
951 823 1103 903 negotiis
1118 833 1192 886 tam
1204 825 1390 902 gravibuS,
1406 823 1498 887 haec

262 939 385 993 nostra
401 931 510 994 dilata
523 929 676 1007 fuerunt;
693 930 754 993 sed
771 929 878 992 etiam
902 930 986 1008 quia
1010 939 1202 1008 expectare
1226 947 1291 992 rex
1315 928 1506 1011 Philippus.

262 1037 405 1100 volebat
419 1035 676 1116 profectionem
696 1037 807 1117 patris
828 1037 863 1099 in
882 1036 1104 1116 Hispaniam,
1120 1045 1311 1118 antequam
1332 1037 1500 1100 mutatio-

262 1161 343 1207 nem
358 1145 514 1224 aliquam
529 1143 675 1221 faceret,
698 1161 789 1224 quae
809 1152 1027 1208 momentum
1048 1144 1206 1222 baberet,
1229 1145 1266 1207 in
1284 1146 1389 1207 rebus
1407 1143 1495 1208 Nea·

262 1251 409 1330 politani
421 1252 534 1331 regni,
547 1250 746 1330 cujusmodi
758 1261 834 1314 erat
846 1251 891 1314 D.
901 1251 1106 1333 Joannema
1119 1251 1343 1331 praefectura
1352 1250 1499 1314 Castelli

261 1359 347 1421 novi
361 1359 512 1421 liberare
526 1369 560 1422 et
576 1359 611 1421 in
629 1356 777 1421 fratrem
788 1358 910 1438 ipsiuS,
927 1357 973 1420 D.
988 1357 1175 1437 Alvarum,
1192 1376 1272 1421 eam
1287 1358 1492 1422 transferre.

320 1463 391 1528 854.
436 1465 481 1529 Et
496 1465 579 1546 quia
595 1483 677 1528 cum
692 1466 817 1528 eodem
828 1463 926 1544 Rege
950 1464 1110 1545 Philippo
1126 1463 1199 1544 jam
1225 1464 1404 1544 agendum
1418 1475 1497 1528 erat

265 1573 308 1635 de
323 1571 492 1636 facultate
506 1573 667 1651 erigendi
683 1573 832 1652 collegia
849 1573 885 1635 in
901 1572 1025 1652 Belgio
1042 1582 1077 1635 et
1090 1589 1160 1636 non
1177 1589 1258 1636 cum
1279 1572 1497 1651 Imperatore

266 1680 376 1759 ipsius
389 1689 501 1760 patre,
516 1679 758 1759 expectandus
769 1680 958 1743 videbatur
969 1678 1128 1758 Reginae
1139 1678 1274 1742 Mariae
1286 1696 1448 1742 recessus
1459 1679 1497 1744 in

267 1785 494 1866 Hispaniam
522 1805 601 1850 cum
628 1788 721 1850 eninr
746 1790 838 1850 male
867 1787 1015 1850 sentiret
1040 1786 1083 1850 de
1109 1786 1215 1850 rebus
1236 1785 1424 1850 Societatis
1452 1788 1506 1849 ob·

266 1895 396 1958 multas
412 1896 621 1971 calumnias
638 1910 730 1974 quae
746 1895 890 1957 auribus
905 1895 1017 1974 ipsius
1031 1893 1274 1956 inferebantur
1288 1894 1311 1972 ³,
1336 1892 1496 1973 expedie-

266 2001 327 2063 bat
341 2008 391 2080 ut,
408 2017 451 2064 ea
467 2002 623 2077 absente,
641 2001 821 2080 negotium
837 2003 905 2064 hoc
920 2008 1148 2079 tractaretur,
1166 1999 1211 2062 ad
1226 2000 1323 2080 quod
1344 2000 1497 2080 aliquem

266 2108 409 2172 natione
424 2107 611 2186 hispanum
631 2107 840 2170 mittendum
863 2123 942 2169 esse
964 2107 1079 2169 nostri
1098 2105 1344 2170 Tornacenses
1366 2123 1410 2170 ac
1431 2107 1496 2170 Lo·

267 2215 456 2277 vanienses
472 2214 681 2278 sentiebant.
699 2213 802 2294 Quod
821 2214 913 2277 inter
934 2223 1078 2277 caetera
1092 2214 1180 2276 satis
1195 2213 1307 2276 movit
1329 2213 1368 2277 P.
1394 2214 1495 2292 Igna-

266 2321 352 2384 tium
368 2329 406 2384 ut
421 2319 459 2385 P.
475 2320 761 2401 Ribadeneyram
776 2339 817 2384 eo
833 2322 988 2384 mitteret
998 2319 1022 2383 ³.

323 2427 394 2492 855.
439 2427 605 2491 Manebat
617 2429 757 2492 interim
770 2429 886 2491 minus
902 2439 1097 2508 occupatus
1111 2428 1297 2505 Bruxellis,
1314 2445 1420 2508 quam
1435 2445 1497 2490 vo-

263 2537 397 2612 luisset,
413 2533 451 2597 P.
469 2534 683 2612 Bernardus,
702 2535 784 2616 quia
797 2553 864 2599 nec
879 2534 1110 2616 praedicandi
1128 2535 1335 2598 facultatem
1357 2536 1401 2596 ab
1416 2534 1496 2614 Epi·

263 2660 372 2724 scopo
386 2641 638 2706 Cameracensi
649 2642 813 2723 habebat,
827 2660 893 2706 nec
905 2643 981 2706 sine
993 2642 1051 2707 illa
1063 2642 1273 2722 expediebat
1285 2641 1414 2705 nostris
1425 2641 1493 2722 pri·

263 2750 405 2828 vilegiis
420 2749 482 2827 uti,
499 2759 533 2811 et
549 2750 679 2828 alioqui
693 2750 823 2829 gallica
839 2750 973 2829 lingua,
989 2766 1080 2830 quae
1095 2750 1289 2812 vernacula
1303 2759 1381 2812 erat
1397 2748 1493 2812 Patri

265 2856 457 2934 Bernard0,
483 2858 613 2936 populo
640 2856 860 2921 Bruxellensi
885 2874 956 2919 non
985 2865 1062 2919 erat
1089 2857 1298 2933 vernacula,
1328 2857 1493 2934 quamvis

264 2964 455 3027 curialibus
475 2963 519 3026 sit
540 2964 644 3026 vaide
664 2963 859 3027 familiaris.
881 2963 1060 3027 Audiebat
1085 2962 1225 3044 quidem
1251 2962 1493 3027 confessiones

262 3070 507 3151 quorumdam,
524 3082 558 3133 ct
574 3080 648 3133 tota
664 3070 724 3133 illa
739 3070 884 3148 familia,
905 3088 996 3150 quae
1012 3070 1204 3149 hospitium
1218 3069 1268 3133 illi
1288 3070 1500 3149 praebebat,

263 3177 427 3241 confessa
443 3178 476 3240 ei
491 3177 617 3255 fuerat,
635 3188 669 3239 et
683 3177 915 3241 familiaribus
931 3177 1115 3258 colloquiis
1129 3177 1173 3240 de
1187 3177 1292 3239 rebus
1306 3176 1494 3255 spirituali-

263 3285 328 3347 bus
343 3286 494 3347 multum
509 3282 721 3363 proiecerat,
738 3294 775 3347 ut
790 3284 959 3362 religiosa
979 3274 1112 3346 domus
1126 3280 1267 3363 [potius]
1290 3299 1397 3362 quam
1419 3300 1495 3345 sae·

261 3392 393 3455 cularis
419 3389 531 3453 videri
546 3401 686 3470 posset,
707 3391 871 3470 operario
893 3400 1023 3467 tamen,
1045 3391 1152 3453 messi
1173 3388 1391 3452 fornacensi
1414 3390 1501 3453 ube·-

262 3498 393 3561 rrimae
420 3508 573 3575 assuew,
601 3514 643 3560 ea
669 3498 773 3561 valde
798 3498 929 3577 exigua
954 3497 1161 3575 videbatur;
1190 3506 1225 3559 et
1252 3514 1332 3559 curn
1361 3497 1493 3576 alioqui

263 3604 307 3669 D.
325 3604 475 3669 Alexius
489 3604 517 3667 F
519 3614 649 3667 ontana
666 3622 708 3667 ac
724 3602 768 3666 D.
785 3603 910 3667 Petrus
924 3605 969 3668 de
984 3603 1112 3667 Zarate
1127 3613 1162 3665 et
1177 3603 1329 3667 Garcias
1340 3604 1439 3682 Lope
1449 3603 1495 3665 de

264 3711 449 3776 Alvarado
470 3708 495 3789 ⁴,
518 3710 790 3773 sollicitudinem
812 3710 907 3774 circa
933 3721 1056 3773 nostra
1079 3710 1223 3788 negotia
1247 3709 1434 3772 tractanda
1459 3722 1494 3772 et

263 3836 388 3881 curam
410 3833 511 3879 suam
538 3817 705 3881 offerrent
730 3828 765 3880 et
791 3817 835 3881 ad
862 3816 1143 3880 aedificationem
1168 3817 1283 3894 magis
1304 3816 1338 3879 id
1359 3815 1497 3890 facere,

260 4154 318 4195 gne.
330 4142 361 4185 de
372 4140 515 4196 Maiorque,
525 4143 541 4184 a
551 4143 576 4184 la
587 4140 749 4195 principante
760 4138 790 4183 de
801 4138 954 4193 Catalogne,
963 4150 996 4181 au
1006 4140 1090 4181 comte
1101 4138 1132 4180 de
1140 4136 1291 4188 Barcelone,
1299 4137 1330 4180 tle
1339 4136 1494 4193 Roussillon,

262 4215 293 4256 de
304 4212 449 4267 Cerdagne,
461 4222 485 4255 et
497 4224 548 4256 aux
559 4214 608 4255 fles
618 4212 793 4265 adjacentes...

301 4282 341 4329 La
359 4284 490 4329 troisieme
506 4290 532 4328 et
549 4284 666 4327 derniere
684 4283 862 4327 renoucfatlon
878 4282 944 4326 erait
961 4282 1073 4326 relative
1087 4292 1122 4325 ιιι
1138 4291 1263 4335 royaume
1279 4280 1311 4323 de
1326 4278 1426 4331 Slclle.,
1442 4278 1498 4322 Ga-

262 4366 357 4409 cnaun,
367 4356 384 4399 l.
393 4366 425 4409 c.,
435 4366 495 4411 pag.
507 4354 596 4399 ffb-ll2

299 4432 307 4461 ¹
338 4427 389 4479 διες
400 4429 562 4471 scribendum
574 4427 642 4471 forte
654 4426 785 4470 Eleonora
796 4436 842 4479 pro
854 4428 879 4469 ef
890 4424 1019 4469 Leonem.
1029 4424 1101 4469 Haec
1111 4430 1170 4467 erat
1180 4424 1258 4467 vidua
1268 4424 1379 4478 primum
1387 4423 1497 4468 Emma-

262 4498 353 4551 nuelis,
361 4498 539 4553 Portugalliae
551 4498 638 4551 Regis.
649 4496 707 4540 dein
720 4496 862 4549 Franclsci,
873 4495 984 4549 Galliae,
995 4494 1078 4539 Maria
1089 4494 1224 4546 Ludovlci,
1235 4492 1395 4548 Hungarfae.

301 4570 313 4603 ⁸
340 4570 408 4615 Vide
418 4580 505 4625 supra,
517 4576 536 4615 t.
547 4580 565 4612 n
584 4580 644 4623 pag.
656 4568 704 4621 289,
715 4580 739 4613 n.
749 4568 797 4629 249,
808 4576 834 4613 et
846 4574 865 4612 t.
876 4578 911 4621 iv,
922 4579 983 4623 pag.
994 4566 1043 4617 281,
1053 4566 1134 4615 nobo.
1143 4573 1170 4609 et
1182 4576 1243 4619 pag.
1253 4565 1302 4619 284,
1312 4577 1338 4609 n.
1347 4566 1384 4609 611

301 4646 312 4676 ³
340 4641 407 4686 Vlrle
420 4652 508 4695 supra,
522 4652 582 4695 pag.
592 4641 628 4693 tt,
640 4651 664 4683 n.
675 4640 709 4683 73.

300 4716 312 4747 ⁴
339 4714 406 4758 Vide
419 4712 514 4759 Carras
524 4712 557 4756 de
568 4710 623 4756 San
635 4711 753 4765 ignacao,
763 4718 781 4755 t.
793 4722 829 4767 vr,
838 4723 898 4767 pag.
906 4712 942 4756 79.
