3717 5400
345 508 402 569 500
798 509 926 572 Canon.
951 509 1029 571 Soc.
1053 511 1125 585 Jes.

346 656 448 739 illud,
471 659 530 723 ubi
550 658 736 739 hospitalis
750 660 828 723 loco
850 669 995 739 possent
1016 658 1204 725 divertere.
1228 658 1385 726 Dederat
1407 664 1502 729 enirn
1523 666 1581 729 eis

346 767 559 848 stipendium
581 768 754 831 Dominus
773 784 925 847 magnae
947 766 1142 847 spiritualis
1162 770 1418 834 consolationis
1440 789 1483 836 ac
1504 773 1578 838 fru-

345 885 436 941 ctus.
762 960 763 963 Ἴ

409 982 495 1047 1362.
538 982 622 1047 Inde
638 982 683 1046 ad
698 980 866 1063 oppidum
881 980 942 1045 Sil
960 980 1080 1045 Lucae
1095 998 1228 1063 magno
1248 1002 1328 1048 cum
1349 985 1472 1049 labore
1494 1004 1579 1067 pro—

344 1100 423 1171 pter
445 1090 518 1154 vim
544 1106 717 1171 aquarum
740 1089 1005 1169 pervenientes
1033 1090 1245 1171 simulatque
1269 1093 1452 1172 conspecti
1477 1104 1575 1174 sunt,

344 1216 481 1262 summa
503 1198 638 1261 laetitia
663 1198 830 1277 populum
856 1214 936 1259 eum
962 1195 1168 1276 affecerunt;
1196 1207 1232 1261 et
1253 1198 1373 1261 statim
1397 1200 1506 1281 aliqui
1526 1202 1575 1265 ad

343 1305 462 1370 Duces
491 1313 693 1379 currerunt,
723 1314 761 1367 ut
787 1303 1200 1368 adventumnostrorum
1225 1304 1484 1387 significarent,
1512 1309 1575 1390 qui

341 1414 463 1477 statim
477 1413 523 1475 ad
537 1422 680 1475 nostros
695 1410 902 1475 salutandos
921 1411 1104 1491 miserunt;
1122 1422 1156 1475 et
1171 1413 1343 1491 postridie
1358 1430 1478 1478 comes
1492 1414 1576 1479 Nie-

341 1519 431 1598 blae,
448 1519 704 1600 primogenitus
719 1516 830 1580 Ducis
846 1516 866 1596 ¹,
884 1526 1026 1581 nostros
1041 1518 1192 1598 invissit,
1209 1528 1243 1582 et
1259 1537 1349 1600 quae
1368 1521 1574 1586 necessaria

340 1636 443 1691 erant
465 1627 511 1690 ad
525 1644 585 1689 eos
600 1624 821 1705 reficiendos,
839 1626 899 1705 qui
920 1625 1180 1704 aegritudinem
1200 1645 1245 1689 ex
1262 1627 1496 1692 incommodis
1516 1629 1569 1694 iti·

339 1734 435 1798 neris
450 1741 716 1811 contraxerant,
732 1740 805 1794 tarn
825 1740 986 1794 amanter
1007 1730 1257 1812 providebant,
1278 1744 1317 1796 ut
1331 1734 1482 1814 ipsamet
1504 1734 1573 1799 Co-

338 1842 475 1907 mitissa
491 1842 527 1903 in
543 1858 606 1903 suo
622 1839 784 1903 cubiculo
799 1856 879 1902 cum
895 1838 969 1901 suis
984 1839 1165 1918 manibus,
1183 1857 1274 1920 quae
1294 1852 1494 1921 opportuna
1515 1861 1567 1907 es·
1664 1825 1667 1832 ¹

337 1958 428 2027 sent,
444 1940 550 2011 v'ellet
566 1963 793 2027 praeparare;
810 1957 844 2011 et
856 1946 1062 2026 quianostri
1075 1946 1287 2010 recusabant
1299 1947 1450 2011 delicata
1462 1966 1568 2030 quae·

337 2056 420 2119 dam
435 2054 632 2131 admittere,
647 2071 737 2134 quae
753 2052 1015 2133 recipiebantur
1027 2051 1051 2132 ⁸,
1064 2063 1137 2117 tam
1150 2055 1297 2117 moleste
1306 2054 1342 2117 id
1354 2055 1569 2139 accipiebat,

334 2172 374 2228 ut
389 2163 550 2243 accipere
567 2163 625 2225 illa
640 2178 786 2224 necesse
801 2168 894 2223 esset
909 2160 954 2223 ob
969 2158 1046 2240 ejus
1061 2162 1354 2241 consolationem,
1372 2162 1486 2227 donec
1507 2181 1569 2226 ae·

334 2271 478 2351 gritudo
494 2270 606 2333 levior
619 2267 715 2332 facta
730 2268 806 2331 fuit.

396 2376 484 2441 1363.
527 2376 694 2439 Vicarius
707 2372 718 2405 ³
730 2375 837 2438 etiam
857 2384 891 2437 et
906 2375 966 2437 alii
981 2372 1215 2437 ecclesiastici
1226 2386 1367 2439 nostros
1379 2394 1566 2457 peraman-

332 2494 386 2548 ter
400 2484 609 2561 inviserunt,
627 2483 686 2563 qui
701 2498 787 2561 erga
803 2480 1016 2545 Societatem
1031 2492 1067 2544 et
1090 2478 1287 2546 ministeria
1308 2482 1383 2563 ejus
1405 2484 1493 2548 mire
1515 2487 1563 2549 af·

329 2591 415 2657 fecti
434 2600 547 2655 erant.
573 2590 722 2653 Interim
743 2598 861 2652 autem
882 2587 966 2651 dum
991 2589 1105 2652 nostri
1124 2606 1191 2652 nec
1216 2590 1474 2670 praedicationi
1495 2610 1567 2657 nec

329 2699 612 2764 confessionibus
638 2696 820 2760 audiendis
846 2714 980 2760 vacare
1004 2706 1170 2777 poterant
1198 2709 1343 2778 propter
1371 2701 1561 2780 aegritudi-

329 2825 421 2886 nem,
439 2806 595 2869 consiliis
610 2805 836 2867 nihilominus
851 2806 1052 2884 complures
1064 2801 1249 2883 juvabant,
1264 2806 1323 2885 qui
1335 2806 1378 2868 de
1393 2808 1500 2870 rebus
1515 2808 1562 2873 ad

328 2915 583 2979 conscientiam
597 2913 778 2993 propriam
793 2920 827 2974 et
841 2911 938 2975 vitae
950 2911 1124 2974 rationem
1137 2912 1403 2992 pertinentibus,
1417 2923 1563 2978 nostros

326 3021 571 3087 consulebant.
588 3020 632 3083 Et
649 3019 755 3100 aliqui
771 3019 876 3081 valde
891 3017 928 3081 in
943 3019 1104 3082 oratione
1116 3026 1151 3081 et
1162 3019 1336 3099 spirituali
1350 3020 1465 3083 fructu
1479 3039 1563 3102 pro·

288 3131 291 3140 '
324 3129 501 3208 ficiebant,
519 3147 561 3191 ac
577 3136 800 3190 sacramenta
816 3126 1100 3205 frequentabant;
1117 3134 1151 3190 et
1170 3145 1214 3189 ex
1236 3127 1292 3190 his
1310 3128 1419 3208 aliqui
1440 3129 1477 3191 in
1496 3127 1561 3192 So·

325 3238 490 3302 cietatem
505 3254 543 3299 se
558 3235 695 3298 admitti
711 3235 889 3312 petebant.

386 3343 473 3408 1364.
517 3343 662 3406 Fratres
678 3352 807 3415 autern,
825 3340 883 3420 qui
900 3340 1032 3403 rectius
1047 3357 1197 3421 corpore
1212 3343 1389 3420 valebant,
1404 3345 1557 3411 catechi-

323 3469 400 3516 smo
416 3453 659 3515 instruxerunt
675 3447 810 3526 aliquos
826 3463 1038 3524 saracenos,
1055 3465 1144 3527 quos
1164 3447 1247 3512 Dux
1267 3450 1430 3529 captivos
1451 3453 1556 3517 habe·

321 3561 383 3622 bat
394 3567 429 3622 et
441 3557 627 3621 christiani
640 3573 717 3618 esse
729 3554 975 3618 decreverant.
988 3553 1122 3617 Eodem
1131 3555 1348 3619 catechismo
1360 3557 1558 3624 instructus

321 3666 387 3731 fuit
402 3681 595 3728 saracenus
616 3663 759 3743 quidam
780 3661 878 3741 liber,
900 3661 1057 3740 quicum
1076 3659 1174 3740 Rege
1195 3661 1308 3726 Fesae
1328 3663 1457 3728 ibidem
1476 3685 1552 3731 ver·

321 3775 484 3852 sabatur,
506 3781 540 3835 et
569 3771 613 3833 ob
634 3769 800 3833 delictum
820 3767 997 3850 quoddam
1018 3779 1146 3849 captus
1170 3779 1205 3831 et
1230 3780 1344 3833 morte
1363 3771 1556 3838 damnatus

320 3882 447 3954 fuerat,
470 3897 573 3961 quem
594 3895 673 3940 cum
692 3875 835 3956 quidam
857 3893 902 3937 ex
921 3875 1053 3938 nostris
1073 3874 1242 3938 fratribus
1264 3878 1502 3958 alloqueretur
1518 3890 1554 3944 et

320 3989 521 4062 instrueret,
536 4001 704 4063 magnam
716 3984 772 4046 ille
784 3982 1063 4046 consolationem
1074 3983 1272 4063 accipiebat
1283 3985 1378 4065 quod
1389 3985 1550 4049 christia·

321 4113 388 4160 nus
413 4094 606 4158 moriturus
632 4099 720 4168 erat,
746 4107 830 4153 uam
854 4089 945 4153 mori
970 4090 1203 4153 christianum
1222 4091 1363 4154 dicebat
1381 4109 1453 4156 non
1472 4111 1554 4158 esse

319 4203 421 4280 mori,
438 4199 609 4282 siquidem
625 4198 660 4264 id
676 4207 753 4260 erat
767 4197 923 4278 migrare
939 4197 975 4260 in
990 4197 1101 4260 vitam
1115 4197 1309 4264 feliciorem
1324 4196 1347 4260 ⁴.
1400 4282 1404 4288 Δ

358 4405 367 4440 ¹
396 4405 463 4448 Vide
474 4415 560 4457 supra,
572 4410 590 4445 t.
602 4413 639 4455 rv,
650 4414 710 4456 pag.
723 4401 770 4450 iud.
783 4413 805 4444 n.
814 4399 862 4444 993.
873 4406 898 4443 et
907 4401 1020 4444 annoti

359 4477 371 4509 ί
399 4474 453 4527 Sic;
463 4475 559 4517 rectius
571 4474 691 4517 fortassis
702 4483 770 4526 qnae
781 4473 816 4513 eri
827 4483 871 4514 eos
882 4473 1070 4515 attinebantur.
1326 4506 1332 4515 .

357 4549 369 4581 ὅ
397 4547 558 4592 Licentiatus
569 4546 704 4601 sylvester
716 4545 853 4588 Camacho.
866 4545 1025 4595 Germanas,
1036 4544 1158 4588 Hr'storr'e
1168 4546 1201 4588 de
1216 4545 1350 4589 Sarrlucor
1359 4547 1392 4590 de
1404 4545 1552 4592 Borrame·

321 4621 496 4675 damnant.

355 4694 367 4725 Α
395 4691 465 4744 Quae
476 4701 491 4732 a
502 4701 526 4734 n,
538 4689 590 4731 1359
600 4689 729 4743 bucusque
745 4687 916 4738 continentur,
927 4689 1064 4732 enarravit
1080 4689 1105 4731 P.
1122 4689 1234 4742 Jonnnes
1250 4689 1344 4734 Paulus
1356 4691 1427 4734 Patri
1437 4689 1544 4746 ignatio

317 4764 348 4810 de
360 4763 461 4821 Loyola
472 4761 575 4814 litteris,
586 4771 650 4815 quas
661 4761 741 4804 babes
753 4761 778 4803 ln
789 4759 910 4803 Litterae
925 4759 1156 4813 Quadrimrstrrs,
1167 4770 1177 4806 t
1198 4773 1235 4815 nr,
1247 4774 1306 4817 pag.
1316 4762 1419 4806 aba-312.
