3717 5400
381 450 436 509 5114
841 450 968 509 Canon.
995 449 1071 509 Soc.
1097 450 1167 523 Jss.

382 607 451 660 tur.
468 593 604 658 Addita
617 604 735 659 tamen
750 595 815 659 iuit
830 594 934 658 lectio
949 594 1101 674 spherae
1115 592 1227 658 Sacro
1242 594 1341 658 Busti
1362 603 1383 673 ¹,
1400 595 1502 677 cujus
1516 596 1613 661 libel-

381 705 436 767 lus
459 719 541 765 cum
564 719 700 765 summo
721 702 877 766 omnium
898 703 1071 782 applausu
1089 702 1291 782 praelectus
1310 701 1392 781 fuit,
1413 713 1448 766 et
1471 703 1611 785 quidem

381 826 462 873 cum
475 825 605 889 magna
622 808 822 873 auditorum
838 826 984 873 corona.

443 914 530 980 1550.
574 916 729 999 Infestis
745 916 924 995 natalitiis
947 914 1040 978 unde
1060 916 1145 979 anni
1159 916 1372 996 principium
1390 927 1609 999 computant,

380 1025 488 1087 multa
505 1032 539 1086 et
554 1025 612 1103 pia
627 1022 786 1085 carmina
802 1040 823 1085 a
838 1022 1063 1085 scholasticis
1078 1022 1114 1085 in
1129 1022 1301 1085 honorem
1312 1022 1450 1086 Natalis
1462 1023 1609 1089 Domini

378 1131 576 1210 composita
601 1140 635 1193 ct
661 1130 811 1193 recitata
835 1130 997 1208 fuerunt3
1023 1130 1117 1191 idem
1145 1130 1181 1191 in
1206 1130 1296 1192 sesto
1321 1129 1609 1197 Resurrectionis

378 1238 630 1319 praestiterunt
646 1236 669 1317 ²,
687 1246 721 1300 et
736 1237 836 1300 multi
851 1237 987 1300 nobiles
1003 1254 1045 1299 ac
1065 1237 1162 1300 docti
1176 1236 1263 1316 viri,
1281 1237 1340 1317 qui
1355 1238 1407 1301 eis
1422 1238 1608 1303 audiendis

379 1346 585 1422 intererant,
603 1362 682 1407 cum
700 1344 944 1407 aedificatione
958 1360 1101 1422 magna,
1118 1354 1192 1406 tam
1207 1344 1407 1408 doctrinam
1418 1362 1526 1425 quam
1536 1347 1609 1427 pie·

377 1460 488 1515 tatem
503 1452 705 1532 probantes
723 1460 963 1513 accesserunt.
981 1450 1203 1514 Everrebant
1223 1448 1317 1530 'ipsi
1338 1450 1500 1532 discipuli
1522 1453 1609 1518 clas-

377 1573 446 1634 seS,
465 1569 499 1621 et
514 1559 679 1621 libentius
700 1558 759 1638 qui
781 1560 872 1621 inter
891 1558 987 1637 ipsos
1007 1558 1199 1620 nobiliores
1219 1566 1338 1635 erant,
1360 1560 1449 1622 adeo
1469 1569 1508 1623 ut
1527 1579 1608 1624 con·

377 1666 561 1729 tenderent
587 1665 630 1727 de
655 1664 773 1744 scopis
799 1664 1027 1744 accipiendis
1053 1676 1087 1726 ct
1112 1674 1150 1727 ut
1175 1682 1238 1744 per
1263 1665 1363 1728 vices
1389 1664 1424 1728 id
1449 1666 1608 1732 facerent

378 1782 628 1853 praeceptores
640 1769 826 1850 jubebant,
844 1781 882 1834 ut
898 1770 1060 1833 omnibus
1082 1770 1282 1834 satisfieret.
1298 1770 1335 1836 Si
1355 1773 1439 1852 quid
1453 1773 1608 1839 invenie-

377 1880 463 1942 bant
477 1880 571 1960 quod
587 1880 676 1942 alius
689 1879 876 1953 amisisset,
891 1879 1012 1940 statim
1024 1877 1231 1941 adferebant
1244 1879 1289 1941 ad
1305 1890 1556 1960 praeceptores
1568 1893 1607 1946 ut

376 1986 534 2050 dicerent
550 1986 633 2066 quid
649 1986 743 2048 sacto
760 2003 847 2065 opus
864 1994 969 2063 csset;
990 2002 1055 2046 nec
1076 1986 1189 2047 solum
1210 2003 1255 2047 ex
1276 1988 1531 2051 consuetudine
1551 2004 1608 2051 sa-

375 2102 560 2157 cramenta
588 2093 880 2173 frequentabant,
912 2091 975 2154 scd
1004 2109 1084 2154 cum
1112 2107 1244 2171 magna
1273 2093 1461 2156 devotione
1490 2104 1525 2158 et
1558 2097 1607 2159 la·

375 2201 520 2281 crymis.
537 2200 775 2265 Consercbant
791 2199 857 2279 ipsi
873 2200 965 2261 inter
984 2215 1023 2261 se
1045 2198 1235 2278 aliquando
1254 2198 1299 2261 de
1322 2202 1502 2280 mysteriis
1520 2201 1606 2266 Pas·

375 2308 486 2372 sionis
511 2307 654 2371 Christi.
681 2306 767 2369 Erat
794 2306 899 2367 etiam
925 2305 986 2385 qui
1011 2322 1160 2367 examen
1187 2304 1376 2370 Societatis
1398 2318 1606 2373 consuetum

376 2416 497 2478 doceri
512 2416 617 2477 vellet
631 2412 653 2492 ⁴,
671 2424 709 2476 ut
724 2414 874 2491 singulis
889 2412 1053 2475 noctibus
1067 2430 1108 2474 eo
1128 2422 1297 2476 uteretur.
1315 2412 1397 2477 Fuit
1418 2415 1525 2479 etiam
1545 2418 1605 2497 qui

374 2523 469 2601 apud
483 2532 751 2602 praeceptorem
766 2520 921 2599 seipsum
938 2520 1132 2599 accusavit,
1151 2519 1245 2599 quod
1267 2522 1378 2583 semel
1396 2520 1553 2599 jurasset
1569 2532 1604 2587 et

374 2638 412 2690 ut
427 2647 465 2691 se
481 2628 627 2708 proinde
643 2627 813 2706 castigari
825 2625 974 2705 juberet.
993 2624 1097 2706 Quod
1111 2643 1192 2689 cum
1204 2638 1417 2708 praeceptor
1424 2627 1601 2713 jussisset,

372 2737 523 2814 urgebat
539 2735 631 2797 idem
647 2745 684 2797 ut
700 2751 824 2796 severe
840 2751 877 2796 se
892 2734 1045 2814 puniret.

436 2841 523 2906 1551.
568 2841 707 2904 Accidit
723 2841 829 2903 etiam
845 2849 883 2902 ut
897 2848 1109 2920 praeceptor
1124 2839 1313 2919 quemdam
1332 2843 1450 2920 puniri
1462 2841 1602 2922 juberet

371 2949 467 3028 quod
492 2949 677 3011 lectionem
700 2947 869 3024 nescirct;
891 2946 982 3008 alius
1002 2945 1146 3026 quidam
1164 2947 1352 3010 comitatus
1378 2958 1431 3011 est
1456 2967 1537 3014 eum
1556 2952 1603 3014 ad

373 3056 489 3118 locum
505 3055 562 3117 ubi
578 3053 776 3134 puniendus
795 3061 880 3131 erat,
896 3061 936 3115 ut
951 3062 1133 3115 corrector
1152 3070 1233 3116 eum
1253 3053 1361 3117 etiam
1382 3057 1599 3133 verberaret;

354 3170 407 3225 et
432 3178 511 3224 cum
537 3160 742 3223 redeuntem
766 3161 1005 3238 interrogaret
1031 3167 1242 3238 praeceptor
1266 3176 1337 3240 quo
1359 3161 1520 3240 abiisset,
1548 3181 1603 3228 re·

372 3267 514 3349 spondit
528 3286 567 3331 se
582 3267 627 3330 ad
643 3279 883 3330 correctorem
899 3266 1020 3340 ivisse,
1038 3275 1076 3328 ut
1097 3266 1197 3328 daret
1216 3282 1351 3345 poenas
1370 3270 1465 3348 quod
1485 3271 1603 3334 lectio·

370 3393 454 3438 ‘nem
468 3374 574 3437 etiam
588 3376 663 3454 ipse
678 3373 840 3437 nesciret.
864 3371 1068 3450 Aliquando
1090 3371 1197 3434 etiam
1218 3373 1278 3435 alii
1299 3390 1364 3452 pro
1383 3375 1463 3438 aliis
1481 3393 1519 3440 se
1540 3393 1602 3456 pu·

370 3481 519 3545 niendos
534 3499 579 3544 ex
594 3481 768 3544 charitate
784 3479 991 3557 offerebant;
1008 3490 1042 3542 et
1057 3478 1125 3541 alia
1142 3482 1251 3542 multa
1267 3479 1469 3560 hujusmodi
1491 3485 1602 3563 pieta·

368 3589 417 3652 tis
432 3605 475 3650 ac
493 3587 633 3651 virtutis
647 3587 752 3666 signa
767 3587 802 3649 in
817 3586 868 3650 eis
882 3586 1130 3648 cernebantur.

435 3694 524 3758 1552.
566 3693 660 3773 Inter
682 3693 926 3757 adolescentes
949 3691 1056 3772 aliqui
1074 3692 1182 3754 etiam
1203 3692 1272 3754 ‘viri
1292 3703 1410 3767 erant,
1434 3695 1541 3759 immo
1564 3711 1602 3760 et

371 3802 583 3865 sacerdotes.
599 3769 679 3864 Du'o
695 3808 797 3863 erant
811 3799 902 3862 inter
918 3799 1018 3876 alioS,
1035 3798 1095 3878 qui
1114 3816 1194 3862 curn
1215 3799 1314 3879 prius
1326 3798 1447 3878 judaei
1468 3815 1599 3883 esseut,

371 3908 416 3972 ad
431 3907 561 3973 Christi
577 3907 785 3988 religionem
805 3905 1068 3986 suscipiendam
1089 3906 1125 3968 111
1144 3905 1364 3986 Portugallia
1386 3921 1559 3974 venerant
1573 3909 1599 3986 ⁸,

366 4027 403 4078 et
419 4017 508 4080 alter
523 4033 646 4080 eorum
661 4014 876 4095 praedoctus
887 4023 965 4077 crat
975 4013 1067 4077 inter
1079 4030 1175 4091 suos,
1189 4015 1278 4077 alter
1289 4015 1397 4078 etiam
1409 4034 1491 4080 raro
1504 4018 1602 4098 inge·

409 4259 417 4291 ¹
445 4258 512 4302 Vide
529 4258 650 4302 Litterae
664 4257 894 4311 Qreadrr'mestres,
910 4263 927 4300 t.
946 4267 982 4311 111,
994 4268 1055 4311 pag.
1069 4255 1118 4312 611,
1132 4261 1158 4300 et
1167 4264 1256 4300 annot.
1268 4258 1287 4300 1.
1305 4257 1376 4311 Quae
1392 4259 1434 4302 hic
1449 4270 1466 4304 a
1481 4259 1605 4309 Pocnsco

365 4337 517 4382 narrantur,
529 4330 562 4372 ibi
573 4330 672 4384 scripta
682 4330 807 4383 reperies.

406 4403 418 4433 ²
445 4400 512 4444 Vlde
523 4400 644 4444 Litterae
653 4400 885 4454 Quadrimestres,
894 4407 912 4443 t.
923 4411 960 4454 111,
971 4411 1030 4454 pag.
1040 4398 1081 4443 101
1091 4407 1117 4443 et
1127 4411 1181 4454 seq.

407 4473 418 4504 ⁵
446 4471 512 4515 Vide
523 4472 588 4515 ibid.

406 4545 417 4576 ⁴
444 4543 668 4588 Examinationem
679 4543 851 4588 conscientiae
863 4543 987 4597 intellige,
997 4554 1073 4586 mune
1083 4549 1144 4586 ante
1154 4544 1291 4597 prandium
1301 4551 1327 4590 et
1337 4556 1445 4601 vespere
1456 4552 1518 4591 ante
1526 4549 1602 4595 cobl-

365 4621 421 4658 turn
432 4615 458 4657 in
469 4613 600 4658 Societate
611 4616 666 4658 heri
678 4622 837 4658 consuetam.

407 4685 418 4718 ⁵
445 4685 490 4729 Me.
501 4687 633 4729 venirent.
