3717 5400
356 492 393 551 30
813 489 941 550 Canos.
963 489 1038 548 Soc.
1061 489 1131 560 ias.

355 637 411 700 vel
428 635 473 698 ad
487 635 684 714 Collegium
700 633 952 698 Germanicum
968 634 1117 710 mittere,
1132 645 1167 696 et
1178 635 1361 714 utriusque
1375 635 1515 713 collegii
1527 635 1587 697 do·

354 743 441 807 tatio
457 761 478 805 a
491 743 583 824 Juiio
598 741 645 804 III
655 741 817 804 facienda
829 740 1058 821 probabiliter
1073 739 1295 804 credebatur.
1309 739 1412 804 Unde
1427 757 1497 803 non
1509 741 1586 805 sine

354 851 491 914 ratione
507 848 692 928 augendae
704 847 937 910 multitudinis
949 849 1090 911 occasio
1103 847 1186 910 data
1198 857 1261 910 est.
1276 846 1354 927 Ipse
1368 849 1473 910 etiam
1486 847 1584 927 Papa

354 956 543 1022 Marcellus
558 956 653 1019 haud
669 955 784 1033 dubie,
802 955 832 1017 si
847 954 1003 1033 vivebat,
1025 966 1213 1034 utrumque
1234 954 1378 1034 egregie
1398 955 1585 1017 dotaturus

354 1063 580 1128 credebatur:
598 1074 643 1140 et,
660 1064 768 1125 semel
784 1070 964 1137 evocatos
982 1062 1109 1124 dimitti
1124 1079 1169 1124 ex
1184 1062 1279 1125 Urbe
1292 1063 1324 1123 in
1341 1078 1425 1124 suas
1440 1062 1585 1142 provin·

354 1173 431 1236 cias
450 1188 522 1234 non
542 1170 618 1233 sine
639 1168 894 1232 aedificationis
916 1168 1125 1233 detrimento
1147 1167 1222 1231 fieri
1237 1169 1419 1249 potuisset,
1442 1170 1502 1249 qui
1523 1187 1584 1248 po·

354 1280 424 1342 tius
446 1295 533 1357 erga
554 1275 682 1340 Sedem
706 1275 951 1356 Apostolicam
975 1285 1012 1338 ut
1036 1277 1124 1339 bene
1144 1274 1368 1339 afficerentur
1387 1277 1584 1341 curandum

355 1395 445 1449 erat.

415 1493 464 1556 52.
510 1493 547 1556 P.
564 1509 651 1572 ergo
667 1491 836 1572 ignatius,
855 1492 913 1571 qui
929 1491 966 1553 in
980 1489 1056 1552 Deo
1072 1507 1216 1570 sperare
1233 1491 1420 1569 didicerat,
1438 1509 1503 1554 nec
1518 1490 1587 1571 ipsi

353 1601 528 1664 difficilius
557 1617 634 1662 esse
661 1606 859 1661 sustentare
888 1599 1017 1661 multos
1044 1614 1151 1677 quam
1184 1614 1318 1677 paucos
1354 1597 1583 1676 intelligebat3

353 1707 581 1770 nihilominus
596 1723 639 1769 ne
655 1706 831 1769 omitteret
845 1704 941 1784 quod
952 1705 987 1766 in
999 1704 1076 1783 ipso
1089 1715 1166 1766 erat
1177 1705 1306 1781 facere,
1321 1706 1530 1784 praecipuos
1541 1723 1586 1768 ex

312 1883 319 1897 ,
354 1815 559 1878 domesticis
573 1813 718 1876 evocari
734 1812 839 1892 jussit
856 1815 880 1890 ¹,
898 1821 933 1874 et
952 1827 1034 1874 cum
1048 1811 1136 1890 ipsis
1149 1811 1296 1873 contulit
1317 1813 1383 1874 hoc
1404 1813 1586 1891 negotium

355 1921 609 2002 collegiaiium3
627 1930 662 1983 et
677 1921 817 1982 demum
840 1919 934 1999 quod
948 1919 983 1980 in
1006 1918 1082 1998 ipso
1098 1928 1191 1980 esset
1212 1917 1330 1981 facere
1345 1919 1524 1996 decrevit,
1549 1927 1587 1982 ut

355 2029 601 2108 undecumque
622 2027 753 2090 auxilia
774 2026 819 2088 ad
840 2026 905 2088 hos
925 2026 1086 2101 alendos,
1115 2043 1203 2105 quos
1228 2026 1373 2089 miserat
1398 2025 1585 2103 Dominus,

355 2136 486 2198 habere
502 2146 654 2213 curaret;
671 2143 705 2196 et
720 2133 808 2195 haec
822 2131 887 2194 fuit
903 2149 973 2194 una
988 2149 1034 2194 ex
1049 2132 1249 2211 praecipuis
1261 2134 1379 2195 causis
1391 2150 1454 2195 cur
1467 2133 1505 2196 P.
1519 2132 1586 2196 Na·

355 2243 472 2318 talem,
490 2241 549 2320 qui
565 2239 628 2302 sub
644 2240 781 2302 initium
797 2237 1119 2318 autumni-Romam
1139 2250 1303 2316 venerat,
1321 2241 1356 2302 in
1378 2239 1587 2320 Hispaniam

357 2349 513 2412 secundo
533 2348 699 2425 mitteret,
724 2346 899 2426 (quamvis
921 2364 942 2409 a
964 2345 1084 2408 multis
1105 2347 1233 2425 alioqui
1252 2356 1443 2437 optatuslet
1463 2347 1588 2410 litteris

356 2456 532 2536 expetitus
544 2455 673 2532 iuerat)
686 2465 724 2518 ut
740 2453 881 2517 Patrem
897 2451 1142 2528 Franciscum,
1160 2454 1442 2518 commissarium
1454 2454 1475 2530 ¹,
1486 2455 1522 2516 in
1533 2454 1589 2516 his

357 2581 448 2643 quae
468 2563 513 2625 ad
534 2561 684 2640 Collegii
703 2559 854 2623 Romani
876 2559 1172 2622 sustentationem
1193 2561 1421 2639 pertinerent,
1445 2558 1589 2639 adiuva·

357 2679 423 2748 ret;
445 2669 608 2750 quamvis
624 2669 654 2731 is
676 2665 687 2696 ⁵
709 2685 753 2731 ex
773 2667 965 2731 Germania
984 2667 1090 2747 paulo
1116 2679 1198 2729 ante
1217 2665 1398 2731 itineribus
1418 2667 1589 2750 fatigatus

358 2778 525 2841 venisset.
543 2776 631 2840 Illud
645 2776 752 2839 etiarn
769 2776 889 2854 movit,
905 2784 944 2837 ut
960 2774 996 2837 in
1011 2774 1066 2837 his
1081 2791 1172 2854 quae
1188 2775 1233 2837 ad
1253 2776 1524 2838 constitutiones
1537 2775 1590 2837 in·

356 2884 537 2947 ducendas
553 2886 588 2947 in
604 2884 744 2963 praxim
760 2878 1007 2963 [pertinebant]
1023 2882 1108 2943 etin
1123 2881 1254 2943 nostris
1269 2880 1315 2943 ad
1329 2882 1586 2961 professionem

356 2990 584 3054 admittendis
600 3002 634 3052 et
650 2988 807 3067 collegiis
827 2989 873 3051 ad
891 3004 1055 3050 normam
1076 2997 1279 3078 nostrarum
1298 2990 1503 3066 regularum
1517 2989 1589 3051 exi·

358 3078 495 3175 gersois,
512 3097 653 3160 Patrem
670 3095 833 3159 eumdem
846 3094 875 3158 F
877 3096 1079 3158 ranciscum
1095 3094 1281 3174 adjuvaret
1295 3094 1317 3157 ⁴.

415 3206 465 3269 53.
511 3206 652 3267 Electus
668 3204 810 3283 quidem
827 3201 944 3265 iuerat
963 3201 1057 3264 idern
1080 3200 1117 3264 P.
1138 3200 1274 3264 Natalis
1295 3204 1452 3265 omnium
1473 3204 1591 3266 dome-

357 3314 528 3377 sticorum
543 3328 737 3387 consensu,
754 3326 848 3371 anno
868 3309 1031 3389 proxime
1050 3308 1259 3388 praeterito,
1280 3318 1319 3371 ut
1340 3310 1451 3388 ipsius
1474 3309 1591 3373 Patris

356 3420 485 3499 ignatii
510 3420 608 3482 vices
630 3424 772 3497 gereret
792 3416 814 3494 ⁵3
838 3415 901 3478 sed
921 3415 1012 3478 haec
1032 3416 1226 3477 auctoritas
1246 3415 1349 3495 (quae
1369 3416 1493 3479 eadem
1513 3427 1592 3480 erat

357 3544 436 3590 cum
452 3527 523 3603 illa,
543 3542 649 3605 quam
670 3522 707 3585 P.
735 3523 894 3602 ignatius
920 3521 1092 3600 habebat)
1111 3538 1284 3601 suspensa
1306 3522 1355 3583 1111
1371 3522 1434 3585 luit
1460 3540 1523 3603 pro
1545 3541 1589 3586 eo

358 3644 527 3714 tempore,
545 3649 614 3712 quo
630 3632 666 3695 in
681 3630 853 3709 Hispania
869 3639 1084 3692 versaretur.
1110 3627 1198 3691 Cum
1217 3628 1312 3691 enim
1333 3628 1587 3694 Commisarius

358 3758 465 3820 super
476 3750 628 3819 quatuor
641 3740 718 3801 illas
728 3738 935 3818 provincias
948 3736 986 3800 P.
998 3736 1213 3799 Franciscus
1227 3735 1358 3814 Borgia
1375 3738 1588 3800 constitutus

357 3858 462 3924 esset,
477 3864 548 3910 non
561 3846 747 3908 videbatur
758 3844 828 3907 alia
839 3854 998 3923 potestas
1009 3842 1224 3905 necessaria.
1237 3843 1276 3906 In
1289 3843 1344 3904 his
1356 3853 1485 3922 tamen,
1501 3861 1591 3923 quae

358 4030 446 4062 eorum
457 4018 606 4070 catalogum
616 4021 742 4065 texemus,
753 4013 795 4067 qui
814 4019 874 4056 ante
892 4012 919 4055 S.
934 4011 1030 4066 ignatii
1050 4011 1147 4055 obitum
1162 4010 1303 4055 societatis
1317 4011 1469 4056 Institutum
1480 4013 1593 4067 amplexi

360 4097 428 4133 sunt.
440 4088 510 4141 Quod
524 4089 557 4131 ari
568 4086 692 4139 Angllam
703 4094 728 4128 ct
742 4083 891 4128 Hiberniam
902 4092 1013 4137 spectat,
1025 4083 1113 4138 aliqua
1124 4084 1205 4125 habes
1215 4084 1241 4126 in
1253 4082 1349 4125 Canas
1359 4085 1391 4126 de
1402 4083 1457 4126 San
1474 4083 1592 4137 ignaria,

362 4168 381 4203 t.
394 4174 418 4212 v,
429 4171 502 4215 pags.
514 4159 554 4202 218
564 4166 589 4201 et
601 4157 648 4199 2t9.

400 4232 407 4263 ¹
438 4231 469 4275 Hi
481 4231 552 4274 iuere
561 4230 610 4273 PP.
621 4230 726 4285 Laynez
736 4236 761 4271 et
774 4227 975 4281 Christopirorus
986 4226 1018 4269 de
1028 4225 1129 4269 Madrid
1140 4234 1167 4268 et
1182 4226 1238 4278 ipse
1251 4226 1388 4268 Polancus.
1399 4224 1590 4281 Rraaoausma,

367 4300 434 4346 Vitia
445 4304 478 4347 de
489 4302 544 4345 San
554 4300 672 4355 Ignacio,
683 4300 727 4343 lib.
738 4310 763 4353 v,
784 4310 842 4353 cap.
850 4308 885 4348 xi.
895 4299 937 4341 ubi
949 4298 1014 4341 haec
1025 4298 1133 4352 pulchre
1143 4306 1245 4339 narrat.

399 4376 410 4407 ¹
438 4374 544 4418 Patrem
555 4372 723 4417 Franciscum
733 4370 829 4424 Borgia
839 4370 865 4414 ln
876 4368 1003 4424 Hispania
1014 4375 1040 4412 et
1051 4367 1190 4412 Lusitania
1201 4370 1425 4413 commissarium.

373 4445 375 4456 “
400 4444 411 4476 ³
439 4444 552 4493 Scilicet.
564 4444 592 4487 Ρ.
604 4442 778 4498 Hieronymus
789 4440 902 4485 Natalis.

399 4520 411 4551 ⁴
442 4517 505 4559 Vide
517 4514 754 4568 tirrannum-ori.

401 4589 412 4622 ⁵
440 4588 619 4631 l’raetermisit
627 4588 691 4629 haec
700 4596 766 4629 anno
777 4586 828 4629 1554
841 4586 979 4638 Focaneus
987 4585 1033 4629 sed
1041 4583 1101 4628 vide
1109 4584 1265 4647 011111111111ι
1273 4584 1343 4627 Hesi.
1352 4583 1406 4626 Soc.
1414 4582 1529 4637 Jes.,lib.
1539 4592 1593 4635 xrv,

361 4673 384 4704 n.
396 4660 588 4711 17.-Quaedam
600 4668 660 4701 tunc
671 4658 791 4701 ordinata
802 4664 830 4700 ut
848 4656 936 4701 Patris
952 4656 1048 4710 ignatii
1060 4658 1133 4701 labor
1148 4657 1308 4700 minueretur
1319 4663 1344 4698 et
1361 4654 1519 4698 valetudinis
1537 4654 1594 4708 ejus

362 4732 445 4787 major
455 4742 518 4775 cura
529 4732 679 4783 haberetur,
692 4730 764 4773 dabit
774 4728 849 4772 Nova
861 4728 953 4773 Series
962 4728 1119 4772 litterarum
1132 4729 1227 4773 Sancti
1237 4728 1350 4781 Ignara.
