3717 5400
359 461 414 520 306
816 461 946 521 Canon.
966 461 1042 521 Soc.
1062 466 1133 534 jes.

361 609 489 674 secreti
505 628 524 672 a
546 609 620 672 suis
635 608 791 688 peccatis
807 619 1041 687 recesserunt,
1065 621 1101 671 et
1126 610 1185 689 qui
1209 609 1356 672 infamia
1371 627 1445 672 non
1460 609 1591 688 exigua

358 716 581 790 laborabant,
599 731 766 794 magnam
780 714 876 777 vitae
891 715 1140 793 mutationem,
1157 725 1196 778 ut
1210 715 1400 790 serebatur,
1417 715 1589 780 fecerunt.

418 822 489 885 830.
534 821 696 902 Quodam
726 831 844 884 autem
878 823 956 884 viro
984 841 1030 884 ex
1055 822 1269 902 primoribus
1299 822 1589 886 Tornacensibus

358 931 570 1006 postulante,
588 929 633 992 ad
648 931 765 992 locum
779 927 968 1009 quemdam
982 939 1136 1009 quatuor
1150 929 1260 992 leucis
1275 929 1439 992 Tornaco
1458 927 1589 993 distan-

357 1047 442 1114 tem,
456 1037 596 1100 nomine
611 1035 743 1114 Torqui
762 1034 781 1113 ¹,
804 1034 841 1098 Ρ.
868 1035 1072 1099 Bernartius
1095 1053 1134 1098 se
1149 1036 1312 1112 contulit;
1336 1055 1357 1099 a
1382 1036 1587 1116 Tarquinio,

357 1143 509 1222 superbo
525 1141 765 1205 Romanorum
781 1158 877 1221 rege,
899 1141 1124 1205 aedificatum
1146 1145 1253 1222 vulgo
1277 1143 1405 1206 ierunt.
1426 1143 1463 1206 ln
1479 1144 1539 1206 illo
1554 1157 1590 1207 et

358 1250 395 1311 in
410 1250 512 1329 pagis
528 1249 738 1329 quibusdam
751 1249 890 1324 vicinis,
914 1265 995 1311 cum
1016 1249 1218 1328 quindecim
1239 1260 1299 1312 aut
1319 1250 1448 1329 viginti
1466 1249 1589 1313 diebus

359 1366 522 1419 versatus
545 1369 649 1430 essct,
676 1354 749 1417 iere
775 1355 931 1434 quotidie
957 1357 1188 1418 concionatus
1215 1364 1280 1432 est;
1307 1362 1342 1419 et
1363 1357 1527 1436 quamvis
1552 1358 1589 1419 in

357 1464 487 1542 templo
503 1480 634 1541 magno
651 1462 884 1541 praedicaret,
901 1464 983 1541 quia
1000 1473 1138 1541 tempus
1152 1463 1329 1526 aestivum
1341 1472 1420 1526 erat
1434 1471 1469 1526 et
1483 1465 1589 1526 turba

357 1568 618 1633 confertissima
634 1568 679 1630 ad
693 1585 774 1631 curn
789 1569 1002 1631 audiendum
1014 1566 1286 1649 [conveniebat],
1300 1585 1438 1650 semper
1451 1571 1589 1650 aliquos

358 1677 544 1755 oportebat
565 1676 645 1739 inde
671 1685 871 1755 exportare,
895 1673 980 1755 [qui]
1002 1676 1037 1738 in
1060 1676 1250 1755 deliquium
1272 1677 1486 1753 incidebant,
1512 1689 1547 1740 et
1566 1696 1588 1739 a

356 1784 505 1860 duabus
521 1785 629 1846 immo
644 1797 678 1846 et
694 1801 714 1844 a
729 1783 881 1862 quinque
893 1784 1014 1861 leuciS,
1040 1783 1221 1846 auditores
1248 1785 1448 1863 veniebant,
1464 1795 1589 1848 ettam

358 1891 462 1955 avide
477 1892 624 1954 verbum
640 1889 707 1954 Dei
729 1890 831 1952 abeo
856 1889 1000 1969 quidam
1025 1890 1226 1964 audiebant,
1242 1900 1281 1953 ut
1301 1908 1442 1954 cumen
1457 1892 1587 1972 oppido

355 1997 514 2078 Torquin
530 1998 576 2060 ad
590 2001 707 2060 locum
721 1997 839 2073 alium,
857 1997 995 2060 duabus
1019 1998 1129 2060 leucis
1151 1999 1351 2076 distantem,
1379 1998 1424 2061 ad
1449 1999 1587 2061 concio·

357 2105 512 2168 nandum
528 2105 661 2178 ivisset,
678 2103 752 2166 fere
767 2102 907 2166 ducenti
920 2122 965 2166 ex
976 2102 1211 2184 Torquinensi
1222 2104 1405 2184 praedicto
1414 2105 1493 2168 ioco
1505 2123 1587 2168 eum

358 2214 473 2275 secuti
487 2213 626 2275 suerint.

416 2317 486 2381 831.
530 2318 580 2381 Ibi
606 2319 712 2380 etiam
738 2318 847 2397 aliqui
878 2318 1049 2380 haeretici
1074 2318 1346 2380 sacramentarii
1371 2318 1434 2395 (ex
1459 2319 1588 2398 quibus

357 2427 456 2489 multi
471 2443 513 2488 ea
529 2426 564 2488 in
579 2426 763 2504 provincia
778 2424 1059 2501 inveniebantur)
1085 2425 1131 2487 ad
1155 2425 1353 2488 Ecclesiam
1374 2427 1588 2489 catholicam

356 2534 548 2610 redierunt;
565 2532 627 2594 sed
643 2531 868 2595 Gubernator
881 2531 974 2594 iliius
988 2532 1068 2606 loci,
1087 2549 1158 2593 non
1172 2531 1397 2610 permittebat
1411 2533 1489 2596 sine
1501 2533 1586 2596 duo-

357 2641 421 2703 bus
437 2650 498 2703 aut
511 2639 623 2702 tribus
638 2637 824 2701 comitibus
836 2635 873 2701 P.
890 2636 1112 2701 Bernardum
1126 2637 1224 2701 foras
1236 2638 1368 2716 egredi,
1383 2641 1466 2719 quia
1477 2640 1587 2719 aliqui

357 2766 403 2810 ex
431 2748 486 2810 his
512 2746 700 2809 haereticis
728 2746 852 2808 minati
876 2745 1035 2823 fuerant,
1062 2745 1157 2825 quod
1182 2762 1263 2808 eum
1288 2756 1406 2809 essent
1432 2748 1584 2811 occisuri

358 2868 526 2935 tanquam
542 2853 799 2930 antichristum,
824 2852 919 2931 quod
946 2869 1069 2915 eorum
1092 2853 1258 2915 haereses
1283 2854 1422 2933 publice
1447 2871 1489 2917 ac
1510 2853 1586 2916 dili·

352 2972 482 3041 ,genter
507 2960 710 3023 confutabat
738 2960 765 3037 ²3
798 2960 960 3039 quamvis
990 2959 1129 3022 dicebat
1159 2958 1195 3021 P.
1223 2959 1426 3023 Bernartius
1451 2962 1584 3023 nullum

358 3086 434 3133 esse
449 3070 644 3149 periculum
660 3069 796 3144 mortiS,
814 3065 905 3149 quod
922 3067 998 3146 ipse
1011 3065 1178 3144 indignus
1193 3076 1287 3130 esset
1303 3085 1367 3147 pro
1380 3067 1511 3131 Christi
1523 3086 1584 3130 no·

357 3177 450 3239 mine
465 3192 544 3238 eam
556 3176 685 3237 subire.

415 3282 486 3347 832.
529 3282 618 3345 Tam
634 3282 781 3343 crebrae
800 3290 918 3343 autem
939 3289 1040 3343 erant
1060 3281 1304 3344 consessiones
1324 3299 1366 3344 eo
1387 3282 1424 3344 in
1438 3283 1529 3359 loco,
1546 3292 1585 3345 ut

356 3399 534 3469 oporteret
546 3390 826 3453 Gubernatorem
842 3387 958 3466 ipsum
978 3388 1101 3449 venire
1121 3387 1167 3449 ad
1183 3388 1298 3466 ipsum
1314 3388 1582 3465 accersendum,

352 3514 437 3561 cum
451 3498 551 3561 cibus
567 3495 760 3577 capiendus
772 3506 859 3571 e1·at;
882 3495 984 3557 aliter
1005 3495 1099 3557 enim
1115 3495 1334 3573 poenitentes
1356 3513 1427 3557 non
1441 3497 1583 3575 permit-

357 3606 476 3669 tebant
491 3621 572 3667 eum
583 3603 734 3665 ecclesia
754 3601 862 3664 exire.
891 3600 964 3663 Nec
988 3601 1116 3663 mirum
1141 3618 1223 3665 cum
1248 3610 1332 3679 tres,
1358 3613 1522 3683 quatuor,
1547 3615 1582 3665 et

355 3712 509 3793 quinque
525 3711 611 3788 dies,
627 3711 670 3771 ab
686 3724 816 3771 aurora
832 3726 944 3788 usque
962 3706 1008 3770 ad
1026 3717 1167 3771 noctem
1182 3710 1218 3770 in
1232 3709 1385 3772 ecclesia
1399 3721 1583 3790 expectas·

353 3828 433 3882 sent
447 3828 485 3881 ut
499 3834 622 3880 eorum
633 3816 769 3879 audiret
782 3814 1035 3891 confessiones
1053 3823 1087 3877 et
1101 3815 1250 3877 sollicite
1265 3816 1310 3879 ab
1326 3816 1403 3895 ipso
1418 3816 1581 3881 Parocho

354 3926 471 3989 locum
485 3924 721 4004 postulabant,
738 3932 775 3985 ut
796 3922 864 3983 hoc
883 3920 1051 3983 beneficio
1073 3920 1261 3984 confitendi
1281 3922 1378 3985 Patri
1398 3924 1581 3988 Bernardo

354 4032 588 4111 sruipossent.

395 4202 402 4234 ¹
431 4203 479 4253 δὶα
491 4200 613 4244 librarius
623 4200 694 4253 prius
710 4200 852 4252 scripserat
870 4199 1026 4244 Torcuiuen,
1035 4198 1080 4241 sed
1092 4200 1207 4242 litteram
1217 4211 1231 4242 c
1240 4202 1351 4244 mutavit
1368 4202 1392 4244 in
1403 4214 1418 4255 q
1428 4209 1453 4245 et
1465 4203 1533 4245 linea
1542 4213 1585 4245 su·
1597 4240 1600 4245 .

354 4274 479 4327 perducta
490 4273 587 4315 delevit
599 4282 658 4313 nen:
670 4270 737 4313 inira
749 4278 835 4313 tamen
845 4270 950 4322 scripsit
961 4270 1015 4323 lpse
1030 4269 1155 4322 Torquin,
1164 4271 1231 4324 quod
1242 4272 1325 4326 magle
1340 4274 1373 4317 ad
1388 4283 1479 4316 verum
1494 4284 1585 4316 nomen

354 4346 460 4396 accedit,
472 4344 537 4397 quod
548 4350 587 4386 est
609 4342 747 4395 Turcoing,
763 4343 804 4384 vel
818 4341 973 4394 Tourcoing.
990 4341 1037 4384 Est
1052 4352 1140 4386 autem
1156 4344 1299 4397 Tourcor'ng
1310 4344 1450 4388 Flandriae
1463 4346 1584 4400 oppidum

354 4428 402 4460 non
412 4418 487 4469 longe
499 4419 531 4458 ab
544 4418 606 4458 urhe
618 4414 687 4456 Line
698 4413 809 4463 (Insulisl
819 4413 926 4455 distans.

394 4488 405 4517 ἱ
433 4486 498 4531 Vide
508 4486 651 4535 heretice,
663 4485 698 4527 Le
707 4484 930 4526 Protestantr'sme
938 4486 964 4527 et
971 4484 998 4527 la
1007 4484 1318 4542 Compagniedesdsusa
1330 4488 1351 4530 Τ
1350 4490 1448 4532 ournai
1454 4500 1489 4533 au
1502 4490 1528 4533 X
1533 4484 1588 4533 VI.e

354 4559 443 4609 siecle,
452 4569 511 4613 pag.
522 4558 546 4600 2l
558 4565 583 4600 et
594 4556 756 4599 ,aa-Verum
766 4556 877 4598 observa
888 4556 961 4609 hacc,
973 4568 1039 4610 quae
1051 4557 1082 4599 de
1092 4560 1185 4612 oppido
1195 4559 1305 4612 quodam
1315 4560 1414 4603 duabus
1430 4562 1509 4606 leucis
1519 4563 1582 4607 Tor·

352 4630 429 4683 quino
446 4630 558 4673 distante
572 4629 648 4681 juxta
663 4626 768 4670 Polanci
783 4627 961 4671 narrationem
977 4628 1146 4683 intelligenda
1162 4630 1291 4680 videntur,
1301 4642 1318 4674 a
1331 4630 1358 4675 P.
1375 4632 1498 4687 Delplace
1509 4636 1592 4679 intel.

349 4704 421 4745 lecta
431 4712 487 4745 esse
497 4704 566 4755 (pag.
577 4700 613 4747 21)
623 4698 653 4741 de
665 4700 718 4752 ipso
729 4698 853 4742 Tornaco.
