3717 5400
390 468 446 527 584
849 470 974 529 Cnnou.
994 471 1068 531 Soc.
1089 471 1159 545 Jns.

393 624 464 677 tem
478 624 513 678 et
527 615 685 696 ipsorum
705 616 974 698 multitudinem,
991 619 1027 681 in
1048 619 1127 683 aliis
1145 627 1264 684 tamen
1284 620 1465 683 coenobiis
1480 630 1514 683 et
1536 629 1625 684 tem-

392 721 460 801 plis
474 722 510 785 id
525 722 715 801 faciebant,
732 724 767 787 in
779 726 915 804 quibuS,
929 724 1007 789 Deo
1019 727 1184 807 propitio,
1197 744 1328 807 magna
1340 727 1531 808 incipiebat
1542 744 1621 791 esse

393 828 636 894 confitentium
661 832 879 911 l'requentia3
904 850 971 896 nec
996 833 1209 898 recedebant
1232 852 1314 897 cum
1339 836 1433 898 mala
1458 832 1618 898 aedifica·

393 936 488 1000 tione
504 936 551 1014 hi,
569 938 695 1017 quibus
710 938 876 1003 satisfieri
891 940 989 1003 domi
1001 951 1147 1004 nostrae
1161 959 1233 1005 non
1248 950 1399 1021 poterat;
1416 958 1500 1004 nam
1516 940 1619 1003 facile

394 1044 725 1109 animadvertebant
739 1057 883 1110 nostros
894 1047 940 1110 ad
955 1048 1113 1129 ipsorum
1128 1048 1405 1113 consolationem
1425 1064 1628 1128 propensos.

393 1167 483 1230 esse,
500 1152 564 1215 scd
578 1162 724 1233 propter
737 1154 1002 1234 occupationes,
1017 1155 1143 1235 quibus
1158 1154 1469 1235 distringebantur,
1483 1154 1534 1217 eis
1547 1170 1619 1215 non

394 1275 500 1338 posse
515 1276 658 1337 vacare3
675 1270 709 1323 et
731 1260 777 1323 ad
801 1278 970 1342 magnam
985 1262 1132 1326 cedebat
1147 1260 1215 1325 Dei
1238 1262 1390 1343 gloriam
1409 1260 1516 1342 quod,
1539 1277 1626 1325 cum

395 1365 584 1445 aliquando
600 1366 803 1446 perdifficile
817 1368 999 1432 videretur
1012 1378 1050 1432 ut
1071 1368 1196 1432 crebro
1215 1369 1261 1432 ad
1281 1376 1506 1433 sacramenta
1522 1384 1626 1430 acce*

395 1471 501 1535 dendi
513 1490 591 1537 mos
610 1474 847 1553 induceretur,
866 1487 928 1538 aut
956 1476 1157 1541 hominibus
1176 1475 1523 1539 Conimbricensibus
1542 1491 1619 1555 pro·

380 1580 549 1659 ‘baretur,
568 1598 648 1643 cum
663 1600 734 1645 non
754 1582 916 1657 deessent
933 1583 1052 1664 aliqui,
1073 1584 1135 1664 qui
1150 1593 1311 1648 sanctam
1331 1584 1425 1646 hanc
1449 1581 1617 1646 exercita-

395 1688 527 1751 tionem
559 1688 729 1769 impedire
753 1690 966 1769 niterentur,
993 1690 1126 1771 placuit
1149 1699 1268 1753 tamen
1295 1690 1436 1753 divinae
1466 1688 1620 1753 Bonitati

394 1804 597 1858 nostrorum
612 1812 720 1875 opera
736 1797 768 1859 ei
793 1796 929 1861 civitati
951 1797 1066 1861 lucem
1085 1797 1251 1876 tribuere,
1273 1815 1343 1878 qua
1364 1805 1624 1877 cognoscerent

395 1900 576 1981 singulare
601 1900 669 1966 Dei
694 1902 899 1967 beneficium
925 1904 1052 1967 crebro
1080 1913 1306 1967 sacramenta
1333 1902 1558 1983 suscipiendi,
1585 1914 1619 1964 et

394 2008 481 2071 illud
495 2010 804 2089 amplecterentur.
820 2010 864 2075 Et
878 2010 927 2074 ita
943 2020 1121 2092 parenteS,
1138 2012 1199 2092 qui
1212 2011 1343 2073 liberos
1356 2028 1441 2073 suos
1455 2028 1477 2073 a
1497 2010 1621 2090 pravis

395 2115 553 2179 moribus
569 2133 740 2180 revocare
755 2118 954 2196 studebant,
971 2116 1056 2181 illud
1070 2118 1162 2181 inter
1177 2118 1370 2199 praecipua
1384 2116 1568 2192 curabant,
1581 2125 1620 2178 ut

395 2222 442 2285 ad
466 2230 626 2287 nostrum
646 2224 846 2305 collegium,
869 2224 1058 2289 confitendi
1076 2225 1208 2306 gratia,
1229 2225 1451 2289 accederent.
1471 2223 1530 2289 Sic
1549 2241 1620 2287 ma-

395 2339 468 2393 tres
483 2329 574 2395 filias
588 2348 683 2407 suaS,
700 2332 752 2395 sic
766 2332 843 2395 heri
857 2332 1021 2409 famulos,
1037 2342 1207 2413 tanquam
1228 2333 1273 2396 ad
1296 2332 1490 2396 remedium
1508 2330 1620 2395 effica-

394 2436 575 2501 cissimum
591 2449 716 2502 contra
730 2438 900 2503 vitiorum
922 2441 1065 2504 morbos
1086 2457 1150 2520 per
1167 2438 1427 2503 consessionem
1449 2438 1621 2520 accipien-

394 2544 489 2626 dum,
516 2547 562 2610 ad
586 2556 730 2610 nostros
749 2546 947 2610 mittebant.
967 2546 1151 2625 Quaedam
1173 2546 1355 2626 sigillatim
1378 2546 1519 2609 narrari
1543 2560 1620 2625 pos·

395 2662 485 2730 sent,
501 2670 603 2734 quae,
619 2666 657 2716 ut
672 2654 800 2718 similia
815 2654 958 2735 saepius
973 2653 1088 2730 dictis,
1106 2654 1325 2718 omittuntur.

457 2759 546 2822 1609.
589 2761 658 2840 Qui
674 2763 989 2840 concionabantur,
1006 2762 1160 2824 fructum
1174 2762 1282 2824 etiam
1297 2762 1441 2825 uberem
1456 2761 1511 2824 sui
1525 2760 1625 2824 labo—

394 2868 444 2928 ris
466 2867 676 2931 reierebant.
700 2869 857 2932 Fuerunt
877 2879 995 2932 autem
1020 2870 1089 2933 hac
1115 2867 1397 2949 Quadragesima
1422 2867 1461 2932 P.
1489 2865 1626 2932 Sancta

394 2973 492 3037 Crux
506 2983 541 3038 et
556 2974 594 3038 P.
611 2975 716 3039 Cotta
734 2974 754 3054 ¹,
771 2975 831 3055 qui
847 2975 1036 3057 aliquando
1056 2976 1092 3040 in
1107 2975 1238 3038 scholis
1252 2976 1413 3056 publicis,
1431 2975 1627 3056 aliquando

394 3081 575 3162 intemplo
590 3093 723 3160 nostro,
741 3082 931 3164 aliquando
950 3085 1058 3147 etiam
1073 3083 1157 3146 alibi
1177 3083 1379 3146 concionati
1400 3091 1494 3145 sunt.
1519 3081 1620 3146 Pater

394 3189 501 3252 etiam
526 3189 678 3253 Michael
703 3189 746 3253 de
770 3188 859 3253 Sosa
879 3190 924 3254 ad
945 3191 1128 3255 civitatem
1147 3189 1341 3268 Guardiae,
1356 3207 1446 3256 ,curn
1468 3189 1620 3275 quodam

394 3295 515 3375 fratre,
532 3316 576 3360 ex
591 3296 695 3361 domo
711 3298 931 3378 probationis
946 3307 1106 3379 accepto,
1122 3296 1263 3372 missus
1285 3315 1356 3360 non
1372 3295 1618 3376 poenitendum

395 3402 475 3466 inde
489 3402 641 3466 fructum
657 3405 789 3481 retulit,
807 3412 841 3466 et
860 3404 1031 3483 peculiari
1052 3403 1157 3466 modo
1177 3402 1221 3465 de
1240 3403 1424 3467 canonicis
1445 3404 1533 3467 bene
1552 3420 1620 3467 me·

393 3511 465 3573 reri
479 3511 623 3589 studuit,
640 3510 771 3573 acriter
786 3527 847 3574 eos
866 3511 1140 3591 reprehendens
1165 3511 1260 3590 quod
1280 3528 1324 3574 ea
1342 3510 1378 3572 in
1397 3510 1544 3574 civitate
1561 3526 1622 3573 no·

393 3634 477 3681 vum
492 3634 638 3698 prorsus
652 3627 729 3681 erat
744 3630 780 3681 et
795 3617 874 3680 aliis
894 3616 1207 3680 concionatoribus
1229 3617 1422 3696 insolitum,
1445 3618 1490 3680 ob
1508 3617 1627 3698 splen·

393 3724 515 3787 dorem
530 3733 565 3787 et
579 3724 773 3804 potentiam
787 3723 990 3804 hujusmodi
1003 3724 1198 3802 hominum;
1216 3733 1251 3786 et
1266 3724 1436 3788 timebant
1452 3723 1560 3805 aliqui
1577 3741 1621 3786 ne

393 3829 431 3894 P.
450 3829 539 3894 Sosa
555 3831 647 3894 male
664 3831 896 3911 acciperetur;
914 3830 976 3893 sed
990 3831 1048 3895 ille
1062 3830 1147 3894 nihil
1163 3831 1232 3895 sibi
1249 3830 1443 3895 timendum
1458 3848 1537 3895 esse
1551 3831 1621 3895 exi·

394 3937 566 4014 stimavit;
585 3948 619 4002 et
635 3937 746 4002 adluit
762 3939 811 4001 illi
827 3937 1002 4002 Dominus
1016 3939 1067 4001 ita
1081 3946 1121 4000 ut
1142 3938 1285 4003 tandem
1307 3954 1431 4001 omnes
1450 3946 1496 4009 et⁴
1506 3935 1622 4001 aedifi·

394 4045 531 4109 caverit
546 4053 582 4108 et
598 4045 665 4109 sibi
680 4046 874 4109 benevolos
889 4045 1070 4127 reliquerit
1084 4045 1108 4110 ¹.

435 4132 438 4142 ⁵
457 4151 546 4216 1610.
589 4153 692 4218 Alius
718 4151 765 4216 ad
790 4151 855 4216 S.¹¹n
873 4153 1028 4217 Felicem
1050 4151 1074 4233 ⁸,
1095 4152 1332 4216 concionandi
1352 4152 1472 4233 gratia
1495 4152 1635 4216 missus.

394 4261 471 4339 suit,
489 4270 526 4324 ut
551 4261 585 4324 in
606 4279 648 4324 ea
669 4259 814 4324 Domini
832 4261 939 4324 vinea
960 4261 1150 4341 laboraret;
1170 4261 1233 4324 sed
1256 4259 1504 4324 Conimbricae
1525 4275 1636 4340 pecu--

396 4369 486 4432 liare
502 4368 694 4432 admodum
709 4369 881 4432 talentum
896 4369 1035 4432 dedisse
1050 4366 1225 4431 Dominus
1237 4366 1276 4432 P.
1289 4367 1415 4432 Cottae
1425 4366 1635 4444 videbatur,

440 4573 449 4606 ¹
479 4572 533 4616 Pi’.
542 4571 654 4624 jacobus
664 4573 695 4616 dc
708 4572 851 4618 Santacruz
862 4579 888 4617 et
898 4573 1022 4618 Melchlor
1032 4572 1119 4618 Cotta.

439 4645 451 4677 ²
478 4643 544 4688 Vide
556 4643 676 4686 Litterae
684 4644 913 4697 (lacedaemones,
923 4651 943 4688 t.
953 4645 1112 4699 nuptu-152

438 4713 450 4748 ⁸
477 4714 738 4758 AdAbbatiamSan
749 4715 824 4759 Fins.
