3717 5400
770 494 835 552 Au.
862 495 934 554 1555
1431 496 1468 555 99

226 637 311 701 niae
321 638 369 702 ad
380 638 535 702 diaetam
545 656 617 702 non
628 640 900 716 conveniebant,
915 649 949 703 et
965 640 1106 703 omnino
1118 639 1337 704 Florentiam
1351 651 1471 705 trans·

227 746 363 808 iturum
383 762 462 808 esse
483 746 582 809 illum
602 745 841 825 ¹affirmabat,
858 747 889 810 si
908 746 977 810 hoc
1000 747 1069 810 iter
1090 749 1336 826 germanicum
1357 747 1468 810 factu-

230 869 295 915 rus
308 861 420 930 esset;
436 865 472 914 et
486 853 628 916 interim
641 853 793 930 urgebat
807 862 845 915 ut
860 853 1052 917 conciones
1072 853 1165 933 apud
1188 853 1358 917 Sanctum
1379 855 1468 918 Lau·

230 959 388 1022 rentium
405 959 603 1037 inchoaret;
628 961 731 1023 etita
755 959 823 1023 12.a
845 959 857 990 ⁸
877 961 933 1023 die
956 961 1153 1040 Februarii,
1177 979 1268 1042 quae
1289 962 1467 1025 dominica

232 1077 330 1145 erat,
358 1066 453 1146 apud
480 1065 515 1130 S.
542 1065 773 1130 Laurentium
799 1068 1031 1132 concionatus
1056 1079 1121 1131 est.
1147 1067 1250 1131 Prius
1269 1078 1389 1131 tamen
1414 1079 1468 1132 est

231 1182 452 1252 protestatus
463 1174 568 1253 quod,
579 1174 741 1237 omnibus
755 1174 901 1253 relictis,
912 1190 994 1237 cum
1005 1173 1142 1254 Legato
1155 1175 1379 1256 profecturus
1391 1185 1467 1239 erat

232 1281 340 1343 simul
354 1265 460 1360 atque
471 1279 628 1359 Legatus
639 1298 681 1344 eo
696 1281 864 1344 venisset.
880 1281 926 1344 Et
941 1281 1082 1361 quidem
1097 1281 1263 1362 frequens
1278 1282 1467 1346 admodum

233 1387 451 1451 auditorium
465 1386 599 1450 habuit.
657 1399 660 1403 ’

295 1493 366 1558 265.
411 1493 578 1557 Pervenit
593 1503 713 1558 autem
727 1495 945 1559 Florentiam
959 1493 1117 1575 Legatus
1131 1495 1301 1559 Moronus
1320 1495 1391 1559 26.ει
1405 1496 1468 1559 Fe-

233 1603 372 1666 bruarii
385 1612 420 1666 et
435 1618 516 1665 cum
531 1620 573 1664 eo
588 1600 625 1664 P.
643 1601 792 1680 Natalis,
816 1614 851 1665 et
870 1603 1051 1667 contendit
1066 1602 1271 1684 aliquandiu
1290 1602 1383 1666 idem
1404 1602 1468 1667 Le·

233 1720 342 1789 gatus
356 1724 437 1772 cum
451 1707 616 1786 Ducissa,
633 1725 724 1789 qnae
740 1709 884 1772 omnino
904 1709 1069 1789 cupiebat
1089 1708 1231 1772 Patrem
1253 1710 1397 1788 Laynez
1416 1727 1469 1772 re-

235 1818 361 1892 tinere,
379 1826 525 1896 propter
540 1832 625 1878 suae
639 1815 854 1879 valetudinis
872 1815 1106 1894 debilitatem,
1128 1817 1291 1895 quamvis
1311 1816 1469 1895 Quadra-

235 1924 398 2004 gesimae
413 1923 605 1986 conciones
619 1932 854 2002 praetexeret;
871 1923 934 1986 sed
949 1940 1015 1985 sua
1034 1923 1246 1986 dexteritate
1261 1924 1420 2002 Legatus
1437 1933 1470 1986 et

237 2029 413 2094 Ducissae
436 2028 625 2108 satisfecit,
647 2038 681 2091 et
700 2047 822 2092 secum
842 2028 984 2092 Patrem
1008 2028 1153 2109 Laynez
1174 2030 1321 2093 adduxit
1344 2030 1394 2093 2.⁰
1414 2030 1471 2093 die

238 2137 557 2217 Quadragesimae,
575 2145 611 2198 ut
627 2136 790 2214 superins
805 2135 959 2232 disimus
974 2134 997 2200 ³.
1183 2121 1184 2126 ἵ

297 2243 371 2307 266.
414 2240 608 2307 Admonuit
624 2253 741 2304 autem
760 2244 794 2303 Ρ.
813 2242 987 2320 ignatium
1004 2253 1086 2306 ante
1106 2261 1301 2322 recessum,
1318 2244 1413 2325 quod
1435 2245 1471 2308 in

236 2353 299 2415 illo
314 2367 422 2430 opere
437 2367 515 2426 suo,
533 2348 740 2429 compendio
755 2350 891 2412 scilicet
906 2349 1123 2429 theologiae,
1139 2352 1288 2415 ulterius
1303 2353 1471 2430 progredi

237 2475 311 2521 non
326 2466 500 2537 potuerat,
518 2465 593 2519 tum
606 2464 751 2536 propter
767 2456 1020 2536 occupationes
1035 2457 1192 2536 crebraS,
1209 2459 1332 2538 quales
1353 2459 1389 2520 in
1412 2476 1470 2522 no·

241 2567 298 2628 vis
311 2564 473 2642 collegiis
488 2563 651 2626 accidere
664 2563 791 2639 solent,
809 2571 883 2625 tum
904 2564 949 2626 ob
969 2567 1197 2628 amanuensis
1218 2565 1405 2629 defectum.
1429 2566 1474 2629 Et

240 2673 272 2737 si
287 2671 430 2755 qnando
445 2669 618 2733 Dominus
632 2668 822 2750 inspiraret
842 2669 880 2734 P.
903 2670 1042 2750 Ignatio
1063 2680 1101 2735 ut
1122 2673 1190 2753 ipsi
1211 2681 1350 2752 tempus
1370 2682 1404 2737 et
1426 2674 1473 2735 lo·

242 2779 385 2844 eumad
408 2774 634 2841 scribendum
655 2776 822 2839 idoneum
846 2778 1060 2856 designaret,
1084 2779 1143 2842 ubi
1162 2779 1242 2842 libri
1263 2790 1298 2842 et
1320 2779 1473 2860 scriptor

241 2895 481 2969 suppeterent,
497 2885 647 2948 libenter
662 2901 701 2947 se
720 2884 816 2947 hunc
835 2886 993 2948 laborem
1014 2886 1191 2950 scribendi
1213 2898 1472 2967 suscepturum.

242 2993 368 3058 Donec
379 3002 498 3055 autem
509 2990 545 3054 id
556 2989 668 3067 fieret,
679 2991 898 3055 crediturum
909 3008 948 3054 se
959 3008 1086 3070 parum
1095 2992 1257 3056 idoneum
1267 2993 1312 3056 ad
1321 2994 1474 3057 scriben-

242 3102 329 3165 dum
343 3108 378 3163 et
391 3098 486 3179 quod
501 3096 677 3161 Dominus
692 3094 768 3177 ejus
784 3114 894 3178 opera
909 3098 960 3161 uti
974 3097 1086 3162 noluit
1102 3100 1138 3162 in
1157 3100 1225 3162 hac
1240 3109 1356 3179 parte;
1374 3101 1475 3162 salva

241 3206 415 3271 tamenin
430 3204 593 3268 omnibus
607 3204 810 3268 obedientia
826 3202 847 3267 ‘.

303 3312 378 3378 267.
422 3312 511 3376 Cum
525 3310 681 3375 Ducissa
696 3311 803 3373 etiam
819 3319 941 3391 aperte
957 3313 1029 3391 egit
1041 3312 1135 3393 quod
1146 3312 1246 3375 salva
1259 3315 1476 3377 conscientia

241 3440 315 3486 non
330 3428 471 3501 poterat
485 3436 551 3481 nec
567 3417 720 3481 debebat
736 3415 850 3496 majus
872 3417 939 3481 Dei
954 3419 1140 3482 servitium
1157 3417 1376 3501 [impedire],
1400 3419 1477 3483 Flo-

243 3528 381 3593 rentiae
391 3528 508 3607 ipsum
519 3523 716 3595 retinendo,
730 3524 1015 3603 quandoquidem
1027 3526 1104 3603 ipsa
1115 3542 1239 3606 parum
1248 3527 1360 3607 ipsius
1368 3545 1477 3608 opera

243 3632 463 3717 proficiebat,
480 3642 516 3695 et
531 3630 671 3694 interim
688 3630 886 3708 Collegium
900 3630 1144 3695 Florentinum
1159 3630 1233 3696 fere
1248 3634 1383 3697 nullum
1397 3651 1479 3715 pro-

243 3758 409 3823 gressum
423 3740 569 3816 fecerat,
585 3737 681 3818 quod
695 3736 741 3799 ad
762 3736 839 3817 eJ’us
858 3738 984 3801 attinet
1004 3737 1263 3818 fundationem
1284 3751 1319 3804 et
1341 3740 1478 3820 objicie-

244 3849 307 3912 bat
322 3849 355 3912 ei
368 3862 476 3927 quam
495 3846 605 3907 multa
620 3842 791 3923 impedita
805 3843 955 3908 fuissent
977 3844 1045 3908 Dei
1067 3846 1249 3926 obsequia,
1267 3847 1296 3910 si
1316 3847 1383 3928 ipsi
1404 3866 1480 3928 per-

244 3956 393 4020 missum
407 3969 479 4015 non
493 3951 617 4014 fuisset
631 3949 815 4014 Florentia
830 3952 964 4030 egredi.
981 3951 1025 4014 Et
1039 3952 1208 4015 narrabat
1223 3954 1373 4033 collegia
1397 3955 1479 4018 alibi

245 4060 425 4138 inchoata,
441 4054 619 4139 quaejam
634 4057 759 4120 melius
771 4057 929 4121 stabilita
944 4068 1046 4121 erant
1057 4076 1163 4138 quam
1176 4059 1243 4123 boc
1254 4058 1480 4125 florentinum

243 4168 344 4249 prius
359 4174 536 4246 coeptum;
551 4163 613 4227 sed
627 4162 781 4228 Ducissa
796 4164 828 4226 si
842 4164 925 4243 quid
938 4164 1006 4228 sibi
1018 4165 1206 4230 accidisset
1221 4165 1316 4246 (nam
1331 4178 1480 4231 mortem

287 4446 294 4476 ¹
326 4443 457 4498 Legatum
466 4440 593 4486 videlicet
603 4438 769 4484 cardinalem
780 4440 920 4484 Moronem.

284 4519 296 4551 ¹
325 4516 368 4561 Sic
378 4513 515 4569 perspicue
526 4513 552 4556 in
562 4509 618 4565 bina
629 4512 674 4554 sed
690 4521 763 4555 error
774 4519 823 4566 est,
834 4523 884 4556 non
895 4514 963 4556 enini
973 4513 1101 4557 dominica
1117 4514 1165 4557 init
1180 4514 1236 4559 dies
1255 4517 1314 4565 ista:
1325 4522 1351 4560 et
1363 4517 1484 4561 fortassis

243 4588 411 4633 scribendum
421 4584 479 4636 102,
489 4594 557 4638 quae
567 4582 615 4626 fnit
626 4584 675 4626 hoc
686 4592 754 4626 anno
764 4583 892 4627 dominica
903 4582 1129 4638 Septuagesimae.

286 4660 299 4692 ⁸
325 4654 611 4713 annectantur.
1129 4648 1130 4653 ’

290 4732 302 4764 ⁴
330 4730 397 4775 Vide
407 4738 494 4784 snpra,
507 4734 524 4771 t„
535 4737 571 4780 m,
582 4736 642 4780 pag.
653 4725 701 4782 257,
712 4738 736 4771 n.
746 4727 794 4771 574.
803 4734 829 4771 et
840 4735 859 4770 t.
876 4738 911 4780 iv,
921 4740 979 4782 pag.
990 4728 1037 4782 163,
1047 4742 1071 4773 n.
1082 4729 1130 4773 stt.
