3717 5400
396 509 456 570 b‘ll
853 511 983 570 Cattos.
1003 508 1084 570 Soc.
1107 511 1178 584 jas.

398 667 480 721 ctus
493 657 623 737 gratia.
638 657 674 720 in
690 665 764 720 tam
778 657 887 735 longo
902 664 1061 736 tempore
1073 657 1318 735 vendiderant,
1343 657 1392 722 ita
1415 668 1454 720 ut
1469 656 1545 738 jam
1563 675 1631 722 nec

399 765 448 828 ad
462 765 528 828 iter
542 761 741 827 faciendum
757 779 823 826 nec
838 761 882 825 ad
897 762 1112 827 manendum
1125 762 1315 828 facultates
1336 765 1427 827 ullas
1445 763 1628 844 haberent;

401 881 436 935 et
450 872 482 934 si
495 871 741 950 eleemosynis
757 885 848 950 quas
862 870 975 934 nostri
994 879 1223 950 curaverant,
1243 871 1355 952 adJ'uti
1373 887 1446 935 non
1465 871 1627 947 fuissent¹

401 977 501 1059 pejus
516 994 596 1041 cum
612 978 664 1042 eis
678 987 797 1040 actum
812 977 947 1041 fuisset.
963 975 1096 1041 Parum
1109 978 1217 1041 etiam
1231 979 1387 1042 humane
1400 979 1446 1041 ab
1455 979 1517 1042 illo
1527 996 1627 1059 prae·

400 1086 494 1150 fecto
508 1085 626 1149 Blasio
642 1083 785 1149 Chubas
810 1083 1094 1164 accipiebantur,
1110 1094 1145 1148 et
1166 1084 1255 1148 haec
1273 1096 1309 1150 et
1329 1085 1399 1148 alia
1419 1102 1491 1148 non
1512 1101 1628 1166 pauca

399 1194 525 1272 gravis
539 1190 816 1273 perturbationis
830 1199 865 1253 et
887 1189 1090 1254 offendiculi
1109 1191 1236 1256 incolis
1254 1190 1410 1271 Paragai
1428 1209 1537 1256 causa
1555 1191 1630 1256 fue·

399 1311 494 1379 runt;
510 1299 609 1363 etita
624 1299 840 1364 discordiam
855 1299 947 1362 inter
961 1296 1185 1362 Castellanos
1206 1303 1214 1336 ¹
1230 1299 1270 1363 P.
1285 1299 1453 1379 Nobrega
1467 1300 1627 1380 timebat,

401 1416 437 1471 et
452 1407 498 1471 ad
511 1405 753 1486 pacificandos
768 1405 905 1468 animos
926 1403 1111 1485 utriusque
1127 1405 1256 1484 gentis,
1280 1405 1372 1468 inter
1390 1414 1529 1470 ceteras
1546 1421 1629 1469 cau·

400 1531 473 1592 sas,
498 1514 651 1593 aliquem
671 1513 718 1576 ad
738 1511 958 1591 praedictam
982 1511 1164 1575 civitatem
1191 1511 1346 1592 Paragai
1370 1513 1510 1576 mittere
1534 1513 1628 1577 vole·

400 1623 498 1700 bant,
527 1622 586 1684 vel
613 1620 761 1700 ipsemet
788 1617 978 1700 proficisci,
1008 1618 1091 1699 quia
1119 1619 1182 1682 vix
1209 1619 1317 1683 alium
1345 1637 1450 1699 quem
1474 1619 1631 1683 mitteret

398 1727 565 1792 idoneum
580 1728 743 1791 habebat.

463 1834 551 1899 1708.
594 1835 739 1900 Abusus
754 1845 883 1912 autem,
900 1835 959 1898 vel
973 1853 1018 1899 ex
1032 1835 1236 1914 ignorantia
1247 1835 1306 1896 vel
1317 1834 1451 1898 malitia
1463 1834 1629 1898 inductos

400 1944 437 2007 in
452 1945 619 2024 populum
638 1943 884 2020 lusitanorum,
901 1943 1143 2006 intolerabiles
1161 1959 1241 2004 esse
1259 1941 1410 2018 dicebat,
1430 1939 1629 2020 cujusmodi

399 2058 479 2114 erat
503 2049 609 2114 Indos
634 2048 796 2127 laudare,
822 2065 904 2112 cum
928 2049 1051 2112 hostes
1078 2047 1289 2112 occidebant
1318 2059 1353 2111 et
1380 2049 1625 2128 comedebant,

398 2157 507 2221 immo
522 2166 556 2219 et
571 2155 760 2235 aliquando
776 2172 901 2218 servos
914 2172 1000 2220 suos
1019 2155 1183 2236 captivos
1201 2155 1248 2218 ad
1269 2154 1339 2218 hoc
1356 2155 1473 2234 ipsum
1493 2155 1546 2218 eis
1566 2155 1626 2219 do·

399 2263 545 2343 nabant;
561 2281 626 2327 nec
642 2262 789 2327 Vicario
804 2262 934 2326 licebat
948 2262 1221 2325 concubinarios
1236 2262 1361 2342 punire
1375 2270 1410 2325 et
1424 2263 1494 2324 alia
1509 2261 1628 2342 hujus·

399 2371 507 2448 modi,
522 2388 613 2452 quae
627 2369 784 2433 remedio
801 2387 822 2432 a
837 2367 936 2447 Rege
951 2366 1191 2448 Portugalliae
1206 2369 1316 2432 misso
1328 2369 1545 2447 indigebant.

463 2477 550 2543 1709.
594 2475 715 2541 Nostri
739 2477 890 2554 interim,
916 2477 978 2556 qui
999 2475 1242 2554 Piratiningae
1270 2475 1490 2554 residebant,
1517 2479 1630 2540 multo

400 2586 552 2666 quietius
568 2595 602 2648 et
624 2603 704 2648 cum
730 2584 855 2665 majori
880 2600 944 2663 spe
968 2583 1107 2647 fructus
1132 2584 1223 2647 inter
1247 2581 1353 2646 Indos
1378 2584 1627 2664 versabantur,

397 2694 563 2775 quamvis
577 2694 637 2757 illa
652 2711 723 2756 non
739 2693 882 2757 omnino
896 2709 1115 2772 magnopere
1128 2703 1227 2756 certa
1242 2702 1347 2771 esset;
1370 2710 1453 2756 nam
1467 2705 1506 2756 ut
1527 2710 1629 2774 supe·

400 2802 487 2865 riori
499 2818 592 2864 anno
607 2801 761 2865 diximus
775 2802 802 2875 ¹,
825 2800 884 2882 qui
901 2800 947 2864 ad
967 2800 1148 2864 Christum
1167 2801 1333 2863 conversi
1353 2812 1467 2878 erant,
1490 2799 1535 2863 ad
1549 2816 1628 2880 spe-

399 2910 549 2971 ctandas
565 2910 715 2973 aliorum
730 2908 929 2987 gentilium,
946 2908 1007 2988 qui
1019 2923 1102 2971 suos
1111 2908 1232 2970 hostes
1243 2906 1453 2972 occidebant
1464 2916 1498 2971 et
1512 2923 1628 2971 come·

398 3014 550 3090 debant,
576 3015 834 3094 solemnitateS,
861 3016 896 3077 in
921 3015 1029 3078 allum
1053 3030 1186 3096 pagum
1211 3031 1249 3078 se
1274 3015 1510 3077 contulerant.
1537 3013 1629 3079 Cum

399 3133 518 3185 autem
539 3122 730 3199 redierunt,
747 3122 925 3201 negabant
941 3122 1053 3184 nostri
1073 3138 1112 3185 se
1126 3137 1189 3185 eos
1202 3122 1240 3185 in
1253 3123 1440 3185 ecclesiam
1455 3122 1628 3184 admissu·

397 3246 469 3309 ros,
485 3230 565 3307 nisi,
579 3230 678 3310 prius
693 3246 731 3292 se
746 3228 956 3293 verberibus
974 3227 1172 3305 caedentes,
1190 3246 1212 3291 a
1227 3228 1381 3292 Domino
1404 3230 1546 3292 reniam
1566 3246 1631 3309 po·

397 3337 581 3401 stularent.
598 3336 729 3401 Omnes
749 3352 836 3415 ergo
854 3336 928 3399 fere
948 3336 1107 3399 unanimi
1128 3352 1315 3413 consensu,
1331 3336 1558 3417 processione
1577 3334 1630 3399 fa·

395 3453 455 3509 cta
466 3455 500 3508 et
512 3445 668 3524 ipsorum
679 3442 911 3506 filiislitanias
923 3442 1252 3518 decantantibus,ut
1264 3460 1344 3505 cum
1356 3442 1488 3506 nostris
1498 3443 1533 3504 in
1544 3458 1629 3520 gra-

397 3549 483 3614 tiam
500 3550 666 3628 redirent,
686 3552 722 3613 in
740 3550 928 3613 ecclesiam
944 3547 1109 3612 Calendis
1122 3548 1284 3631 Januarii
1298 3566 1337 3612 se
1356 3548 1577 3629 flagellantes
1590 3558 1630 3613 et

396 3658 677 3721 misericordiam
692 3676 712 3720 a
725 3648 802 3720 Deo
816 3666 978 3737 petentes
991 3657 1213 3720 introierunt.
1227 3655 1422 3721 Puerorum
1431 3658 1552 3736 etiam,
1566 3658 1630 3739 qui

396 3765 432 3828 in
449 3765 608 3828 scholam
623 3775 782 3828 nostram
797 3765 998 3844 veniebant,
1017 3763 1216 3845 frequentia
1231 3764 1360 3828 indies
1375 3766 1583 3845 augebatur.

460 3872 547 3935 1710.
591 3870 661 3935 Sed
676 3873 822 3935 humani
847 3871 990 3952 generis
1009 3871 1124 3935 hostis
1142 3872 1224 3935 huic
1245 3872 1405 3952 ipsorum
1425 3873 1517 3936 bono
1538 3872 1630 3936 invi·

394 3977 484 4043 dens
495 3978 517 4056 ³,
533 3990 569 4042 ut
584 3981 767 4043 averitate
782 3980 997 4043 christianae
1012 3978 1196 4057 religionis
1210 3995 1253 4041 ac
1269 3980 1399 4059 pietate
1413 3996 1475 4042 eos
1489 3988 1630 4042 averte·

396 4096 462 4165 ret,
477 4086 605 4149 bellum
622 4087 815 4150 maximum
830 4084 1018 4165 excitavit;
1034 4094 1165 4148 etcum
1183 4102 1229 4147 ex
1244 4086 1405 4166 plurimis
1427 4087 1513 4149 locis
1528 4085 1630 4149 Pira-

396 4193 556 4271 tiningae
576 4194 703 4257 vicinis
722 4192 797 4257 Indi
818 4194 1081 4270 convenissent,
1104 4190 1165 4273 [et]
1188 4193 1361 4256 daemone
1372 4192 1531 4272 juvante,
1553 4210 1630 4257 ma·

308 4317 311 4323 ·
395 4316 505 4381 gnam
517 4302 705 4365 victoriam
720 4302 762 4364 de
775 4302 935 4365 hostibus
949 4309 1202 4381 reportassent,
1219 4299 1256 4362 in
1271 4300 1435 4364 omnibus
1449 4299 1523 4363 fere
1537 4301 1631 4364 locis

395 4408 638 4471 solemnitates
657 4409 738 4471 illae
757 4408 991 4485 execrandae,
1007 4407 1043 4470 in
1065 4407 1191 4488 quibus
1205 4407 1358 4470 necandi
1373 4417 1476 4471 erant
1490 4406 1629 4489 hostes,

436 4614 445 4647 Ι
475 4612 526 4667 slot
537 4612 609 4657 deest
620 4620 707 4657 tamen
719 4614 838 4658 fortassis
848 4612 889 4657 hic
902 4615 927 4657 el
938 4612 1079 4656 lusitanos.

434 4684 446 4717 Ι
474 4684 539 4729 Vlde
551 4696 637 4739 supra,
648 4692 666 4729 t.
677 4696 713 4739 tv,
723 4696 785 4740 pag.
795 4684 844 4740 629,
856 4697 880 4729 n.
892 4684 955 4729 1317.

434 4755 447 4789 ⁸
473 4756 666 4809 ministrem.
