3717 5400
815 503 881 561 Au.
904 502 974 563 1555
1457 502 1511 561 ltu

344 647 431 711 1171.
474 646 542 712 Hic
557 666 644 730 ergo
659 659 694 713 et
708 650 779 729 alii,
795 666 876 713 cum
891 665 1023 729 magna
1036 648 1281 727 admiratione,
1294 649 1511 714 novitiorum

283 755 542 819 institutionem
550 765 584 819 et
591 756 788 837 profectum
799 756 1005 821 eorumdem
1017 756 1253 820 intuebantur.
1268 753 1392 835 Populi
1403 756 1510 819 etiam

279 861 424 925 devotio
438 880 526 943 erga
542 861 756 928 Societatem
771 866 966 942 crescebat,
979 864 1042 927 sed
1054 864 1160 927 etiam
1171 871 1400 927 externorum
1413 864 1508 942 (sic).

279 968 413 1033 Crebro
429 980 546 1034 autem
560 970 696 1052 primus
710 970 922 1035 Praesidens
943 971 951 1002 ¹
972 988 1015 1034 eo
1037 971 1217 1045 veniebat;
1241 979 1276 1033 et
1297 971 1406 1033 semel
1427 986 1510 1033 cum

279 1076 413 1139 nostris
434 1094 586 1157 pransus
607 1079 644 1142 in
664 1078 865 1159 refectoria,
887 1079 1001 1143 solum
1017 1094 1062 1141 ex
1077 1086 1223 1157 aspectu
1238 1076 1373 1141 ordinis
1388 1086 1422 1139 et
1437 1094 1509 1140 mo·

279 1181 415 1246 destiae
430 1200 647 1265 magnopere
662 1194 860 1251 commotus
874 1185 953 1249 fuit.
970 1184 1059 1251 Cum
1074 1193 1192 1248 autem
1208 1184 1338 1247 ibidem
1352 1184 1509 1264 aliquan·

279 1289 325 1353 do
340 1292 537 1372 prandebat
551 1292 712 1356 Marchio
726 1292 770 1357 de
785 1292 929 1357 Tavora
943 1292 967 1371 ¹,
983 1292 1070 1357 nihil
1085 1292 1181 1356 aliud
1196 1308 1301 1371 quam
1324 1291 1420 1372 quod
1438 1290 1508 1354 fra·

278 1398 391 1461 tribus
416 1401 695 1479 proponebatur,
722 1400 789 1464 sibi
813 1409 1071 1480 proponeretur
1096 1398 1377 1478 (sic),·Marchio
1401 1398 1509 1462 etiam

277 1502 441 1569 Villenae
462 1504 475 1537 ⁸
496 1524 539 1570 eo
560 1508 737 1583 veniebat;
761 1519 796 1572 et
817 1522 1042 1587 summopere
1056 1522 1135 1571 sese
1151 1506 1319 1587 colligere
1334 1506 1381 1569 ad
1394 1505 1509 1585 profe·

278 1624 374 1676 ctum
388 1631 490 1677 suum
505 1616 724 1696 spiritualem
738 1616 869 1679 ibidem
883 1616 1064 1696 optabant.

341 1720 429 1785 1172.
472 1723 702 1787 Mittebantur
716 1724 906 1804 aliquando
927 1722 1053 1786 novitii
1068 1721 1315 1785 Vallisoletum
1335 1729 1375 1783 ut
1388 1719 1503 1800 hospi·

279 1828 408 1892 talibus
419 1830 643 1909 inservirent,
653 1840 688 1894 et
699 1848 837 1894 summa
848 1848 931 1893 cum
942 1830 1282 1907 aedificatione,tum
1293 1844 1500 1908 pauperum,

278 1942 354 1998 tum
378 1936 635 2017 ministrorum,
662 1954 765 2001 suum
783 1954 911 2001 munus
938 1936 1095 2001 obibant.
1124 1934 1361 1999 Testabantur
1386 1941 1505 1997 autem

278 2044 463 2106 oeconomi
477 2043 715 2125 hospitalium,
728 2044 821 2125 quod
833 2045 1021 2108 multitudo
1033 2044 1258 2120 famulorum,
1271 2041 1398 2122 quibus
1408 2041 1507 2120 prius

276 2148 477 2228 utebantur,
495 2151 702 2215 satisfacere
716 2152 932 2232 pauperibus
947 2168 1017 2214 non
1029 2158 1184 2231 poterat3
1198 2166 1292 2212 nunc
1303 2156 1422 2211 autem
1433 2147 1504 2210 duo

278 2272 323 2317 ex
338 2254 394 2318 his
408 2256 554 2322 novitiis
567 2258 824 2338 quinquaginta
839 2268 873 2321 et
893 2258 1080 2337 sexaginta
1102 2256 1316 2337 pauperibus
1335 2256 1387 2317 sic
1405 2254 1505 2317 satis-

278 2362 467 2441 faciebant,
490 2374 528 2427 ut
547 2382 619 2428 non
638 2367 751 2429 solum
771 2365 866 2446 quod
887 2364 933 2428 ad
953 2381 1084 2445 corpus
1106 2363 1231 2428 attinet
1248 2378 1312 2427 eos
1327 2360 1505 2441 juvarent,

277 2468 462 2534 sedetiam
477 2471 522 2534 ad
537 2472 795 2553 aequanimiter
808 2482 843 2536 et
854 2474 949 2535 laeto
961 2472 1080 2535 animo
1092 2469 1257 2534 ferendos
1267 2469 1413 2533 morbos
1422 2484 1508 2532 suos

280 2578 571 2655 exhortarentur3
593 2596 660 2643 nec
680 2581 770 2644 ullus
789 2578 864 2660 jam
882 2594 960 2643 erat
979 2596 1024 2643 ex
1046 2577 1323 2658 aegrotantibus
1344 2576 1406 2655 qui
1425 2592 1507 2638 con-

278 2694 486 2766 quereretur
501 2686 544 2751 de
564 2705 628 2751 suo
649 2688 786 2767 morbo,
808 2688 916 2753 immo
939 2687 999 2752 alii
1021 2687 1109 2750 alios
1131 2686 1285 2751 invicem
1306 2683 1353 2748 ad
1373 2682 1506 2765 patien-

276 2793 364 2855 tiam
378 2793 627 2858 hortabantur.

342 2897 429 2962 1173.
471 2899 583 2964 Erant
609 2915 728 2965 autem
756 2917 908 2982 quatuor
936 2905 974 2966 in
1002 2903 1140 2966 duobus
1169 2899 1414 2979 hospitalibus,
1443 2915 1507 2979 per

277 3022 435 3069 mensem
454 3023 575 3086 unum,
598 3009 724 3072 deinde
747 3011 893 3074 totidem
914 3010 1223 3086 submittebantur,
1247 3023 1337 3088 quos
1357 3021 1438 3069 cum
1456 3005 1506 3068 in·

277 3114 492 3176 struxissent
516 3115 664 3194 priores,
691 3134 755 3196 per
776 3117 919 3180 biduum
944 3117 1001 3181 vel
1025 3116 1192 3193 triduum,
1219 3114 1265 3177 ad
1285 3112 1506 3194 probationis

278 3219 424 3283 domurn
445 3219 618 3286 redibant.
641 3221 700 3287 Ad
718 3223 1017 3303 peregrinandum
1038 3224 1146 3287 etiam
1166 3222 1239 3286 bini
1261 3220 1503 3298 mittebantur,

278 3343 360 3389 cum
375 3343 506 3408 magno
522 3328 696 3393 desiderio
711 3330 843 3410 aliquid
858 3330 1017 3410 patiendi
1031 3347 1096 3409 pro
1116 3329 1273 3408 Christo;
1296 3345 1361 3391 nec
1382 3325 1504 3388 deerat

277 3434 422 3497 occasio
437 3434 679 3499 satisfaciendi
697 3435 898 3516 hujusmodi
918 3436 1113 3500 desideriis.
1138 3435 1295 3515 Singulis
1317 3444 1436 3498 autem
1456 3431 1504 3495 fe·

276 3541 342 3603 stis
356 3557 448 3604 unus
462 3559 507 3605 ex
521 3541 691 3606 fratribus
705 3543 991 3607 exhortationem
1011 3543 1164 3606 habebat
1184 3558 1265 3606 curn
1287 3541 1505 3622 reliquorum

277 3647 523 3713 satisfactione
537 3647 560 3712 ⁴.

340 3753 427 3818 1174.
471 3754 572 3835 Quod
598 3757 643 3820 ad
667 3757 843 3821 rationem
865 3758 985 3822 victus
1006 3759 1143 3836 attinet,
1169 3757 1321 3837 populus
1345 3757 1421 3837 ipse
1444 3775 1505 3839 pa·

277 3877 370 3939 nem,
397 3863 521 3925 vinum
545 3873 579 3927 et
604 3863 700 3943 ligna
726 3865 865 3928 abunde
889 3865 1137 3947 suppeditabat
1162 3873 1197 3928 et
1221 3865 1291 3928 alia
1316 3865 1505 3945 quaedam:

275 3978 419 4032 caetera
433 3969 575 4033 aliunde
590 3972 863 4050 quaerebantur.
880 3971 949 4036 Die
970 3981 1109 4036 tantum
1124 3971 1261 4035 sabbati
1277 3972 1455 4052 petebant,
1471 3981 1507 4038 et
1553 3955 1568 3980 '

315 4171 325 4203 Ι
353 4169 516 4228 vlnerum,
526 4185 587 4230 pag.
598 4175 647 4229 tut,
658 4187 684 4220 n.
695 4176 755 4220 1164.

315 4242 328 4273 ¹
354 4241 421 4286 Vide
431 4254 518 4298 snpra,
529 4257 588 4300 pag.
597 4246 645 4300 1115,
655 4258 683 4291 n.
696 4247 757 4291 11⁶5.

314 4311 328 4345 ⁸
351 4311 507 4359 Franclscns
518 4315 634 4361 Pacheco
645 4325 672 4362 et
685 4318 830 4364 Bobadllln.
846 4317 914 4363 Vide
924 4317 1047 4364 Litterae
1062 4319 1292 4373 Quadrlmestm,
1307 4325 1326 4364 t.
1338 4329 1375 4373 trr,
1391 4329 1452 4374 pag.
1469 4317 1506 4374 at,

272 4383 319 4427 red
329 4384 439 4438 ibidem,
449 4397 510 4440 paq.
519 4388 554 4438 51.
565 4389 668 4444 corrige
678 4396 766 4434 annot.
775 4391 797 4446 2,
807 4391 850 4436 ubi
860 4392 974 4446 positum
984 4397 1024 4434 est
1035 4389 1165 4436 Dilectus.

315 4456 327 4488 ⁸
353 4455 542 4503 Delectabatur
553 4459 618 4504 adeo
628 4459 747 4515 ignatius
758 4462 798 4515 lle,
812 4473 878 4517 quae
889 4462 1006 4506 dedomo
1021 4463 1182 4517 probationis
1197 4461 1371 4518 Septimancls
1384 4461 1506 4508 lustlrura

274 4521 383 4569 nomam
391 4525 601 4580 perferebantur,
611 4537 639 4574 ut
650 4541 696 4586 per
706 4530 847 4575 Polnncum
857 4533 923 4576 haec
935 4531 1008 4576 Patri
1020 4531 1162 4578 Franclsco
1171 4533 1203 4576 da
1220 4531 1299 4588 Borju
1314 4533 1392 4577 scribi
1403 4533 1505 4578 fecerit:

273 4595 320 4640 *nt
329 4597 397 4641 lunen
406 4608 497 4643 nuceto
508 4600 540 4644 de
550 4612 596 4646 esa
606 4613 670 4646 cm
679 4614 739 4647 creo
754 4603 819 4647 dara
833 4603 960 4648 devoclou
971 4607 987 4647 a
1001 4611 1076 4648 otrus
1086 4605 1235 4660 provincia·
1245 4605 1278 4648 de
1293 4615 1418 4658 procurat
1432 4613 1507 4652 otras

274 4669 440 4724 aurientes,
449 4682 512 4725 pero
522 4673 553 4717 de
564 4681 620 4717 erto
630 4686 667 4732 ys
676 4687 703 4718 se
715 4679 747 4719 re
758 4687 807 4729 que
818 4677 842 4718 la
854 4675 1010 4720 inclinnclon
1019 4677 1051 4720 de
1062 4674 1095 4721 V.
1106 4675 1136 4720 R.
1148 4687 1180 4719 no
1187 4677 1272 4720 habre
1280 4685 1408 4722 menester
1418 4687 1508 4734 erpua-

275 4742 316 4784 las
326 4741 463 4800 elnam,
474 4746 575 4790 cuaudo
584 4746 610 4791 la
621 4747 792 4801 oportunldud
800 4759 829 4792 κ
838 4747 1051 4802 circuiere.„-ld.·
1058 4747 1127 4801 Junll
1138 4747 1198 4792 fotid.
