3717 5400
801 490 864 546 Au.
893 488 963 546 1555
1340 504 1343 509 ’
1445 485 1501 543 427

261 641 299 694 31
313 631 456 712 quidam
469 632 608 709 nobilis
625 633 716 697 inter
731 635 830 707 alios,
849 636 885 697 in
901 634 968 696 hac
984 644 1086 712 parte
1100 632 1260 708 eminuit,
1275 632 1335 712 qui
1347 641 1385 695 ut
1402 632 1499 711 prius

263 738 312 801 ad
326 755 452 818 parum
467 738 635 803 honestas
649 739 794 803 delicias
814 742 903 804 alios
917 741 1105 819 invitabat,
1128 741 1177 802 ita
1198 741 1295 802 velut
1316 740 1497 819 speculum

266 845 411 909 virtutis
424 845 558 909 eisdem
572 857 698 926 postea
713 865 751 911 se
766 848 942 928 praebuit.

331 952 418 1015 1143.
464 952 693 1017 Morientibus
708 955 815 1018 etiam
828 966 1065 1035 opportunum
1079 956 1251 1020 auxilium
1264 972 1285 1016 a
1296 954 1431 1017 nostris
1442 952 1501 1017 da-

267 1069 341 1123 tum
360 1068 424 1124 est.
441 1059 592 1139 Quidam
612 1079 744 1142 magno
759 1081 804 1125 ex
819 1062 899 1124 odio
919 1079 983 1143 per
999 1073 1081 1126 octo
1104 1080 1218 1125 annos
1237 1063 1281 1126 ab
1302 1078 1414 1125 uxore
1435 1076 1500 1123 sua

266 1177 455 1248 separatus
468 1169 620 1247 vixerat,
638 1172 757 1250 immo,
780 1170 932 1233 cavebat
948 1186 991 1233 ne
1006 1172 1123 1233 locum
1140 1170 1264 1244 adiret,
1286 1168 1346 1231 ubi
1361 1168 1422 1231 1113
1437 1167 1496 1230 ha·

263 1268 411 1352 bitabat;
427 1275 556 1338 timens
571 1294 615 1338 113
630 1278 725 1339 illam
741 1276 930 1352 offendere,
949 1286 1010 1339 aut
1025 1277 1060 1339 in
1077 1277 1190 1356 ipsam
1203 1290 1330 1339 manus
1341 1273 1498 1355 injicere,

263 1382 311 1444 ob
322 1381 543 1463 praedictum
560 1382 690 1459 odium,
714 1393 913 1462 cogeretur.
929 1382 998 1447 Hic
1018 1383 1179 1445 incidens
1196 1384 1231 1445 in
1251 1382 1439 1463 quemdam
1455 1398 1500 1443 ex

265 1491 398 1553 nostris
412 1489 667 1566 sacerdotibus,
685 1502 719 1553 et
734 1508 798 1553 sua
813 1500 961 1570 peccata
977 1488 1092 1553 eidem
1111 1488 1307 1560 consessus,
1331 1504 1499 1567 compun-

264 1595 420 1659 ctionem
444 1597 638 1659 maximam
664 1616 685 1659 a
707 1596 861 1660 Domino
884 1606 1022 1675 nactus,
1046 1608 1081 1659 et
1106 1599 1142 1659 in
1167 1596 1294 1659 uberes
1320 1596 1501 1674 lacrymas

266 1720 512 1783 prorumpenS,
529 1704 629 1783 quasi
641 1723 686 1767 cx
698 1704 853 1767 tenebris
869 1703 914 1766 a’d
925 1706 1041 1767 lucem
1053 1703 1242 1780 adductus,
1259 1701 1362 1765 uxori
1377 1718 1499 1763 recon-

263 1810 406 1873 ciliatus
420 1819 483 1887 est;
501 1822 536 1873 et
551 1810 647 1875 dedit
662 1812 712 1873 1111
729 1810 901 1874 Dominus
917 1813 1064 1891 prolem,
1083 1828 1152 1891 qua
1168 1827 1232 1890 per
1243 1810 1371 1872 multos
1386 1824 1501 1870 annos

265 1917 304 1979 in
317 1916 543 1980 matrimonio
560 1919 685 1979 vivens
700 1930 877 1996 caruerat;
894 1928 928 1981 31
944 1917 1066 1981 hilaris
1082 1927 1116 1981 et
1133 1933 1264 1996 magna
1281 1932 1360 1978 cum
1377 1930 1501 1978 conso·

267 2024 399 2087 latione
421 2025 467 2087 ad
487 2024 743 2087 confessarium
764 2026 872 2102 venit,
899 2026 966 2089 hoc
985 2024 1196 2088 beneficium
1220 2040 1241 2086 a
1261 2023 1414 2086 Domino
1435 2021 1502 2085 sibi

267 2134 438 2194 collatum
454 2130 529 2209 ejus
544 2149 653 2210 opera
669 2148 883 2209 agnoscens.

331 2238 417 2301 1144.
464 2238 616 2317 Quidam
636 2239 744 2303 etiam
763 2238 828 2302 suit
848 2258 893 2303 ex
914 2240 1019 2305 domo
1037 2241 1150 2320 regia,
1175 2240 1234 2319 qui
1257 2240 1292 2303 in
1313 2254 1392 2302 eam
1412 2238 1498 2301 resi·

265 2346 473 2425 gnationem
493 2348 602 2409 animi
616 2357 765 2410 venerat
778 2357 818 2409 ut
836 2364 881 2409 ne
899 2348 1103 2411 mendicare
1123 2348 1266 2428 quidem
1288 2346 1446 2410 ostiatim
1467 2354 1502 2407 et

268 2452 473 2516 humillimis
486 2453 583 2517 indui
597 2454 820 2518 vestimentis
834 2454 961 2517 durum
978 2464 1038 2517 aut
1058 2454 1198 2518 difficile
1214 2453 1446 2531 existimaret,
1470 2452 1502 2514 si

265 2561 377 2622 talem
391 2576 470 2623 esse
484 2559 553 2623 Dei
567 2562 787 2624 voluntatem
801 2560 1025 2641 intelligeret.

331 2666 419 2730 1145.
463 2666 692 2732 Accedebant
716 2668 762 2732 ad
786 2668 929 2732 domum
954 2665 1143 2732 Societatis
1164 2677 1307 2733 nostrae
1332 2666 1506 2747 primores

268 2776 392 2839 curiae
407 2775 590 2855 utriusque
603 2793 721 2851 3311113,
738 2775 870 2839 Missae
885 2775 1082 2840 audiendae
1097 2775 1231 2855 gratia,
1247 2775 1304 2838 vel
1319 2783 1357 2838 ut
1372 2775 1415 2837 de
1430 2773 1506 2837 suis

267 2890 466 2946 tractarent
478 2884 584 2946 rebus
596 2883 640 2946 ad
653 2884 799 2963 spiritus
811 2884 1009 2963 profectum
1017 2883 1287 2963 pertinentibus;
1299 2892 1333 2947 et
1346 2899 1391 2945 ex
1403 2881 1459 2944 his
1471 2888 1506 2943 et

270 2989 349 3052 aliis
361 2989 462 3053 multi
476 2990 663 3053 dominicis
674 3008 717 3053 ac
728 2990 827 3053 festis
839 2990 964 3054 diebus
976 2990 1021 3052 ad
1033 2999 1261 3052 sacramenta
1273 2988 1504 3052 accedebant.

269 3095 351 3178 Ipsa
364 3097 472 3160 etiarn
486 3097 657 3175 Princeps
668 3097 810 3178 Joanna
824 3096 1022 3175 Collegium
1037 3097 1106 3159 hoc
1121 3096 1243 3176 magni
1257 3096 1424 3174 faciebat,
1441 3093 1503 3158 sed

268 3204 459 3284 praecipue
473 3203 511 3266 P.
528 3203 760 3267 Franciscum
773 3203 955 3283 Borgiam,
972 3221 1036 3284 pro
1052 3222 1122 3284 quo
1147 3203 1297 3282 singulis
1313 3202 1436 3265 diebus
1451 3217 1506 3263 ro·

267 3311 404 3374 sarium
419 3327 528 3374 unum
543 3311 696 3374 nominis
709 3310 793 3392 Jesu
809 3310 886 3373 Deo
902 3309 1084 3388 offerebat,
1102 3320 1138 3374 et
1153 3310 1280 3373 deinde
1296 3308 1334 3372 P.
1357 3307 1504 3372 Provin-

269 3418 397 3482 cialem
413 3417 533 3480 Araoz
547 3427 582 3481 et
596 3418 765 3498 reliquos

333 3523 422 3588 1146.
464 3523 608 3587 Invitati
632 3524 772 3587 fuerant
796 3524 908 3586 nostri
935 3541 956 3586 a
981 3521 1114 3586 Senatu
1141 3521 1423 3602 (cancellariam
1445 3539 1505 3585 vo·

272 3642 357 3695 cant
372 3631 395 3709 ¹)
410 3641 449 3694 ut
465 3649 538 3710 303,
554 3631 663 3710 quiin
682 3629 844 3694 custodia
859 3630 1001 3710 publica
1017 3629 1280 3708 detinebantur,
1298 3629 1504 3694 inviserent.

271 3738 426 3818 Quidam
439 3748 559 3801 autem
571 3737 741 3802 sacerdos
755 3738 801 3801 ad
816 3737 1017 3801 doctrinam
1039 3738 1290 3819 explicandam
1306 3738 1357 3800 eis
1377 3736 1507 3799 missus

272 3854 339 3924 est,
359 3846 419 3926 qui
438 3862 570 3925 magna
589 3846 830 3910 consolatione
851 3862 913 3908 eos
936 3843 1067 3922 affecit,
1090 3853 1125 3908 et
1147 3841 1507 3925 praeterquamquod

271 3953 471 4017 didicerunt
495 3970 585 4033 quae
610 3953 824 4031 ignorabant
849 3970 895 4015 ex
920 3951 1141 4015 orationibus
1168 3951 1425 4030 communibus
1452 3966 1507 4012 ar-

270 4059 389 4123 ticulis
413 4060 509 4137 fidei,
535 4059 735 4140 praeceptis
760 4057 828 4121 Dei
854 4069 889 4122 et
913 4058 1112 4138 Ecclesiae,
1144 4059 1253 4122 multa
1278 4057 1315 4120 in
1343 4057 1395 4121 eis
1418 4057 1507 4120 vitia

270 4168 459 4231 emendata
483 4167 641 4246 fuerunt;
667 4176 702 4230 et
726 4167 893 4232 mulieres
918 4166 966 4230 ibi
986 4165 1150 4230 detentae
1176 4183 1300 4229 omnes
1321 4165 1508 4228 confessae

270 4274 424 4354 fuerunt,
451 4275 553 4337 multi
577 4275 684 4338 etiam
711 4293 757 4338 ex
777 4274 877 4351 viris;
907 4284 942 4336 et
968 4273 1077 4352 aliqui
1108 4274 1215 4337 etiam
1241 4274 1446 4354 frequenter
1472 4269 1509 4334 id

270 4381 460 4459 faciebant;
477 4392 512 4444 et
525 4383 662 4445 fructus
676 4381 817 4445 demum
832 4398 905 4445 non
919 4379 1111 4444 mediocris
1125 4381 1173 4443 ibi
1187 4379 1433 4460 proveniebat.
1448 4376 1503 4442 In-

271 4497 326 4552 ter
340 4490 430 4552 alias
444 4491 610 4553 mulieres
629 4489 804 4568 quaedam
823 4488 991 4553 damnata
1007 4498 1084 4551 erat
1105 4486 1150 4550 ad
1167 4487 1295 4568 capitis
1315 4485 1504 4550 abscissio·

316 4731 325 4764 ¹
354 4730 421 4774 Vide
432 4741 521 4786 supra,
532 4736 552 4775 t.
563 4741 599 4784 rr,
611 4742 673 4785 pag.
682 4729 731 4779 383,
741 4738 830 4775 annot.
843 4732 862 4774 1,
