3717 5400
337 434 394 495 ί1111
795 439 923 500 Canon.
945 440 1022 501 Soc.
1043 441 1113 515 Jas.

345 589 418 645 tam
432 582 581 647 libenter
595 584 648 647 eis
662 583 885 665 offerebatur,
902 597 941 650 ut
956 588 987 651 si
1001 588 1179 652 accideret
1194 590 1346 670 aliquem
1359 590 1464 653 domo
1476 608 1570 655 rece·

340 687 437 768 dere,
461 690 589 753 vicinis
607 708 731 754 curam
748 692 962 773 relinqueret
985 704 1022 757 ut
1041 695 1172 758 nostris
1192 696 1416 762 venientibus
1431 713 1495 761 suo
1509 714 1569 762 no·

341 795 436 859 mine
451 795 577 859 darent
590 798 863 878 eleemosynam.

405 902 492 965 1175.
535 900 672 966 Domus
687 914 805 968 autem
821 906 908 969 satis
923 923 1040 987 capax
1056 917 1132 970 erat
1147 917 1181 971 et
1196 908 1232 970 in
1255 910 1368 989 prima
1388 907 1464 989 ejus
1486 926 1568 974 eon-

340 1008 538 1088 tignatione
565 1010 694 1089 viginti
722 1011 790 1074 tria
819 1012 981 1077 cubicula
1009 1014 1121 1077 nostri
1150 1014 1395 1089 confecerant;
1426 1025 1568 1097 praeter

340 1133 528 1181 commune
548 1117 724 1197 quoddam
743 1118 1000 1198 dormitorium,
1021 1121 1080 1185 ubi
1103 1122 1210 1202 aliqui
1232 1138 1309 1185 esse
1329 1134 1505 1203 poterant.
1528 1123 1569 1187 In

343 1223 480 1287 duobus
503 1226 757 1305 superioribus,
784 1227 814 1290 si
837 1228 1032 1292 necessitas
1054 1228 1089 1291 id
1116 1230 1322 1309 postularet,
1350 1232 1569 1295 tantumdem

342 1328 418 1393 fieri
433 1339 583 1411 poterat.

404 1437 448 1500 Et
462 1438 551 1502 haec
566 1440 610 1503 de
624 1440 729 1505 domo
744 1442 975 1521 probationis.

671 1865 735 1931 DE
756 1867 992 1934 COLLEGIO
1014 1870 1246 1937 BURGENSI

409 2188 496 2250 1176.
539 2188 653 2269 Hujus
667 2190 752 2253 anni
767 2191 867 2254 initio
882 2200 955 2255 tres
969 2192 1174 2257 sacerdotes
1190 2210 1270 2256 cum
1289 2211 1359 2256 uno
1380 2194 1437 2256 vel
1459 2193 1574 2256 altero

346 2296 552 2378 coadjutore
568 2296 698 2376 Burgis
711 2299 960 2376 versabantur,
977 2299 1103 2380 quibus
1117 2299 1155 2363 P.
1177 2298 1318 2380 Gaspar
1338 2299 1382 2362 de
1404 2300 1573 2379 Azevedo

313 2452 317 2457 .
346 2415 523 2484 praeerat.
538 2404 670 2469 Omnes
681 2406 887 2470 sacerdotes
898 2406 935 2470 in
948 2406 1133 2471 audiendis
1145 2403 1452 2488 [confessionibus]
1465 2415 1499 2470 et
1510 2408 1572 2470 nri·

345 2512 529 2577 nistrando
544 2512 792 2577 Eucharistiae
806 2523 1032 2577 sacramento
1043 2515 1148 2577 valde
1160 2514 1324 2594 occupati
1335 2524 1447 2593 erant,
1461 2522 1499 2577 ut
1509 2514 1573 2577 vix

345 2620 390 2681 ad
417 2619 533 2683 cibum
556 2619 767 2701 capiendum
787 2631 928 2702 tempus
947 2621 1000 2684 eis
1024 2632 1239 2702 suppeteret.
1262 2620 1306 2685 Et
1327 2638 1409 2685 cum
1427 2618 1574 2701 jubilaei

342 2729 459 2806 gratia
480 2729 674 2793 Februario
694 2745 814 2792 mense
832 2729 882 2793 ibi
901 2739 994 2792 esset
1015 2731 1254 2810 promulgata,
1276 2729 1357 2793 licet
1377 2728 1422 2792 ad
1437 2727 1571 2792 conses-

341 2835 481 2898 sionem
494 2853 565 2899 non
577 2837 764 2916 obligaret,
777 2838 887 2900 multo
898 2838 1018 2917 plures
1030 2837 1133 2900 solito
1145 2837 1191 2900 ad
1204 2837 1401 2916 Collegium
1412 2845 1572 2899 nostrum

342 2941 602 3021 confluxerunt,
619 2943 746 3025 quibus
760 2953 880 3006 tamen
899 2942 1075 3007 indefesso
1095 2944 1216 3006 labore
1232 2943 1438 3006 satisfacere
1458 2942 1573 3005 nostri

340 3051 562 3129 studuerunt;
579 3069 645 3114 nec
660 3052 773 3114 solum
792 3051 889 3113 vires
908 3051 1071 3130 corporis
1091 3059 1235 3131 propter
1250 3051 1347 3114 illum
1367 3048 1572 3113 imminutae

343 3173 412 3220 non
428 3166 521 3236 sunt,
538 3158 600 3221 sed
616 3175 779 3220 crescere
795 3146 912 3237 potius
923 3157 1147 3235 videbantur;
1161 3165 1195 3220 et
1209 3156 1373 3237 quamvis
1384 3156 1484 3220 initio
1500 3157 1573 3234 plu·

340 3281 401 3327 res
420 3274 605 3328 matronae
623 3283 730 3346 quam
751 3265 820 3327 viri
841 3265 887 3328 ad
907 3275 1049 3328 nostros
1070 3263 1298 3342 accederent,
1320 3263 1410 3327 forte
1429 3270 1574 3343 propter

340 3371 469 3435 domus
484 3373 669 3452 augustias
683 3381 718 3435 et
732 3373 843 3452 ipsius
857 3372 990 3450 sacelli,
1005 3383 1130 3451 postea
1145 3371 1372 3435 nihilominus
1391 3371 1461 3434 viri
1475 3369 1573 3434 multi

343 3490 584 3542 accesserunt.

409 3585 496 3648 1177.
540 3586 689 3650 Infirmis
711 3588 818 3650 etiam
844 3597 879 3650 et
904 3587 1137 3651 morientibus
1162 3602 1264 3649 suam
1290 3602 1436 3666 operam
1461 3585 1574 3648 nostri

345 3694 476 3758 utiliter
497 3703 687 3774 pararunt,
709 3695 793 3758 etin
808 3695 888 3758 aliis
908 3694 1051 3774 pietatis
1072 3693 1311 3758 functionibus
1326 3709 1364 3757 se
1386 3691 1574 3771 diligenter

345 3811 593 3880 exercuerunt3
610 3812 645 3864 et
667 3804 697 3866 si
712 3801 819 3882 duplo
838 3803 958 3882 plures
977 3800 1125 3865 fuissent
1145 3801 1360 3880 sacerdotes,
1382 3800 1434 3863 eis
1455 3809 1574 3862 tamen

342 3909 529 3972 multitudo
554 3909 812 3989 poenitentium
838 3908 927 3971 satis
951 3908 1086 3988 negotii
1110 3907 1343 3986 exhibuisset,
1369 3907 1460 3970 inter
1485 3923 1575 3986 quos

343 4016 507 4095 primarii
532 4015 608 4096 ejus
634 4017 791 4080 civitatis
816 4015 887 4079 viri
910 4026 1023 4078 erant.
1047 4015 1168 4095 Aliqui
1191 4014 1407 4078 concubinas
1431 4030 1516 4077 suas
1539 4013 1575 4076 in

347 4141 496 4188 uxorem
510 4123 699 4202 duxemnt;
715 4123 921 4187 inimicitiae
938 4123 1030 4186 inter
1044 4122 1217 4203 quosdam
1228 4122 1406 4185 extinctae
1420 4119 1574 4198 suerunt,

342 4242 379 4294 et
395 4231 465 4294 alia
477 4229 679 4311 hujusmodi
693 4248 758 4311 per
769 4230 1003 4294 ministerium
1018 4227 1123 4308 hujus
1138 4229 1354 4293 sacramenti
1365 4228 1410 4292 ad
1425 4226 1493 4291 Dei
1503 4228 1576 4308 glo-

350 4339 441 4402 riam
456 4339 618 4403 conlecta
632 4337 786 4402 suerunt.

410 4445 496 4509 1178.
539 4447 620 4510 Fuit
643 4446 734 4510 inter
758 4447 858 4523 alios,
875 4445 935 4527 qui
961 4454 1055 4509 totos
1077 4445 1204 4525 viginti
1220 4453 1374 4525 quatuor
1396 4461 1509 4507 annos
1533 4444 1579 4506 ab

345 4556 414 4618 hoc
436 4565 660 4618 sacramento
681 4553 914 4632 abstinuerat,
935 4561 970 4615 et
992 4569 1072 4615 cum
1092 4551 1256 4616 maximis
1276 4551 1515 4632 poenitentiae
1534 4551 1577 4613 si·

346 4665 427 4745 gnis
442 4663 625 4726 confessus
640 4669 704 4724 est.
723 4659 805 4724 Fuit
820 4670 854 4723 et
868 4661 1034 4740 foemina,
1050 4677 1141 4740 quae
1156 4659 1344 4724 duodecim
1362 4675 1476 4722 annos
1499 4674 1576 4737 per·
