3717 5400
417 502 472 561 540
878 504 1007 561 Canon.
1028 500 1105 563 Soc.
1126 502 1197 575 Jas.

483 648 571 711 1475.
614 646 672 711 Sic
687 664 773 728 ergo
788 648 894 712 rebus
909 647 1180 729 Hispalensibus
1200 648 1344 726 relictiS,
1366 658 1405 711 ut
1426 648 1530 710 latius
1549 664 1654 727 supe·

420 756 494 819 rius
510 757 682 836 scriptum
702 765 766 831 est,
788 754 1002 834 Cordubam,
1025 756 1245 819 Placentiam
1259 772 1396 832 versuS,
1420 754 1592 817 discessit.
1609 754 1650 817 In

420 862 476 925 his
498 862 682 925 itineribus
704 861 819 925 media
841 862 968 943 hyeme
990 862 1177 943 susceptis,
1200 880 1272 926 non
1293 863 1460 942 exiguam
1483 878 1654 924 exercen-

420 967 487 1033 dae
503 969 693 1048 patientiae
710 970 936 1033 occasionem
950 970 1084 1046 habuit3
1101 986 1181 1032 cum
1193 970 1286 1033 enim
1297 970 1428 1033 imbres
1439 966 1653 1048 impedirent

420 1092 466 1139 ne
482 1075 527 1138 ad
542 1075 783 1140 commodiora
798 1078 975 1157 quaedam
994 1076 1149 1157 hospitia
1168 1086 1313 1158 possent
1333 1077 1533 1161 pervenire,
1556 1091 1649 1137 com·

420 1184 541 1263 plures
556 1192 679 1246 noctes
693 1184 892 1263 transigere
908 1184 1026 1247 debuit
1048 1184 1124 1247 sine
1142 1186 1214 1247 ulla
1236 1184 1318 1247 lecti
1337 1182 1384 1246 ad
1402 1182 1651 1262 conquiescen-

420 1290 504 1355 dum
519 1290 781 1370 commoditate,
798 1292 962 1372 quamvis
977 1290 1113 1355 itineris
1127 1292 1240 1369 labor,
1256 1299 1398 1370 praeter
1416 1298 1604 1352 ventorum
1616 1298 1651 1351 et

421 1396 585 1460 imbrium
601 1394 777 1477 injuriam,
794 1397 948 1478 quietem
962 1398 1107 1477 exigere
1121 1397 1314 1461 videretur.
1328 1395 1530 1477 Aliquando
1543 1394 1652 1459 etiam

421 1504 505 1584 quid
520 1504 745 1568 comederent
759 1505 822 1567 vix
836 1515 978 1585 praeter
988 1522 1116 1585 panem
1129 1504 1370 1581 inveniebant,
1384 1520 1466 1566 cum
1476 1512 1596 1565 tamen
1606 1518 1655 1565 ex

421 1611 594 1675 ecclesiae
609 1620 799 1691 praecepto
813 1610 1041 1692 jejunandum
1057 1620 1161 1675 esset.
1179 1610 1273 1675 Inter
1288 1611 1376 1673 haec
1389 1620 1509 1673 tamen
1519 1610 1650 1671 incom-

422 1719 526 1781 moda
543 1719 588 1782 ad
603 1720 720 1781 locum
735 1714 923 1799 quemdam
939 1736 978 1781 se
994 1719 1140 1781 contulit
1155 1718 1282 1782 nobilis
1298 1716 1482 1799 cujusdam
1496 1716 1577 1790 viri,
1591 1716 1654 1795 qui

420 1824 585 1889 factionis
600 1824 776 1906 Episcopo
791 1826 884 1889 illius
899 1826 1055 1889 civitatis
1070 1826 1270 1888 contrariae
1291 1835 1398 1906 caput
1417 1833 1506 1903 erat,
1532 1831 1567 1885 et
1588 1822 1652 1885 ini·

423 1932 574 1997 micitias
597 1950 677 1995 cum
697 1932 755 1995 illo
776 1934 905 1995 multos
926 1950 1040 1995 annos
1058 1942 1269 1996 exercuerat
1289 1933 1311 1991 ¹.
1337 1931 1510 2012 Quamvis
1535 1939 1654 1995 autem

424 2039 646 2120 dispendium
668 2040 801 2120 aliquot
822 2041 1003 2103 leucarum
1029 2040 1250 2103 subeundum
1275 2038 1352 2118 suit,
1376 2038 1414 2103 P.
1439 2038 1659 2102 Franciscus

423 2164 504 2211 eum
526 2148 624 2210 adire
645 2146 770 2225 voluit,
796 2146 878 2226 quia
897 2148 1019 2226 magni
1040 2146 1172 2210 referre
1191 2140 1417 2210 existimabat
1435 2146 1466 2209 si
1485 2143 1562 2223 ejus
1581 2144 1653 2207 ani·

427 2272 520 2317 mum
536 2252 727 2317 conciliare
742 2252 926 2333 potuisset,
944 2261 982 2316 ut
996 2263 1071 2317 tota
1085 2254 1145 2317 illa
1159 2263 1263 2316 vetus
1278 2253 1461 2317 inimicitia
1481 2270 1524 2316 ac
1545 2251 1658 2315 factio

425 2363 706 2441 extingueretur.

491 2468 577 2530 1476.
621 2466 766 2532 Summa
782 2468 838 2531 ille
853 2468 1096 2531 consolatione
1112 2467 1262 2531 affectus
1276 2467 1351 2545 init,
1368 2485 1449 2530 cum
1469 2467 1516 2530 ad
1536 2483 1575 2530 se
1596 2484 1659 2530 ve·

427 2577 582 2639 nientem
598 2574 636 2638 P.
653 2574 884 2637 Franciscum
899 2574 1000 2653 vidit,
1017 2584 1052 2638 et
1068 2574 1113 2638 ad
1128 2584 1239 2637 totam
1258 2572 1334 2653 ejus
1356 2574 1499 2637 domum
1519 2574 1654 2637 laetitia

426 2682 639 2747 redundavit
654 2690 688 2745 et
703 2680 932 2763 praecipuam
946 2680 1160 2763 'quamdam
1176 2680 1252 2762 ejus
1267 2681 1375 2745 iiiiam
1390 2678 1413 2760 ³,
1430 2680 1574 2745 Domini
1588 2678 1660 2743 Lu·

428 2789 547 2852 dovici
562 2789 605 2852 de
620 2788 727 2852 Avila
742 2806 903 2868 uxorem,
927 2789 986 2869 qui
1009 2788 1227 2852 Alcantarae
1246 2798 1457 2869 praeceptor
1477 2789 1658 2852 maximus

425 2907 502 2959 erat
517 2906 551 2958 et
565 2896 774 2976 imperatori
789 2897 918 2960 Carolo
934 2897 1141 2958 carissimus
1154 2893 1178 2954 ⁸.
1194 2895 1359 2976 Hospitio
1374 2913 1459 2976 ergo
1483 2894 1522 2957 P.
1543 2894 1572 2958 F
1574 2911 1651 2958 ran·

425 3004 560 3067 ciscum
576 3003 818 3066 amantissime
834 3003 985 3082 excepit,
1001 3004 1060 3082 qui
1076 3004 1295 3082 spiritualem
1315 3002 1505 3083 quamdam
1527 3001 1654 3065 exhor·

425 3111 596 3172 tationem
613 3109 707 3189 apud
722 3110 801 3172 illos
817 3121 850 3172 et
866 3127 989 3172 eorum
1005 3108 1175 3172 familiam
1190 3109 1323 3188 habuit,
1340 3127 1421 3172 cum
1442 3126 1573 3188 magna
1593 3125 1658 3171 au-

424 3217 595 3280 dientium
612 3215 854 3279 consolatione
869 3225 904 3278 et
919 3215 1176 3278 aedificatione.
1193 3215 1237 3278 Et
1253 3225 1435 3295 optassent
1453 3215 1594 3297 quidem
1614 3225 1656 3278 ut

426 3324 595 3405 postridie
611 3324 886 3386 concionaturus
903 3323 1041 3402 publice
1057 3322 1187 3386 ibidem
1202 3333 1373 3402 maneret;
1389 3323 1451 3386 sed
1473 3324 1555 3403 quia
1578 3340 1659 3404 pro·

427 3431 574 3512 perabat
592 3430 637 3493 ad
652 3431 717 3493 iter
733 3430 1004 3510 expediendum,
1021 3449 1092 3494 non
1116 3431 1167 3494 eis
1186 3430 1377 3511 acquievit,
1399 3429 1463 3493 sed
1484 3430 1529 3492 ad
1550 3429 1662 3493 alium

466 3671 474 3705 ¹
503 3672 574 3716 “Don
585 3671 715 3727 Fadrlqne
726 3673 756 3716 de
767 3673 866 3728 Zdiilga
877 3685 894 3729 y
905 3671 1069 3728 Sotomsyor,
1080 3679 1167 3716 tercer
1176 3674 1252 3716 seiior
1262 3672 1293 3714 de
1304 3672 1444 3715 Alconchel
1453 3669 1595 3728 ybiirabel,
1603 3672 1660 3726 pri-

425 3755 480 3788 mer
490 3747 611 3798 marques
621 3745 653 3787 de
664 3751 719 3788 este
730 3747 829 3796 titulo...
844 3743 955 3799 Buaoos,
966 3743 1068 3787 Blason
1081 3744 1115 3787 de
1125 3743 1246 3798 Espaaa,
1260 3748 1328 3797 part.
1337 3754 1367 3792 rr,
1381 3743 1420 3786 lit.
1430 3743 1601 3787 ii.-·cabezs
1618 3743 1662 3786 dei

425 3816 509 3860 bando
520 3816 550 3859 de
562 3817 600 3859 los
611 3815 747 3870 zamran..
755 3815 878 3860 Historia
890 3827 935 3859 urs.
946 3815 991 3858 del
1002 3815 1104 3868 Colegio
1119 3816 1152 3858 de
1162 3814 1190 3858 la
1202 3815 1349 3870 Corrtpariia
1360 3815 1393 3858 de
1407 3814 1492 3870 Jesus
1502 3815 1535 3858 de
1548 3813 1664 3858 Pisaeu-

425 3887 478 3940 cia,
487 3899 545 3942 cap.
557 3887 686 3932 lu-Vlde
696 3898 785 3943 supra,
796 3894 815 3932 t.
828 3899 863 3942 rv,
875 3899 935 3942 pag.
946 3887 995 3936 598.
1007 3899 1031 3929 n.
1043 3887 1103 3930 1273.

465 3960 476 3992 ¹
504 3959 556 4010 Sic:
568 3960 663 4004 rectius
674 3967 761 4004 tamen
772 3961 883 4004 sortasse
893 3959 1042 4014 praecipue
1053 3959 1097 4002 ad.

465 4031 477 4063 ⁸
504 4030 593 4075 “Dona
603 4031 687 4076 Maria
698 4033 728 4075 de
739 4031 840 4086 Zuniga
851 4031 953 4075 Manuel
963 4044 981 4087 y
993 4029 1157 4089 Sotomayor,
1168 4031 1284 4084 seguntia
1300 4041 1439 4084 marquesa
1455 4031 1487 4074 de
1497 4029 1615 4085 Mirabel,
1623 4042 1665 4075 se-

425 4105 489 4146 dora
500 4103 531 4145 de
540 4103 717 4156 Brantevlla.„
728 4103 838 4154 Bunoos,
847 4105 864 4147 l.
876 4113 898 4146 c.

465 4176 477 4208 ⁴
505 4175 562 4220 Don
572 4175 634 4220 Luis
644 4175 741 4220 Davlla
751 4175 827 4225 (alias
838 4176 871 4218 da
881 4176 981 4228 Avila),
992 4175 1171 4219 comendador
1181 4185 1275 4231 mayor
1290 4175 1322 4218 de
1336 4175 1491 4225 Alcdntsra,
1506 4175 1615 4228 general
1630 4174 1665 4217 de

426 4247 452 4289 ls
463 4247 606 4290 caballeria
616 4248 740 4301 espancis
751 4248 815 4289 enei
828 4248 936 4302 ejercito
946 4248 977 4290 de
988 4246 1098 4299 Lorena,
1110 4245 1192 4300 gentil
1202 4247 1310 4290 bombre
1321 4246 1352 4289 de
1361 4245 1474 4289 Camars
1482 4257 1498 4299 y
1506 4245 1660 4300 embsjsdor

426 4317 542 4368 aRoms,
559 4317 589 4360 de
604 4319 643 4361 los
658 4317 781 4373 Conscius
792 4319 823 4361 de
840 4318 940 4362 Estado
950 4332 968 4376 y
979 4318 1080 4362 Gnerrs
1095 4318 1136 4361 dei
1151 4317 1315 4372 Emperador
1330 4316 1423 4360 Carlos
1434 4315 1465 4370 V,
1476 4323 1537 4370 etc..
1552 4316 1605 4372 bilo
1622 4327 1664 4360 se·

425 4389 511 4441 gundo
521 4389 552 4431 de
563 4387 619 4432 Don
630 4388 745 4432 Estdban
757 4387 852 4433 Diviln
862 4402 880 4446 y
890 4389 966 4433 Dods
981 4389 1074 4432 Elvira
1089 4389 1120 4431 de
1134 4387 1241 4442 Zdiiiga,
1257 4387 1386 4439 segundos
1396 4387 1490 4430 condes
1506 4387 1546 4430 del
1562 4385 1666 4440 Risco..

426 4460 536 4514 Buteone,
548 4461 564 4504 l.
576 4459 711 4514 c.·-Hujus
721 4447 837 4504 meniinit
848 4461 1063 4510 Baauasasaoua,
1073 4461 1091 4502 l.
1101 4471 1133 4512 c..
1142 4471 1203 4514 pag.
1213 4459 1260 4513 357,
1272 4460 1396 4503 scribens:
1407 4459 1473 4504 “Sub
1483 4459 1551 4502 idem
1559 4465 1662 4512 tempus

425 4529 496 4580 (1556,
508 4528 656 4573 Ludericus
666 4531 696 4572 de
707 4529 795 4584 Avila,
806 4531 899 4575 nobilis
910 4531 1035 4584 hispanus
1046 4529 1190 4583 caroloque
1206 4529 1354 4583 familiaris,
1365 4530 1397 4572 ab
1412 4528 1608 4582 archiepiscopo
1617 4538 1662 4572 eo·

426 4601 534 4644 ionicnsi
545 4612 591 4644 sex
602 4602 690 4656 capita
703 4599 838 4646 Sociorum
848 4601 873 4646 S.
883 4602 994 4646 Ursuiae
1005 4601 1138 4655 accepisse
1148 4608 1174 4643 et
1186 4599 1335 4644 Placentiae
1347 4600 1513 4654 (Piasencia)
1523 4600 1549 4644 in
1562 4601 1661 4654 templo

427 4670 516 4716 Sancti
527 4671 658 4716 vincentii
669 4674 783 4726 posuisse
794 4673 932 4728 traditum„
940 4673 1040 4716 Verum
1050 4663 1202 4716 dormita'vlt
1212 4675 1294 4716 bonus
1304 4679 1397 4717 auctor
1405 4673 1430 4715 ln
1440 4671 1536 4727 Indice,
1543 4681 1604 4726 pag.
1611 4670 1662 4723 77⁹.

426 4743 486 4786 dnm
497 4751 555 4797 post
566 4744 668 4788 nomina
679 4744 768 4798 Avila,
778 4743 943 4797 Ludout'cus,
951 4743 1056 4798 scripsit
1066 4741 1179 4788 Beatus.
