3717 5400
353 439 409 500 292
811 443 940 506 Canon.
959 443 1037 504 Soc.
1058 443 1128 516 Jas.

351 585 623 653 Ubonterbrach
646 589 666 666 ⁸,
689 591 750 654 ubi
775 591 980 655 rarissimae
1005 591 1197 653 conciones
1217 590 1473 654 audiebantur..
1498 590 1588 654 Cum

350 705 470 760 autem
486 696 539 760 bis
554 699 785 762 concionatus
800 709 894 762 esset
909 699 1005 778 apud
1025 715 1099 774 eas,
1125 698 1277 776 rediens,
1301 698 1399 762 venit
1419 697 1466 760 ad
1489 698 1586 762 aliud

349 803 529 883 quoddam
537 807 792 871 monasterium
802 805 1096 870 dictumeamcr
1107 808 1131 884 ¹,
1142 805 1188 868 ad
1198 804 1292 887 quod
1300 803 1586 884 ReginaMaria²

351 921 386 974 et
404 912 539 975 nobiles
559 913 735 977 foeminae
755 913 932 977 Bruxellis
952 923 1101 992 agentes
1121 913 1327 994 frequenter
1344 912 1584 989 divertebant,

350 1017 410 1082 ubi
420 1019 555 1082 invenit
571 1019 644 1082 lere
659 1020 898 1101 quadraginta
916 1030 1084 1084 externos
1097 1019 1121 1097 ⁴,
1138 1020 1269 1099 partim
1284 1020 1433 1099 aulicoS,
1453 1019 1585 1098 partim

348 1143 395 1188 ex
406 1125 495 1189 aliis.
508 1124 650 1206 Rogatu
663 1137 782 1190 autem
791 1125 1006 1190 Abbatissae
1018 1143 1142 1189 coram
1154 1126 1367 1189 monialibus
1377 1137 1413 1189 et
1427 1127 1586 1190 externis

348 1233 583 1296 concionatus
597 1243 662 1311 est,
679 1243 713 1297 et
729 1234 871 1314 quidem
886 1251 969 1297 cum
985 1233 1230 1297 aedificatione
1243 1234 1385 1296 fructus
1407 1243 1583 1296 utrorum·

348 1357 429 1420 que.
445 1340 645 1404 Lovanium
661 1341 801 1404 rediens
816 1340 897 1404 inde
916 1343 952 1404 in
967 1340 1156 1404 Olandiam
1170 1339 1341 1420 perrexit,
1362 1352 1397 1404 et
1418 1353 1586 1421 quatuor·

347 1447 463 1511 decim
478 1446 614 1526 diebus,
638 1465 727 1529 quos
749 1449 785 1510 in
807 1448 875 1511 hac
896 1449 1183 1528 peregrinatione
1206 1448 1339 1526 exegit,
1362 1448 1481 1511 decies
1503 1465 1584 1510 con·

347 1555 511 1619 cionatus
526 1565 579 1619 est
594 1557 631 1618 in
651 1555 802 1618 diversis
818 1556 1027 1618 civitatibus
1041 1573 1084 1618 ac
1104 1555 1203 1632 lucie,
1227 1571 1368 1634 semper
1386 1554 1530 1634 quidem
1548 1556 1584 1618 in

346 1663 582 1740 monasteriis,
600 1661 662 1724 sed
677 1663 816 1725 externi
833 1663 941 1726 etiam
956 1663 1115 1739 aderant,
1132 1672 1167 1724 et
1181 1662 1310 1742 ubique
1324 1679 1406 1724 cum
1417 1661 1583 1724 aedifica·

346 1770 441 1833 tione
457 1787 499 1833 eo
515 1769 630 1833 officio
647 1769 792 1833 iunctus
805 1769 884 1832 luit.

407 1875 478 1939 797.
522 1875 608 1940 Erat
623 1879 660 1940 in
675 1877 804 1958 oppido
819 1877 974 1958 quodam
985 1878 1127 1940 nomine
1140 1876 1388 1940 Cbutenberclr
1400 1875 1413 1907 ⁸
1423 1875 1582 1939 decanus

345 1981 489 2064 quidam
504 1983 629 2047 doctus
645 1994 679 2047 et
694 2001 814 2061 senex,
832 1986 893 2065 qui
909 1985 1108 2065 spiritualia
1129 1983 1298 2046 exercitia
1319 1983 1514 2063 aliquando
1536 1983 1581 2045 ab

346 2091 422 2170 ipso
437 2087 475 2153 P.
493 2089 653 2154 Adriano
669 2099 870 2172 acceperat,
888 2102 923 2154 et
940 2108 1071 2170 magno
1083 2089 1212 2154 affectu
1223 2087 1438 2152 Societatem
1449 2091 1581 2170 ample·

344 2198 517 2262 elebatur.
546 2197 708 2278 injuncta
735 2199 785 2261 illi
810 2199 926 2263 luerat
953 2197 1215 2278 quodammodo
1240 2197 1352 2259 invito
1379 2197 1581 2261 animarum

344 2321 430 2367 cura
445 2305 521 2385 ejus
536 2307 616 2382 loci,
635 2307 710 2384 ipse
725 2315 845 2368 autern
860 2306 894 2368 in
912 2305 1056 2384 vestitu,
1074 2307 1110 2367 in
1130 2305 1281 2384 pecunia
1302 2320 1376 2366 non
1396 2304 1581 2368 admitten-

344 2411 390 2474 da
404 2428 469 2491 pro
484 2413 726 2493 spiritualibus
742 2412 880 2490 officiis,
898 2422 933 2476 et
947 2413 1029 2474 aliis
1049 2413 1084 2474 in
1103 2412 1220 2486 rebus,
1245 2411 1291 2474 ad
1311 2409 1500 2474 Societatis
1522 2428 1581 2474 no

344 2527 438 2580 strae
453 2519 745 2583 consuetudinem
761 2520 966 2581 accedebat.
983 2518 1051 2581 Hic
1064 2519 1170 2581 valde
1186 2518 1316 2581 obnixe
1329 2518 1581 2597 postulaverat

341 2631 381 2686 ut
405 2624 609 2705 aliquandiu
632 2627 725 2707 apud
750 2627 866 2706 ipsum
892 2635 1054 2688 maneret
1077 2624 1221 2705 quidam
1242 2622 1413 2687 sacerdos
1436 2625 1579 2688 nomine

340 2730 518 2813 Jordanus
533 2730 556 2810 ⁶,
573 2734 634 2813 qui
648 2733 817 2797 Societati
841 2734 999 2796 animum
1020 2733 1275 2813 applicaverat,
1299 2742 1334 2795 et
1353 2733 1578 2813 probationis

341 2841 419 2901 loco
439 2838 585 2903 adeum
605 2840 734 2904 missus
759 2840 886 2904 iuerat.
910 2840 955 2903 Et
977 2856 1059 2903 cum
1078 2856 1199 2903 mense
1223 2838 1352 2903 Martio
1374 2839 1578 2904 Lovanium

341 2945 514 3024 rediisset,
533 2958 571 3010 ut
588 2948 636 3010 illi
655 2947 748 3010 bono
769 2964 811 3009 ac
831 2948 890 3027 pio
911 2948 1048 3010 decano
1067 2945 1348 3025 gratificaretur,
1373 2947 1510 3010 remisit
1530 2947 1578 3010 ad

340 3052 502 3116 eumdem
516 3052 551 3116 P.
565 3055 773 3137 Jordanum,
788 3052 901 3116 donec
913 3056 1098 3117 consultus
1109 3052 1147 3116 P.
1160 3053 1332 3132 IgnatiuS,
1346 3056 1483 3117 censuit
1496 3072 1578 3117 eum

338 3157 489 3225 Romam
504 3179 582 3224 esse
597 3161 817 3239 mittendum,
836 3178 917 3223 cum
934 3162 1031 3223 nulla
1047 3160 1267 3240 probationis
1281 3159 1410 3223 domus
1425 3177 1492 3224 nec
1508 3160 1577 3224 lor·

338 3274 474 3330 matum
489 3268 677 3347 collegium
692 3268 728 3330 in
743 3268 812 3329 rllis
827 3266 1036 3345 regionibus
1051 3276 1135 3328 tunc
1151 3277 1257 3329 esset.

399 3371 470 3435 798.
513 3372 679 3453 Augusto
695 3390 781 3452 ergo
797 3390 919 3438 mense
935 3374 1108 3452 magister
1121 3372 1302 3454 Jordanus
1323 3371 1476 3436 Romam
1495 3374 1576 3437 mis·

338 3497 400 3542 sus
415 3490 480 3557 est,
497 3498 578 3544 cum
593 3491 747 3561 quatuor
763 3482 854 3559 aliia,
871 3481 932 3560 qui
947 3479 1116 3543 Societati
1131 3480 1276 3542 nomina
1292 3480 1475 3559 dederant,
1492 3496 1576 3561 quo·

338 3604 417 3650 rum
431 3605 523 3651 unus
539 3606 559 3651 a
575 3588 860 3651 Tornacensibus
875 3589 1008 3651 nostris
1019 3587 1149 3653 missus
1161 3597 1249 3649 erat.
1262 3585 1381 3665 Hujus
1394 3590 1474 3669 loco
1488 3604 1575 3668 ergo

382 3826 390 3858 ¹
418 3826 484 3871 Vlde
495 3826 617 3871 Litterae
628 3828 857 3881 Quadrimestres,
868 3834 887 3871 t.
899 3838 936 3880 rrr,
948 3838 1006 3881 pag.
1016 3828 1064 3870 boe.

382 3898 393 3929 ἱ
420 3898 489 3943 lbra.

380 3960 391 3999 ³
418 3968 505 4012 Caroll
517 3966 541 4011 V
551 3980 631 4021 soror,
644 3980 710 4023 quae
722 3968 899 4013 Gubernatrlx
910 3969 994 4023 Belgil
1006 3968 1062 4012 luit.

380 4038 391 4071 ¹
419 4038 537 4095 intellige
549 4042 713 4093 saeculares,
723 4051 769 4085 seu
779 4040 821 4095 qui
834 4041 956 4094 religiosi
966 4052 1017 4084 noo
1027 4046 1111 4084 erant.

381 4110 392 4142 ⁶
419 4110 470 4165 Sic,
481 4123 571 4156 verum
582 4112 610 4155 P.
622 4113 762 4166 Adrianus,
773 4124 787 4155 e
797 4113 870 4167 cujus
881 4112 978 4155 litterls
993 4112 1166 4166 autographis
1181 4111 1246 4155 llaec
1262 4112 1418 4168 deprompta
1434 4124 1502 4169 aunt,
1516 4127 1575 4171 per·

335 4184 423 4236 spicue
434 4185 524 4227 scribit
537 4184 697 4228 calenberch
710 4184 841 4235 (Litterae
851 4183 1084 4236 Quadrrmastres,
1093 4190 1111 4226 t.
1120 4183 1288 4238 rrnpagffltl).
1299 4183 1337 4227 lbi
1346 4193 1444 4239 autem,
1452 4196 1506 4230 turn
1513 4188 1575 4241 qula

336 4253 430 4308 oppidi,
443 4256 508 4309 quod
520 4266 584 4299 nunc
596 4256 690 4299 dicitur
701 4255 858 4308 calenborg,
867 4266 959 4299 nomen
973 4256 998 4298 ln
1015 4256 1148 4298 veteribus
1163 4255 1265 4298 chartis
1280 4256 1408 4310 scriptum
1423 4265 1465 4301 est
1480 4258 1574 4303 Culm-

336 4324 414 4370 borch
425 4334 452 4369 et
464 4326 633 4376 Culenberclr,
643 4332 698 4369 tum
709 4327 770 4381 quia
780 4327 920 4370 Comitlssa
932 4327 963 4370 de
975 4326 1200 4380 lioogbstraeten,
1210 4337 1276 4379 qnae
1287 4326 1331 4381 huj
1335 4338 1364 4371 ue
1374 4330 1462 4383 oppldl
1472 4330 1575 4374 domina

337 4397 438 4443 dicitur.
448 4398 533 4451 oppidi
546 4397 692 4448 Culenborg
703 4399 805 4442 rlornlua
817 4398 874 4451 lult,
886 4399 916 4441 de
927 4398 976 4441 hoc
991 4405 1123 4452 postremo
1133 4407 1277 4441 armonem
1297 4396 1352 4442 derl
1369 4400 1575 4446 autumavimus.

337 4469 373 4512 At
383 4470 497 4512 nonnihil
508 4476 547 4512 est
558 4470 584 4513 in
595 4471 643 4513 boc
653 4470 822 4519 difficultatls,
835 4470 892 4512 sive
903 4469 970 4524 quod
981 4469 1087 4512 Polancl
1099 4467 1222 4512 librarius
1231 4480 1363 4523 nunquam
1378 4472 1470 4516 scribit
1482 4472 1572 4517 Culex·

339 4540 427 4591 berch,
437 4540 480 4583 sed
493 4540 681 4595 churenberch,
695 4541 870 4594 Clrutenberg,
882 4541 1013 4595 sir-equod
1025 4541 1067 4583 liic
1078 4541 1151 4584 locus
1166 4541 1323 4585 maritimus
1339 4552 1397 4585 eoae
1412 4546 1446 4586 ab
1456 4544 1574 4589 Adriano

336 4612 430 4655 dicitnr
440 4622 465 4655 er
477 4624 493 4655 a
504 4612 623 4663 Polanco,
635 4625 691 4657 cum
702 4622 788 4657 tamen
804 4612 951 4666 Culenhorg
962 4613 1289 4656 marltlmueverenonxlt.
1299 4612 1377 4667 (Vide
1388 4614 1465 4665 lutra,
1476 4626 1500 4658 n.
1511 4614 1572 4670 md).

380 4682 392 4715 θ
420 4684 487 4728 Vide
497 4696 584 4738 supra,
597 4696 656 4738 pag.
668 4684 713 4737 135,
725 4696 749 4728 n.
758 4682 807 4737 383,
818 4693 843 4729 et
856 4685 932 4736 inira,
944 4697 968 4727 n.
978 4684 1027 4727 aba.
