3717 5400
829 499 892 556 Au.
915 499 985 556 1555
1466 501 1522 557 307

349 642 419 707 833.
463 643 665 708 Tornacum
673 645 753 706 inde
767 645 917 719 rediens,
930 645 1079 722 singulis
1089 644 1213 707 diebus
1225 662 1288 724 per
1299 653 1412 708 totam
1424 658 1520 708 octa·

281 759 375 814 'vam
391 750 560 831 Corporis
572 751 702 815 Christi
717 753 949 814 concionatus
965 762 1028 827 est,
1052 761 1087 813 et
1107 752 1298 830 aliquando
1321 751 1377 815 die
1397 752 1522 815 eodem

280 859 347 922 bis
362 869 422 922 aut
437 869 502 920 ter.
527 857 706 920 Exercitia
731 859 838 920 etiam
863 859 1061 936 spiritualia
1087 859 1300 938 quibusdam
1323 860 1521 938 proposuit;

291 965 356 1029 sed
371 967 540 1047 perpauci
555 964 600 1028 ad
615 963 830 1028 Societatem
847 965 1005 1027 animum
1029 965 1255 1044 applicabant
1280 966 1349 1028 ved
1365 967 1411 1028 ad
1427 967 1522 1029 illam

283 1085 419 1152 'parum
435 1073 508 1152 apti
523 1072 779 1135 inveniebatur.
798 1071 877 1134 Duo
894 1090 938 1134 ex
955 1073 1189 1151 Torquinensi
1206 1074 1283 1135 loco
1299 1075 1410 1136 secuti
1427 1084 1522 1149 sunt;

294 1181 384 1242 alter
399 1180 579 1256 sacerdos
596 1197 700 1258 quern
722 1197 792 1242 non
807 1179 949 1242 admisit
968 1180 1050 1258 quia
1067 1179 1190 1242 debilis
1211 1188 1298 1254 erat;
1317 1183 1405 1243 alter
1423 1179 1521 1259 juve-

295 1287 350 1348 nis
365 1288 401 1349 in
426 1287 692 1348 humanioribus
716 1287 841 1349 litteris
867 1287 1092 1362 exercitatus,
1120 1297 1155 1348 et
1179 1287 1274 1349 hunc
1300 1285 1466 1367 Romam,
1484 1301 1522 1350 ut

282 1394 456 1473 ‘superius
471 1393 624 1456 diximus
639 1393 658 1469 ¹,
672 1393 766 1456 misit
781 1410 862 1456 cum
878 1395 957 1455 aliis
973 1393 1132 1456 Lovanio
1158 1395 1281 1456 eodem
1301 1394 1523 1474 proficiscen·

295 1500 398 1563 tibus,
415 1500 502 1563 Tam
518 1511 636 1562 autern
651 1501 736 1580 ipse,
759 1517 867 1579 quam
887 1498 924 1561 P.
952 1499 1151 1578 Quintinus
1173 1501 1209 1562 in
1231 1518 1330 1564 more
1346 1502 1522 1564 habebant

294 1607 480 1670 dominicis
494 1625 536 1669 ac
553 1607 650 1669 festis
665 1608 788 1670 diebus
804 1624 907 1668 mane
923 1625 966 1668 ac
983 1624 1129 1685 vespere
1145 1608 1181 1669 in
1197 1608 1349 1670 diversis
1363 1610 1524 1671 ecclesiis

283 1716 512 1790 concionari,
536 1715 664 1793 partim
689 1714 725 1775 in
750 1715 827 1793 ipsa
843 1714 940 1789 urbe,
958 1714 1087 1792 partim
1102 1724 1205 1777 extra
1227 1715 1335 1793 illam,
1362 1732 1443 1777 cum
1458 1716 1523 1778 fre-

283 1823 438 1902 ‘quentia
465 1823 646 1884 hominum
672 1837 813 1898 magna;
840 1822 1006 1900 quamvis
1035 1821 1139 1884 facile
1164 1822 1260 1885 credi
1289 1830 1404 1902 potest
1430 1824 1524 1886 hunc

298 1929 453 1991 laborem
468 1929 571 1990 simul
583 1945 663 1992 cum
678 1928 760 2004 aliu,
778 1926 837 2006 qui
853 1929 887 1990 in
904 1927 1088 1990 audiendis
1114 1928 1397 1992 confessionibus
1416 1931 1523 1992 susci-

296 2035 469 2114 piebatur,
488 2035 677 2114 aliquando
692 2051 799 2114 supra
816 2035 998 2114 utriusque
1014 2035 1110 2098 vires
1125 2045 1328 2116 susceptum
1343 2036 1462 2099 fuisse.

354 2141 425 2204 834.
470 2141 559 2205 Cum
584 2141 835 2220 occupationes
853 2142 969 2204 minus
990 2142 1177 2220 urgebant,
1204 2143 1240 2205 id
1262 2154 1325 2221 est,
1354 2143 1419 2205 sub
1441 2144 1525 2206 anni

297 2250 445 2326 initium,
458 2247 655 2311 inviserunt
667 2247 867 2327 hospitalia,
878 2258 911 2309 et
920 2249 1078 2311 omnium
1087 2267 1175 2328 pene
1184 2250 1230 2312 ibi
1240 2249 1523 2313 decumbentium

295 2356 537 2419 confessiones
563 2354 760 2433 audierunt,
778 2365 812 2417 et
834 2355 929 2434 apud
952 2353 1236 2420 Gubernatorem
1263 2357 1442 2420 civitatis¹
1457 2368 1524 2419 sta·

287 2464 346 2525 stui
358 2473 528 2526 curarunt
543 2480 587 2524 ne
613 2462 778 2542 deinceps
804 2462 864 2524 ulli
890 2472 1118 2540 aegrotantes
1141 2465 1177 2526 in
1200 2465 1269 2527 illis
1291 2464 1525 2543 hospitalibus

297 2571 545 2650 exciperentur
560 2569 627 2631 nisi
647 2568 744 2646 prius
760 2579 879 2630 essent
895 2568 1061 2646 confessi;
1089 2571 1261 2648 quosdam
1286 2572 1381 2633 enim
1404 2571 1453 2634 ibi
1469 2573 1524 2633 de-

298 2679 502 2742 cumbentes
517 2677 739 2754 invenerunt,
758 2677 816 2757 qui
836 2677 955 2741 multis
977 2678 1079 2741 annis
1101 2677 1255 2741 confessi
1276 2697 1348 2741 non
1371 2679 1523 2752 fuerant,

298 2788 404 2849 immo
420 2797 454 2849 et
469 2786 528 2865 qui
543 2785 608 2847 soli
634 2782 711 2847 Deo
736 2784 905 2863 dicerent,
933 2802 971 2847 se
996 2786 1087 2847 velle
1103 2786 1274 2862 confiteri,
1292 2786 1386 2867 quod
1405 2788 1527 2850 haere-

298 2894 363 2956 sim
375 2910 501 2972 sapere
513 2891 711 2954 videbatur.
725 2889 897 2954 Carceres
909 2892 1017 2953 etiam
1029 2901 1112 2954 tunc
1124 2892 1333 2969 inviserunt,
1347 2903 1381 2956 et
1393 2895 1511 2975 aliquo

298 3018 375 3063 rum
391 2994 632 3061 confessiones
647 2998 844 3061 audierunt.
861 2996 939 3060 Non
951 3007 1070 3060 tamen
1082 3000 1293 3077 permissum
1306 3010 1358 3063 est
1370 3002 1421 3063 eis
1433 3018 1526 3064 com-

297 3125 421 3170 munes
432 3118 466 3169 et
478 3106 689 3185 praecipuos
701 3121 863 3166 carceres
876 3105 1025 3182 ingredi,
1040 3106 1121 3169 licet
1135 3105 1169 3167 id
1181 3106 1369 3183 diligenter
1380 3125 1527 3171 curave·

287 3217 376 3277 rint.

355 3321 425 3385 835.
472 3321 595 3384 Adfuit
611 3320 648 3383 P.
665 3319 851 3399 Quintinus
870 3320 919 3381 illi
941 3335 1111 3396 perverso
1138 3320 1327 3395 haeretico,
1345 3339 1450 3401 quem
1472 3340 1527 3385 su-

297 3430 414 3509 perius
431 3429 585 3492 diximus
600 3426 610 3457 ³
626 3436 700 3489 tam
715 3426 819 3505 impie
835 3424 968 3487 SS.ffl¹¹¹¹¹
990 3423 1260 3489 Sacramentum
1276 3427 1318 3490 de
1331 3429 1528 3492 sacerdotis

297 3536 458 3599 manibus
480 3534 663 3613 eripuisse,
682 3550 762 3594 cum
778 3532 823 3595 ad
837 3532 1049 3611 supplicium
1070 3532 1269 3607 duceretur,
1298 3536 1432 3597 nullum
1458 3553 1529 3598 non

299 3660 446 3706 movens
458 3641 614 3721 lapidem
628 3648 666 3703 ut
682 3640 727 3702 ad
742 3656 866 3701 sanam
882 3649 1035 3701 mentem
1050 3639 1226 3702 infelicem
1242 3640 1420 3704 hominem
1431 3642 1530 3706 illum

290 3750 495 3825 'reduceret3
513 3759 547 3811 et
572 3746 737 3827 quamvis
762 3746 1060 3809 obstinatissimus
1087 3746 1144 3808 ille
1170 3763 1282 3826 usque
1307 3747 1352 3809 ad
1378 3759 1529 3813 mortem

300 3860 414 3938 ipsam
428 3856 545 3933 fuerit,
560 3856 722 3917 omnibus
737 3864 855 3916 tamen
866 3851 1051 3915 catholicis
1063 3854 1288 3931 gratissimus
1304 3866 1338 3918 et
1350 3856 1530 3919 maximae

300 3963 556 4027 aedificationis
571 3962 635 4025 fuit
651 3972 724 4023 tarn
739 3960 880 4023 sedulus
896 3969 931 4022 et
945 3960 1143 4022 laboriosus
1160 3962 1258 4024 labor
1274 3962 1449 4042 praedicti
1466 3962 1532 4027 Pa·

299 4071 362 4134 tris
378 4072 414 4133 in
430 4088 472 4133 eo
490 4069 703 4132 reducendo.

359 4176 429 4240 836.
474 4176 570 4238 Inter
597 4192 668 4252 eos
695 4173 754 4253 qui
780 4174 977 4252 spiritualia
1003 4175 1173 4238 exercitia
1198 4194 1280 4239 curn
1304 4177 1421 4249 fructu
1437 4180 1528 4243 fece-

291 4295 392 4361 runt,
419 4284 618 4346 monachus
644 4280 786 4361 quidam
812 4280 876 4343 fuit
902 4281 1044 4343 Ordinis
1068 4282 1125 4344 gu
1149 4282 1348 4362 Francisci,
1377 4288 1531 4350 eximius

339 4599 347 4631 ¹
377 4596 681 4653 Pag.'.>92et203,n.79a

340 4672 351 4702 ²
377 4670 445 4714 Vide
455 4680 541 4724 supra.
552 4674 571 4712 t.
582 4678 617 4723 tv,
629 4680 688 4723 pag.
699 4668 746 4721 312,
759 4680 782 4711 n.
792 4667 842 4711 666.

341 4741 351 4773 ὃ
378 4742 407 4785 T.
419 4752 455 4794 tv,
466 4752 525 4795 pag.
536 4739 583 4793 309,
595 4752 617 4784 n.
628 4740 676 4793 658,
688 4740 880 4791 annot.l,etin
891 4741 939 4784 hoc
952 4749 969 4784 t.
982 4756 1007 4794 v,
1018 4753 1077 4795 pag.
1088 4742 1136 4795 303,
1149 4742 1231 4787 mim.
