3717 5400
784 521 846 580 Aa.
869 520 940 579 1555
1424 519 1482 579 687

249 665 296 730 rit
309 666 393 747 quin
408 665 520 730 nostri
534 665 616 746 igne
630 663 906 730 bombardarum
921 665 1124 745 consumpti
1138 665 1305 744 perirent;
1318 681 1402 728 nam
1413 665 1476 744 illi,

249 773 379 837 erectis
405 773 526 838 statim
548 772 688 836 vexillis
711 772 847 849 sericis
874 779 909 836 et
933 771 1061 835 bellica
1082 772 1315 835 instrumenta
1335 771 1481 852 pulsare

250 889 454 962 coeperant,
475 891 580 962 prout
598 881 755 943 assolent
777 875 883 960 [cum]
904 878 1151 960 praeliandum
1170 887 1236 942 est.
1256 877 1326 942 Sed
1345 877 1480 958 placuit

252 986 405 1052 Domino
430 996 468 1051 ut
489 985 566 1068 ejus
584 986 688 1050 navis
707 983 913 1050 Praefectus
938 985 1081 1064 magnis
1104 985 1319 1049 clamoribus
1333 994 1479 1050 nostros

250 1095 490 1176 alloqueretur
508 1103 546 1158 ut
565 1094 773 1158 recederent
793 1103 827 1156 et
850 1092 917 1156 iter
928 1107 1033 1156 suum
1051 1102 1361 1173 prosequerentur,
1383 1101 1478 1174 post·

251 1220 358 1284 quam
383 1202 503 1266 multis
522 1201 651 1265 ictibus
670 1199 947 1265 bombardarum
967 1199 1113 1278 navigia
1137 1210 1262 1263 nostra
1287 1209 1479 1264 concutere

250 1310 461 1390 coepissent.
477 1309 603 1373 Frater
625 1316 747 1372 noster
761 1307 980 1387 Fulgentius,
997 1305 1043 1370 ad
1059 1307 1339 1386 gubernaculum
1353 1323 1480 1390 prope·

251 1432 337 1480 rans
351 1426 385 1479 et
401 1416 470 1478 alio
487 1415 571 1479 illud
584 1423 740 1493 vertens,
762 1412 876 1478 effecit
895 1429 942 1476 ne
961 1411 1103 1476 biremis
1122 1423 1246 1478 nostra
1265 1414 1479 1494 submagna

251 1523 310 1587 illa
327 1523 412 1586 navi
427 1531 595 1586 maneret.

312 1629 401 1693 1903.
444 1629 522 1693 Hoc
546 1645 633 1708 ergo
646 1629 842 1709 periculum
856 1644 938 1692 cum
957 1627 1173 1703 evasissent,
1196 1626 1322 1693 eodem
1341 1628 1399 1693 die
1413 1630 1479 1692 sub

168 1812 173 1822 ¹
251 1755 439 1818 vesperam
454 1745 608 1800 tractum
626 1737 724 1800 illum
738 1735 847 1798 maris
862 1735 1016 1814 ingressi
1034 1743 1127 1809 sunt,
1149 1735 1184 1798 in
1205 1752 1275 1816 quo
1295 1743 1480 1800 turcarum

250 1845 377 1909 classis
401 1853 543 1907 nostros
566 1851 730 1925 spectare
758 1842 861 1906 solita
891 1850 987 1920 erat;
1011 1840 1074 1905 sed
1095 1842 1141 1904 ab
1166 1842 1234 1906 hoc
1258 1843 1366 1906 etiam
1390 1843 1480 1923 peri·

251 1952 331 2016 culo
351 1960 385 2015 et
406 1969 426 2015 a
446 1951 602 2032 syrtibus
623 1951 760 2029 multis,
781 1965 872 2030 quae
890 1949 927 2012 in
947 1966 990 2012 eo
1008 1949 1101 2013 mari
1118 1959 1212 2028 sunt,
1235 1949 1385 2029 liberati,
1406 1949 1479 2014 Ma·

251 2076 355 2122 zuam
370 2061 379 2095 ¹
395 2065 633 2138 pervenerunt
648 2065 682 2120 et
696 2053 778 2120 inde
792 2055 1013 2120 Archichum
1023 2054 1047 2134 ¹,
1060 2056 1119 2137 qui
1134 2065 1258 2136 portus
1267 2066 1321 2121 est
1334 2056 1479 2122 Aethio·

251 2165 343 2247 piae,
364 2173 555 2242 venerunt;
581 2163 682 2244 cujus
706 2163 822 2226 media
850 2179 935 2244 pars
959 2163 1085 2243 turcis,
1113 2165 1225 2263 altera
1247 2163 1363 2228 media
1387 2163 1478 2245 Regi

251 2271 464 2353 Aethiopiae
483 2271 640 2352 parebat.

315 2377 402 2441 1904.
445 2377 548 2441 Initio
573 2375 715 2458 quidem
738 2375 841 2440 valde
866 2376 1081 2458 perturbati,
1112 2393 1177 2440 sua
1202 2376 1329 2440 bellica
1351 2377 1479 2441 instru-

252 2493 383 2564 menta,
400 2485 526 2565 quibus
546 2485 592 2548 ad
611 2484 740 2548 bellum
762 2500 891 2563 parare
910 2482 1006 2547 soliti
1024 2492 1138 2561 erant,
1160 2484 1301 2569 magnis
1318 2484 1480 2549 clamori-

250 2593 319 2656 bus
332 2594 528 2673 pulsarunt3
544 2591 607 2655 sed
622 2591 695 2654 dux
710 2599 854 2654 nostrae
874 2590 1000 2654 classis
1021 2607 1146 2670 pacem
1165 2607 1247 2655 cum
1261 2591 1349 2671 ipsis
1363 2591 1481 2672 inivit,

252 2709 287 2765 et
302 2701 364 2779 ita,
385 2699 576 2763 arundines
590 2715 675 2762 suas
689 2697 724 2761 in
740 2697 902 2763 manibus
920 2707 1118 2777 gestantes,
1140 2716 1203 2780 per
1224 2699 1393 2780 oppidum
1412 2700 1480 2765 Ar·

252 2806 419 2871 chichum
430 2806 541 2869 nostri
553 2806 792 2885 suntegressi.
807 2806 852 2869 Et
862 2805 1130 2870 admirabantur
1142 2807 1371 2871 vehementer
1382 2824 1479 2872 sara·
1515 2786 1525 2805 ’

253 2914 343 2993 ceni,
367 2913 462 2994 quod
481 2923 555 2977 tam
574 2913 691 2977 securi
710 2930 773 2993 per
792 2912 916 2976 urbem
933 2912 1150 2991 incederent,
1173 2914 1338 2993 quamvis
1356 2922 1480 2979 turcae

252 3022 397 3102 quidam
416 3038 538 3086 coram
562 3020 693 3085 nostris
715 3020 803 3083 satis
816 3018 957 3083 seroces
971 3035 1052 3082 cum
1066 3020 1140 3082 suis
1155 3019 1323 3101 sclopetis
1341 3020 1478 3085 incede·

252 3138 342 3194 rent.

313 3235 400 3300 1905.
445 3234 671 3316 Quaerebant
686 3244 803 3297 autem
818 3234 928 3297 nostri
941 3234 1097 3315 aliquam
1108 3234 1285 3298 rationem
1297 3233 1481 3299 deferendi

251 3360 336 3408 suas
360 3342 523 3407 sarcinas
546 3340 569 3401 ³.
595 3340 750 3421 Populus
775 3339 957 3405 Archicho
983 3341 1125 3405 cuidam
1139 3342 1293 3405 lusitano
1319 3351 1481 3422 exparte

251 3450 411 3514 subditus
431 3457 518 3527 erat,
539 3446 640 3529 cuius
659 3446 793 3525 famuli,
813 3447 874 3526 qui
894 3447 1026 3511 ibidem
1047 3447 1093 3511 ad
1111 3447 1375 3527 recuperandos
1390 3448 1479 3512 redi·

251 3564 308 3621 tus
326 3556 529 3633 manebant,
556 3554 676 3618 statim
696 3554 742 3618 ad
762 3564 903 3618 nostros
922 3562 1108 3633 venerunt,
1124 3562 1159 3617 et
1177 3554 1266 3617 bene
1285 3570 1324 3617 se
1348 3553 1481 3619 habere

251 3680 310 3727 res
323 3662 534 3743 Aethiopiae
549 3662 754 3725 retulerunt.

315 3766 403 3833 1906.
447 3768 553 3833 Circa
567 3768 720 3832 medium
736 3766 903 3832 Martium
917 3767 1099 3832 Archicho
1121 3768 1236 3832 nostri
1256 3779 1480 3834 recesserunt

251 3886 287 3942 et
312 3877 373 3958 qui
396 3894 457 3940 eos
483 3876 753 3954 comitabantur,
781 3892 954 3957 posquam
978 3876 1028 3939 ibi
1052 3876 1168 3939 triduo
1192 3876 1419 3955 mansissent;
1444 3886 1479 3941 et

253 4002 376 4049 omnes
387 3984 529 4047 ensibus
544 3982 672 4046 armati
686 3994 788 4047 erant
804 3994 840 4048 ut
855 4000 894 4047 se
905 3982 1132 4047 defenderent
1144 4000 1166 4045 a
1178 3982 1372 4063 saracenis,
1388 3984 1480 4049 inter

252 4108 341 4174 quos
355 4088 610 4155 transeundum
623 4098 713 4154 erat:
730 4107 795 4153 nec
810 4091 975 4170 exiguam
991 4089 1121 4152 samem
1136 4089 1172 4153 in
1188 4106 1230 4153 eo
1246 4090 1371 4155 itinere
1382 4094 1480 4172 passi

251 4208 345 4276 sunt,
372 4214 453 4261 cum
478 4214 607 4278 panem
630 4214 753 4261 secum
777 4216 848 4262 non
873 4196 1088 4276 attulissent,
1115 4206 1151 4261 et
1174 4196 1249 4261 fere
1274 4198 1391 4262 triduo
1416 4217 1479 4281 per

250 4302 622 4393 quoddamydesertum
637 4311 761 4367 euntes
772 4300 988 4383 jejunarunt;
1004 4320 1070 4368 nec
1089 4304 1165 4368 sine
1180 4305 1306 4370 timore
1324 4306 1479 4385 leonum,

292 4544 302 4579 ¹
331 4498 383 4599 διες
394 4544 419 4588 ln
430 4544 563 4589 veteribus
574 4546 675 4591 chartis
685 4544 808 4598 Macarta,
817 4543 843 4589 ln
853 4546 1041 4591 recentioribus
1050 4546 1209 4593 nasama.

291 4616 303 4649 ¹
331 4616 382 4669 Slc;
392 4614 502 4670 Tuscu,
513 4616 640 4671 Arquico:
649 4617 717 4671 spud
728 4616 793 4661 allos
803 4623 907 4661 veteres
917 4616 1028 4671 Ercoco:
1037 4629 1104 4662 nunc
1114 4618 1225 4665 ‚lasela

291 4686 304 4721 Ι
331 4686 395 4733 Cum
404 4688 551 4743 scripsisset
563 4688 693 4733 librarius:
704 4688 883 4743 “Quaerebant
894 4697 982 4733 autem
990 4691 1073 4735 nostrl
1084 4691 1393 4747 chemelosqulbussuss
1399 4692 1485 4737 ssrcl·

254 4770 302 4805 nas
313 4759 446 4804 vehendas
455 4764 599 4814 curarent„;
610 4760 738 4805 Polsucus
748 4766 847 4805 textum
857 4762 1053 4817 emendarique
1063 4762 1187 4807 dedimus.
