3717 5400
768 569 832 628 Aa.
853 571 924 630 1555
1403 567 1458 626 659

244 721 247 730 “
291 715 378 779 1812.
423 714 592 796 Princeps
614 716 778 796 proprius
803 732 999 779 saracenus
1023 715 1194 778 ecclesias
1213 715 1354 794 quidem
1370 714 1458 794 ipsis

230 823 465 904 permittebat,
493 824 529 886 in
554 823 681 904 quibus
700 823 806 886 etiam
830 821 961 886 Missas
985 821 1223 899 celebrabant;
1246 821 1309 886 sed
1334 831 1457 884 turcae

230 930 371 1011 saepius
393 946 436 993 eo
457 929 639 994 venientes
658 931 828 994 ecclesias
851 929 1114 1002 subvertebant,
1135 938 1170 992 et
1189 929 1374 992 christiani
1400 944 1457 991 co·

229 1038 405 1118 gebantur
420 1037 465 1100 ad
481 1047 618 1100 montes
633 1037 836 1116 confugere,
850 1036 896 1100 ad
908 1053 996 1117 quos
1009 1035 1018 1068 ¹
1036 1045 1159 1099 turcae
1171 1053 1242 1098 non
1253 1034 1456 1112 veniebant,

231 1153 273 1208 ut·
284 1161 368 1208 suas
382 1143 511 1207 Missas
526 1144 757 1208 celebrarent.

294 1249 383 1315 1813.
425 1250 493 1316 Vir
519 1261 637 1314 autem
661 1251 734 1330 ille,
755 1268 859 1331 quem
885 1250 1040 1314 diximus
1068 1250 1210 1314 venisse
1239 1249 1285 1314 ad
1308 1267 1458 1330 puerum

230 1359 419 1440 quemdam
443 1357 651 1437 videndum,
678 1374 797 1422 secum
822 1357 919 1422 iilum
945 1357 981 1421 in
1004 1357 1160 1437 patriam
1183 1357 1347 1437 adduxit,
1370 1357 1458 1422 alios

230 1465 517 1544 consanguineos
532 1475 565 1529 et
581 1481 710 1546 pueros
725 1465 944 1529 adducturus
959 1463 1086 1544 Goam,
1107 1465 1166 1527 ubi
1181 1474 1216 1528 et
1226 1465 1387 1528 habitare
1397 1482 1459 1527 vo·

230 1573 336 1652 lebat,
364 1572 599 1636 constituebat
628 1571 651 1650 ¹;
677 1572 841 1662 quamvis
869 1581 903 1635 et
931 1581 1082 1651 quatuor
1107 1572 1216 1635 millia
1244 1571 1459 1636 familiarum

231 1679 505 1743 christianarum
527 1679 564 1742 in
581 1677 736 1742 Bassora
758 1695 836 1742 esse
858 1676 1009 1741 dicebat.
1032 1677 1205 1758 Quamvis
1230 1696 1275 1742 ex
1300 1678 1459 1760 Collegio

231 1785 330 1850 Goae
345 1785 522 1850 accideret
537 1784 675 1866 aliquos
690 1803 735 1848 ex
749 1785 818 1848 illis
832 1785 963 1865 pueris,
979 1785 1104 1865 quibus
1122 1794 1221 1849 arcta
1240 1785 1403 1850 fortassis
1416 1804 1459 1850 ea

231 1892 418 1972 disciplina
431 1891 630 1968 videbatur,
647 1893 771 1972 fugere
785 1889 809 1970 ’ς
829 1889 934 1955 fidem
954 1909 1060 1972 quam
1079 1891 1291 1956 imbiberant
1308 1893 1360 1956 sic
1379 1893 1459 1956 reti·

231 1999 373 2079 nebant,
389 2007 428 2063 ut
447 2015 527 2063 cum
547 1999 643 2079 capti
663 2000 698 2062 in
718 2016 844 2062 manus
865 2015 1119 2062 saracenorum
1138 1999 1248 2080 aliqui
1266 2001 1459 2076 venissent,

232 2116 267 2170 et
283 2105 402 2170 multis
420 2105 561 2171 inflictis
580 2106 807 2184 verberibus,
834 2115 868 2169 et
890 2107 1016 2170 mortis
1033 2105 1108 2187 jam
1124 2103 1198 2185 J'am
1217 2105 1462 2171 imminentis⁴

232 2214 428 2277 terroribus
442 2223 605 2277 avertere
620 2214 698 2277 illos
720 2231 741 2276 a
762 2213 957 2277 christiana
970 2212 1039 2278 fide
1053 2214 1259 2293 niterentur,
1280 2230 1462 2294 nunquam

233 2319 268 2382 id
284 2320 328 2383 ab
343 2320 394 2384 eis
408 2321 600 2399 impetrare
615 2331 815 2401 potuerunt.
832 2319 941 2384 Immo
957 2337 1039 2383 cum
1053 2320 1143 2384 inter
1159 2337 1351 2384 saracenos
1365 2321 1463 2384 vive·

231 2437 323 2506 rent,
342 2426 431 2490 alios
445 2427 553 2490 etiam
569 2427 730 2507 captivos
745 2427 791 2491 ad
806 2427 1112 2508 perseverantiam
1126 2428 1163 2491 in
1184 2426 1251 2490 fide
1266 2427 1461 2490 christiana

234 2533 455 2614 animabant;
477 2541 511 2596 et
530 2550 676 2614 prorsus
690 2535 726 2597 in
738 2531 927 2614 juvenibus
948 2534 1074 2598 melius
1092 2550 1199 2614 quarn
1213 2534 1251 2596 in
1265 2533 1462 2614 provectio-

233 2640 283 2704 ris
310 2639 437 2704 aetatis
461 2639 661 2705 hominibus
686 2639 880 2705 christiana
904 2639 1044 2721 Religio
1069 2641 1347 2721 imprimebatur,
1368 2639 1464 2722 quod

234 2747 332 2811 cerni
347 2747 458 2827 potuit
474 2765 566 2811 anno
582 2758 664 2811 ante
675 2748 768 2811 hunc
789 2749 951 2829 proxime
969 2750 1106 2829 elapso,
1128 2765 1209 2811 cum
1228 2748 1374 2827 triginta
1389 2748 1464 2811 fere

233 2853 333 2934 pueri
352 2863 385 2916 et
411 2854 654 2917 adolescentes
679 2856 714 2929 in
736 2857 821 2919 navi
846 2855 1040 2935 quadama
1066 2856 1176 2918 turcis
1201 2856 1297 2935 capti
1321 2854 1464 2918 fuerunt

234 2978 315 3025 cum
329 2960 447 3024 multis
461 2960 624 3023 lusitanis
639 2961 806 3041 (qnorum
820 2979 910 3025 unus
929 2962 999 3025 hoc
1017 2961 1211 3039 narravit),
1232 2978 1322 3042 quos
1340 2970 1464 3025 turcae

234 3068 354 3132 multis
369 3067 495 3147 modis,
512 3068 642 3148 partim
655 3068 847 3146 blanditiis,
864 3071 994 3149 partim
1009 3068 1125 3147 minis,
1147 3068 1193 3132 ad
1212 3079 1348 3133 sectam
1361 3084 1464 3132 suam

233 3174 420 3239 traducere
437 3174 660 3254 coneursum,
678 3176 895 3239 incutiebant
910 3177 1017 3239 etiam
1032 3176 1173 3255 flagella
1195 3176 1306 3239 multa
1325 3185 1360 3239 et
1374 3176 1465 3239 alios

233 3282 425 3355 cruciatus,
442 3281 504 3344 sed
518 3298 699 3362 nunquam
715 3300 736 3345 a
755 3282 823 3345 fide
844 3283 1038 3347 christiana
1057 3301 1119 3346 eos
1137 3300 1321 3346 removere
1340 3293 1464 3363 potue-

234 3399 328 3452 runt.

295 3494 383 3559 1814.
425 3496 513 3559 Erat
528 3497 618 3558 inter
635 3496 723 3559 alios
738 3514 826 3576 puer
845 3496 999 3577 qnidam,
1018 3515 1122 3577 quem
1141 3497 1292 3559 invitum
1314 3496 1464 3559 circum-

235 3601 406 3679 ciderunt,
429 3620 533 3683 quem
553 3620 633 3665 cum
659 3603 718 3665 alii
745 3606 843 3682 pueri
870 3620 1124 3665 saracenorum
1149 3620 1361 3667 saracenum
1384 3618 1466 3665 esse

235 3708 404 3785 dicerent,
425 3709 608 3789 respondit
630 3709 687 3772 ille
709 3722 832 3772 contra
857 3728 958 3773 suam
982 3712 1202 3773 voluntatem
1221 3728 1260 3773 se
1282 3710 1466 3773 circumci-

236 3830 315 3877 surn
329 3828 418 3890 esse,
436 3824 470 3877 et
484 3833 555 3878 non
571 3833 782 3880 saracenum
797 3818 859 3880 sed
875 3818 1108 3881 christianum
1127 3835 1167 3881 se
1186 3835 1265 3881 esse
1279 3816 1467 3898 profiteba-

236 3930 303 3984 tur.
330 3920 412 3985 Duo
436 3928 573 3985 tantum
598 3924 792 4003 expugnati
814 3924 971 4002 fuerunt,
1002 3941 1152 4003 quorum
1179 3927 1268 3988 alter
1292 3924 1469 3987 lusitanus

236 4036 324 4108 erat,
342 4028 431 4091 alter
445 4044 491 4090 ex
506 4038 607 4108 patre
621 4030 776 4093 lusitano
792 4044 825 4093 et
841 4043 953 4094 matre
975 4031 1069 4095 inda.
1086 4031 1207 4112 Itaque
1223 4032 1259 4095 in
1279 4032 1334 4095 his
1348 4031 1468 4111 pueris

236 4134 460 4199 instituendis
484 4153 555 4199 non
581 4136 750 4215 exiguum
775 4154 905 4218 operae
931 4139 1083 4219 pretium
1104 4149 1193 4202 erat.
1214 4138 1305 4203 Fere
1326 4154 1467 4217 semper

237 4250 355 4305 autem
371 4258 452 4305 cnm
473 4242 541 4304 illis
560 4253 661 4305 erant
680 4242 867 4307 duodecim
889 4254 950 4309 aut
970 4246 1170 4325 quindecim
1189 4246 1264 4310 fere
1283 4246 1352 4309 viri
1374 4255 1468 4309 cate·

276 4518 286 4550 ¹
314 4515 363 4561 Ιι.
375 4516 412 4561 ad
422 4528 510 4571 pum.

254 4586 291 4703 Ι·
315 4586 363 4633 bh.
382 4590 462 4634 habet
482 4592 691 4645 constituebant,
712 4604 802 4636 rerum
822 4600 866 4637 aut
885 4594 933 4637 hoc
953 4602 997 4637 aut
1017 4594 1177 4648 praecedens
1195 4595 1302 4639 volebat
1320 4594 1467 4640 redundare

233 4670 252 4701 v
341 4690 347 4703 .

262 4660 361 4776 dictullis.
366 4730 508 4787 struerent.

276 4804 288 4835 ⁴
315 4802 520 4860 Marnstrgenre.
