3717 5400
371 481 427 540 370
830 479 957 542 Canon.
978 479 1056 542 Soc.
1077 481 1148 556 Jas.

437 625 524 689 1014.
569 626 672 707 Quod
693 625 739 689 ad
760 636 902 691 nostros
922 628 1063 703 attinet,
1090 627 1216 692 litteris
1239 628 1450 707 theologicis
1473 627 1524 691 illi
1542 629 1608 692 da-

373 735 460 798 bant
484 751 640 814 operam,
667 743 701 797 et
725 743 866 814 praeter
891 733 1008 797 Patris
1032 734 1195 798 Rectoris
1219 736 1421 812 lectionem,
1447 734 1554 800 aliam
1579 755 1605 803 a.

374 840 412 904 P.
429 841 474 905 D.
492 841 748 920 Christophoro
769 839 972 920 Rodriguez
991 841 1190 920 audierunt,
1211 842 1275 906 sed
1288 843 1353 906 sub
1367 842 1473 906 linem
1497 840 1608 923 hujus

375 947 460 1012 anni
474 965 520 1010 ex
535 949 755 1028 praescripto
770 947 809 1012 P.
825 947 1008 1012 Francisci
1020 949 1179 1028 Borgiae
1196 950 1365 1012 lectiones
1379 949 1447 1012 hae
1460 948 1601 1012 fuerunt

375 1055 540 1130 omissae,
559 1057 677 1118 nullus
698 1055 791 1118 enim
806 1055 849 1118 de
863 1053 1040 1119 Societate
1062 1056 1219 1136 reliquus
1238 1067 1317 1119 erat
1337 1054 1497 1133 auditor,
1523 1055 1608 1118 aliis.

376 1164 446 1228 alio
460 1163 590 1241 missis,
610 1163 726 1226 nullus
741 1163 996 1242 propemodum
1007 1174 1185 1227 externus.
1202 1161 1392 1227 Praeterea
1407 1161 1603 1242 Collegium

375 1271 461 1335 illud
476 1287 625 1350 propere
649 1269 883 1348 aedificatum,
906 1287 1038 1349 magno
1060 1279 1201 1349 sumptu
1226 1270 1492 1334 resarciendum
1511 1284 1607 1348 erat;,

376 1379 530 1460 parietes
544 1376 719 1453 firmandi,
733 1387 864 1441 tectum
873 1376 1142 1455 conficiendum3
1155 1388 1189 1440 et
1201 1377 1249 1440 ita
1261 1378 1385 1458 paucis
1397 1378 1445 1440 ibi
1456 1378 1600 1457 relictis,

377 1485 492 1549 studia
514 1483 597 1549 alibi
621 1485 668 1547 ad
687 1494 827 1564 tempus
847 1485 962 1548 nostri
985 1495 1067 1548 sunt
1093 1486 1309 1565 prosequuti.
1335 1483 1466 1548 Ibidem
1485 1494 1606 1547 tamen

377 1601 529 1674 quatuor
543 1591 758 1665 sacerdotes
780 1591 908 1670 partim
929 1590 1150 1667 confessarii,
1168 1590 1298 1670 partim
1317 1591 1599 1668 concionatores,

378 1700 621 1774 substiterunt,
645 1699 705 1779 qui
719 1697 835 1761 studia
861 1715 925 1760 sua
941 1699 1109 1777 privatim
1129 1700 1187 1762 vel
1207 1699 1328 1762 audita
1350 1699 1609 1777 retractabant,

377 1807 435 1871 vel
450 1806 624 1870 audienda
640 1805 905 1884 praevidebant.
923 1803 1003 1868 Duo
1017 1805 1162 1885 insuper
1175 1805 1380 1868 sacerdotes
1398 1807 1604 1884 grammati-

378 1932 458 1980 cam
474 1915 602 1978 docere
617 1922 698 1976 sunt
712 1913 887 1992 aggressi;
909 1913 1093 1992 poenitens
1113 1913 1207 1976 enim
1225 1911 1310 1976 illud
1330 1912 1497 1993 oppidum
1519 1912 1609 1975 lacti

378 2023 445 2101 sui,
462 2021 562 2102 quod
571 2021 712 2084 scholas
724 2017 926 2098 hujusmodi
942 2039 962 2082 a
977 2028 1100 2082 nostro
1114 2020 1273 2098 Collegio
1289 2019 1334 2082 ad
1354 2035 1393 2082 se
1407 2019 1604 2082 transtulis-

379 2140 432 2193 set
458 2127 479 2206 ',
506 2147 527 2190 a
552 2126 590 2189 P.
617 2126 810 2190 Francisco
836 2127 979 2190 tandem
1001 2127 1246 2206 impetrarunt,
1270 2144 1332 2206 per
1354 2125 1491 2190 Ducem
1511 2126 1605 2190 Gan·

378 2237 459 2299 diae
473 2253 516 2298 ac
532 2245 673 2298 nostros
688 2243 726 2297 ut
741 2233 787 2296 ad
801 2233 990 2314 pristinum
1004 2243 1136 2297 statum
1150 2235 1295 2297 scholae
1314 2232 1479 2296 redirent.
1498 2234 1613 2312 Quin·-

378 2359 445 2423 que
461 2353 580 2406 autem
594 2340 723 2404 tratres
738 2341 863 2418 nostri,
880 2351 961 2420 post
976 2340 1105 2404 festum
1116 2339 1161 2404 D.
1173 2341 1292 2404 Lucae
1304 2342 1425 2404 laurea
1440 2342 1605 2419 magiste-

378 2449 422 2512 rii
436 2449 472 2511 in
486 2465 529 2511 ea
544 2447 784 2512 Universitate
799 2456 881 2510 sunt
896 2448 1066 2526 insigniti,
1087 2457 1122 2510 et
1138 2447 1207 2510 duo
1222 2448 1282 2510 alii
1297 2447 1333 2510 in
1354 2464 1459 2510 sacra
1474 2447 1607 2511 theolo-

379 2557 438 2636 gia
454 2555 630 2633 doctoreS,
647 2555 737 2616 alter
751 2563 931 2632 externuS,
952 2555 1042 2641 alter
1056 2553 1099 2617 de
1120 2564 1242 2616 nostra
1257 2552 1445 2632 Societate,
1461 2555 1610 2620 creandi

379 2672 493 2728 erant.

441 2768 529 2834 1015.
572 2770 828 2834 Testimonium
857 2768 1046 2833 societatis
1076 2768 1181 2849 hujus
1209 2770 1330 2851 oppidi
1360 2771 1608 2850 magistratus,

378 2887 483 2959 prout
497 2878 615 2957 expeti
629 2886 781 2957 poterat,
798 2876 972 2940 dederunt
986 2882 1009 2936 ¹.

442 2982 529 3047 1016.
573 2984 663 3047 Cum
683 3000 811 3063 agrum
833 2983 1021 3064 quemdam
1041 2983 1187 3047 haberet
1206 2982 1404 3063 Collegium
1424 2982 1610 3047 Gandien·

379 3108 428 3171 se,
446 3092 505 3172 qui
531 3091 666 3154 inutilis
685 3090 916 3168 reddebatur,
942 3091 1081 3153 vineam
1105 3091 1142 3154 in
1161 3108 1203 3153 eo
1219 3090 1449 3169 plantandam
1468 3092 1616 3157 curavit.

379 3198 416 3262 P.
433 3197 610 3261 Antonius
625 3196 647 3275 ³,
666 3200 724 3279 qui
740 3198 834 3260 intra
850 3196 993 3277 aliquod
1015 3207 1153 3277 tempus
1173 3197 1300 3261 exinde
1320 3208 1462 3261 centurn
1481 3214 1616 3261 aureos

380 3322 517 3369 annuos
542 3305 677 3368 reditus
703 3305 861 3383 Collegio
893 3320 1104 3368 accessuros
1128 3305 1313 3385 sperabat;
1339 3304 1401 3367 sed
1425 3313 1460 3366 et
1484 3302 1629 3394 domos⁴

380 3414 553 3493 quasdam
569 3414 680 3491 ipsius
696 3412 854 3490 Collegii,
881 3428 972 3491 quae
997 3412 1153 3475 nondum
1178 3421 1280 3475 erant
1295 3412 1494 3489 absolutae,
1510 3411 1611 3474 etita

381 3520 522 3583 inutiles
543 3529 655 3596 erant,
685 3518 921 3581 absolvendas
943 3518 1037 3581 idem
1060 3518 1099 3581 Ρ.
1125 3518 1303 3581 Antonius
1327 3517 1479 3596 curavit;
1506 3529 1541 3580 et
1565 3535 1615 3587 ex

384 3628 524 3690 illarum
539 3625 716 3689 locatione
731 3624 890 3688 nonnihil
906 3625 1040 3687 reditus
1055 3624 1204 3703 collegii
1219 3627 1333 3688 auxit.

343 3808 347 3814 ,
443 3733 486 3797 Et
499 3734 587 3795 haec
602 3732 646 3794 de
662 3730 858 3795 Gandiensi
873 3730 1044 3810 Collegio.

423 4013 430 4041 ¹
461 4010 527 4053 Vide
538 4020 625 4063 supra,
638 4018 654 4052 t.
666 4020 691 4057 u,
703 4020 761 4063 pau.
773 4008 822 4059 666,
834 4019 857 4049 n.
868 4008 915 4058 561,
927 4016 953 4050 et
965 4014 983 4051 t.
995 4018 1029 4056 tv,
1042 4020 1101 4062 pag.
1111 4009 1160 4060 316,
1171 4022 1186 4051 n
1205 4010 1253 4052 738.

423 4080 433 4110 ¹
461 4082 645 4125 Testimonium
658 4080 705 4124 hoc
717 4092 732 4123 a
747 4079 861 4135 Justr'tr'a
877 4081 979 4133 (judice)
990 4079 1121 4133 Onopltrio
1131 4080 1191 4134 Ros,
1207 4088 1233 4123 ct
1248 4080 1355 4132 juratis.
1371 4080 1509 4125 Vincentio
1524 4082 1617 4135 Perea,

381 4154 477 4209 Jacobo
490 4154 584 4197 Fustcr
594 4161 620 4195 et
631 4152 770 4196 Francisco
780 4152 853 4203 Sans,
862 4152 1043 4205 subscriptum,
1055 4152 1131 4195 affert
1141 4152 1170 4197 P.
1179 4152 1251 4206 Plus,
1259 4154 1284 4196 ln
1296 4153 1360 4199 acta
1370 4152 1433 4197 Sam
1441 4156 1620 4205 torummem

382 4238 410 4270 se
422 4226 497 4277 lullo,
509 4233 527 4270 t.
542 4237 587 4277 vll,
599 4238 623 4269 n.
634 4224 682 4269 50⁶.

423 4298 434 4330 ὅ
462 4298 490 4341 Ρ.
503 4298 631 4341 Antonius
642 4297 776 4351 Cordeses,
787 4297 889 4341 Rector.
