3717 5400
356 484 414 540 *alti
821 478 950 538 Cnaou.
970 478 1046 536 Soc.
1067 478 1137 552 Jtts.

359 644 428 707 yus
443 637 478 689 et
492 625 688 690 Gaudanus
703 635 855 706 quatuor
873 624 881 656 ¹
898 634 983 688 vota
995 634 1077 704 post
1088 627 1346 705 professionem
1361 626 1474 690 emitti
1488 629 1593 691 solita

357 733 553 797 emiserunt
568 732 591 795 ¹.
614 731 687 795 Alii
701 744 821 795 autem
836 731 977 810 iratres,
998 749 1064 794 sua
1083 733 1259 813 simplicia
1277 732 1591 808 confirmaverunt,

358 853 396 904 ct
410 841 480 903 dun
496 841 640 904 veltres
656 857 835 919 nunquam
851 850 958 902 antea
974 837 1071 904 facta
1085 839 1257 903 iecerunt.

345 1003 347 1008 .
420 945 490 1009 686.
534 945 618 1009 Post
632 962 812 1009 recessum
828 945 864 1006 P.
883 944 1018 1009 Canisii
1033 963 1114 1009 cum
1133 945 1239 1010 Socio
1254 947 1415 1027 Cyrillo³
1435 947 1590 1027 Pragam

360 1069 499 1131 versuS,
516 1062 551 1116 et
564 1051 653 1116 duos
668 1052 748 1115 iilos
762 1051 927 1126 novitios
944 1052 1005 1131 qui
1019 1052 1135 1132 ipsum
1149 1056 1288 1133 sequuti
1303 1064 1386 1117 sunt
1400 1053 1423 1129 ⁴,
1444 1055 1592 1132 triginta

360 1160 432 1224 duo
447 1177 493 1222 ex
507 1159 639 1224 nostris
660 1158 822 1222 Viennae
841 1158 1079 1222 versabantur
1101 1160 1167 1223 sub
1189 1159 1294 1223 linem
1310 1160 1481 1240 Augusti,
1502 1162 1593 1224 inter

359 1283 451 1346 quos
465 1266 619 1346 quinque
635 1274 774 1328 tantum
788 1265 995 1328 sacerdotes
1009 1275 1122 1329 erant.

422 1371 493 1436 687.
537 1371 777 1452 Prosequutus
789 1385 842 1434 est
853 1383 971 1435 autem
981 1371 1019 1436 P.
1032 1372 1259 1453 LanoyuS,in
1268 1374 1429 1438 absentia
1438 1373 1593 1454 ejusdem

360 1479 479 1544 Patris
494 1479 628 1544 Canisii
642 1479 830 1543 lectionem
854 1479 1044 1560 publicam,
1070 1498 1178 1560 quam
1202 1481 1328 1561 ipsein
1348 1481 1480 1544 scholis
1495 1499 1593 1561 prae·
1655 1562 1657 1564 Ψ

363 1587 503 1666 legebat
519 1584 542 1664 ³3
559 1588 707 1648 aiteram
723 1586 816 1648 enim
834 1584 870 1648 P.
885 1585 1093 1662 Gaudanus,
1110 1604 1176 1666 pro
1192 1604 1291 1651 more
1306 1604 1371 1652 suo
1390 1589 1593 1651 enarrabat.

361 1693 452 1758 Cum
467 1703 587 1757 autem
605 1699 798 1772 tempestas
818 1693 1004 1772 quaedam.
1027 1694 1073 1755 ab
1092 1693 1249 1773 eJ'usdem
1268 1695 1513 1758 universitatis
1529 1711 1594 1775 pu-

364 1801 465 1864 blicis
480 1798 739 1879 professoribus
754 1800 812 1861 vei
823 1799 942 1879 aliquo
957 1815 1081 1862 eorum
1095 1800 1267 1880 proiecta,
1288 1800 1331 1864 de
1353 1801 1454 1864 titulo
1476 1801 1595 1864 docto·

364 1920 464 1972 ratus
479 1906 710 1982 ostendend0‚
731 1908 878 1969 molesta
895 1917 988 1970 esset
1003 1905 1101 1970 Patri
1119 1907 1284 1986 Lanoyo,
1308 1909 1524 1988 suggerebat
1537 1908 1595 1972 ille

362 2018 590 2078 occasionem
605 2013 697 2076 hanc
713 2013 958 2092 accipiendam
978 2032 1056 2078 esse
1077 2024 1114 2078 ut
1133 2016 1303 2078 lectiones
1325 2016 1404 2078 illas
1423 2015 1594 2095 publicas,

363 2122 556 2186 admodum
571 2120 672 2184 utiles
687 2120 765 2182 aliis
790 2121 1022 2199 auditoribus,
1048 2131 1190 2200 praeter
1211 2135 1366 2200 nostros
1384 2124 1509 2186 saitem
1524 2122 1595 2185 ido·

362 2231 451 2308 neiS,
466 2228 653 2292 destitutas
664 2227 913 2307 relinquerent;
928 2245 993 2291 nec
1004 2229 1098 2292 enim
1110 2229 1278 2307 exiguam
1291 2230 1326 2292 in
1338 2230 1482 2309 proprio
1493 2230 1594 2293 colie-

362 2339 424 2414 gio
440 2351 591 2399 messem
605 2333 760 2398 habituri
781 2345 894 2412 erant,
912 2335 993 2398 iicet
1018 2335 1169 2414 publicis
1194 2337 1326 2400 scholis
1341 2337 1594 2400 valedicerent.

366 2443 517 2522 Propter
531 2451 727 2506 'commune
752 2451 871 2506 tamen
896 2443 1039 2519 bonum,
1063 2459 1135 2505 non
1156 2442 1271 2506 visum
1290 2454 1343 2506 est
1363 2444 1531 2523 expedire
1556 2453 1596 2506 ut

363 2551 457 2614 duae
473 2551 553 2612 illae
568 2549 737 2613 lectiones
751 2549 914 2629 publicae
927 2549 1224 2628 relinquerentur,
1240 2568 1331 2629 quae
1345 2550 1448 2614 facile
1464 2552 1500 2614 in
1515 2551 1596 2613 hae·

365 2658 558 2721 reticorum
574 2673 700 2719 manus
719 2655 875 2719 incidere
896 2665 1072 2736 poterant.

425 2762 496 2826 688.
539 2762 626 2826 Erat
637 2772 755 2826 autem
767 2772 866 2827 tanta
881 2774 1085 2827 nostrorum
1099 2764 1393 2828 scholasticorum
1406 2767 1595 2845 occupatio

364 2873 462 2933 circa
484 2870 704 2965 juventutem
719 2869 753 2933 in
770 2870 901 2965 scholis
926 2871 1042 2934 nostri
1057 2869 1206 2950 Collegii
1221 2870 1488 2950 instituendam,
1504 2884 1539 2936 et
1560 2874 1596 2937 in

368 3086 449 3127 neraii
460 3084 545 3137 prima
555 3084 696 3127 conlectam
707 3090 733 3126 et
743 3088 924 3137 approbatam.
935 3083 1059 3135 jamvero
1070 3092 1192 3138 quartum
1202 3092 1300 3137 votum,
1311 3086 1342 3129 de
1353 3097 1402 3138 quo
1413 3088 1455 3129 iric
1465 3086 1492 3129 tit
1503 3098 1596 3138 sermo,

365 3163 442 3211 prout
453 3157 478 3199 in
489 3154 577 3199 Const.
587 3162 657 3209 part.
667 3167 693 3207 x,
704 3156 860 3207 continetur,
872 3156 934 3198 iilud
949 3163 988 3197 est
1000 3156 1067 3208 quod
1078 3157 1146 3198 inter
1157 3158 1238 3199 verba
1249 3159 1384 3211 sequentia
1394 3158 1532 3201 clauditur:

408 3289 542 3333 “Prometa
555 3290 667 3333 tambien
678 3292 694 3333 a
704 3289 766 3333 Dios
782 3288 893 3332 Nuestro
913 3288 957 3332 Se·
1050 3290 1203 3334 “Promittat
1214 3292 1293 3335 etiam
1305 3291 1367 3342 Deo.
1378 3293 1445 3347 quod
1459 3295 1481 3336 si
1496 3295 1598 3348 quando

365 3363 423 3412 nor,
433 3372 481 3414 que
491 3360 591 3404 cuendo
593 3388 1599 3409 ......................................................

372 3436 426 3476 ...a
436 3432 521 3485 gioria
531 3432 562 3475 de
574 3432 638 3475 Dios
649 3432 762 3475 Nuestro
773 3430 876 3485 Senon„
1013 3435 1083 3478 ..ad
1100 3434 1211 3487 gloriam
1235 3432 1282 3478 Dei
1301 3442 1327 3478 et
1344 3434 1447 3479 Domini
1468 3437 1551 3479 nostri
1567 3436 1593 3479 id

1010 3512 1164 3560 proponat„

409 3634 616 3677 constitutiones
628 3634 770 3679 societatis
780 3635 884 3680 latinae
892 3638 918 3679 ei
929 3637 1073 3693 hispanae,
1083 3638 1191 3688 Matrini.
1203 3640 1264 3695 l892,
1274 3652 1334 3695 pag.
1345 3641 1385 3684 wi
1394 3649 1420 3685 et
1431 3642 1478 3686 287.

407 3704 436 3747 ln
449 3705 576 3749 Formuia
587 3712 674 3749 antem
684 3717 763 3761 supra
774 3715 927 3753 memorata.
937 3711 1056 3762 quamvis
1066 3711 1129 3753 niitil
1140 3712 1256 3755 additum
1267 3713 1301 3756 sit
1312 3713 1335 3756 el
1345 3713 1412 3765 quod
1423 3714 1449 3756 in
1466 3713 1599 3757 Constitu·

366 3778 486 3821 tionibus
496 3778 651 3845 continetur,
662 3784 768 3831 praeter
779 3778 972 3823 distinctionem
982 3792 1067 3824 rerum
1079 3784 1212 3836 malorem.
1223 3787 1340 3837 quatuor
1349 3786 1394 3829 iila
1407 3792 1470 3828 vota
1480 3788 1504 3828 in
1522 3787 1599 3839 quin·

365 3860 416 3901 que
428 3850 614 3893 transformata
624 3856 683 3891 sunt
695 3848 866 3901 (Institulnm
879 3850 1022 3895 societatis
1036 3852 1113 3907 Jesu,
1128 3853 1287 3899 Florentiae.
1306 3856 1365 3902 1893.
1382 3864 1401 3900 t.
1420 3868 1447 3908 ιι,
1464 3868 1526 3912 pag.
1541 3856 1597 3910 180);

369 3922 455 3973 itaque
467 3921 575 3974 quinque
587 3921 781 3973 distinguuntur
794 3928 820 3964 et
836 3932 1021 3967 enumerantur
1038 3925 1064 3967 in
1081 3925 1206 3979 Epitome
1222 3926 1347 3970 Instituti
1361 3926 1505 3972 Societalis
1519 3928 1598 3984 Jesu,

367 4000 436 4045 part.
448 4004 484 4043 ιιι,
497 4004 553 4046 cap.
565 4003 601 4039 ιιι.
611 4000 674 4035 sect.
685 4003 720 4035 tv.
731 3992 805 4037 Unde
815 3997 944 4046 quartum
960 3996 1017 4043 boc.
1035 3999 1108 4052 cujus
1124 3997 1239 4041 meminit
1255 3998 1395 4050 Poinncus,
1412 4006 1502 4044 votnm
1518 4008 1558 4044 est
1575 4002 1600 4045 in

368 4062 491 4107 Formuia
504 4064 638 4115 quiritum.

409 4134 417 4164 ⁴
449 4134 486 4177 ct.
499 4142 585 4177 annot.
597 4137 805 4187 praecedentem.

408 4207 419 4237 ¹
447 4206 522 4249 ilaud
533 4217 594 4248 raro
605 4208 692 4250 evenit
703 4208 728 4250 in
739 4208 790 4251 iilis
802 4208 940 4253 Societntin
951 4212 1099 4265 primordiis
1108 4219 1135 4255 ut
1148 4213 1261 4257 Proiessi
1272 4214 1361 4256 diebus
1372 4213 1470 4267 aliquot
1481 4217 1523 4259 vel
1534 4226 1603 4259 men·

367 4276 445 4326 sibus.
456 4280 497 4320 vel
509 4276 588 4321 etiarn
601 4280 682 4333 annis,
692 4287 751 4333 post
762 4281 855 4324 emissa
866 4289 976 4335 quatuor
988 4284 1160 4328 Proiessionis
1170 4284 1355 4329 substantialia
1370 4293 1443 4339 vota,
1454 4286 1601 4332 accidente-

370 4350 405 4391 iia
422 4350 486 4391 haee
505 4356 616 4401 quatuor
635 4352 676 4393 vei
695 4351 805 4405 quinque
822 4354 981 4397 emitterent.
999 4355 1067 4398 Vide
1082 4367 1175 4410 snpra,
1194 4364 1214 4399 t.
1230 4368 1266 4409 ιιι,
1286 4368 1346 4411 pag.
1363 4357 1404 4400 405
1421 4366 1508 4403 annot.
1524 4360 1532 4402 l
1554 4362 1601 4403 sub

369 4420 456 4463 tinem.

409 4493 420 4523 ὅ
448 4492 475 4535 1ιι
494 4494 570 4549 hujus
584 4503 726 4546 cognomen
744 4496 854 4539 nondum
872 4497 1016 4551 incidimua;
1034 4510 1081 4542 nec
1096 4500 1152 4553 eius
1169 4501 1269 4545 iactam
1286 4503 1443 4546 mentionem
1459 4502 1570 4547 vidimus
1588 4516 1604 4546 a

371 4563 485 4607 Scantini
498 4564 601 4607 aliisve.

349 4686 351 4691 Ι
409 4638 420 4668 ⁴
448 4636 513 4678 Vide
524 4644 612 4687 supra,
624 4647 682 4691 pag.
697 4637 746 4690 227,
758 4650 782 4682 n.
794 4640 842 4684 dixi

410 4708 421 4739 ⁸
449 4706 514 4750 Vide
526 4715 613 4761 supra,
626 4716 643 4751 t.
655 4719 680 4761 ιι,
692 4720 752 4763 pag.
763 4711 811 4764 507,
823 4724 846 4754 n.
857 4712 905 4764 3⁶0,
917 4722 943 4755 et
955 4721 974 4757 t.
986 4726 1021 4762 nr.
1034 4726 1094 4771 pag.
1106 4716 1154 4770 256,
1166 4726 1190 4759 n.
1201 4716 1250 4761 573.
