3717 5400
345 483 403 542 2'32
796 466 932 542 'Cianos¹
954 482 1030 541 Soe.
1051 484 1122 556 jes.

349 629 423 690 siae
439 638 664 692 sacramenta
679 645 760 692 cum
774 627 893 691 fructu
910 628 1158 693 administrata
1177 631 1335 710 luerunt,
1355 639 1391 693 et
1410 631 1446 693 hi
1461 632 1580 710 etiam,

350 735 410 814 qui
426 735 615 798 sanitatem
636 737 906 815 recuperabant,
934 736 1155 816 spiritualem
1183 737 1396 801 medicinam
1421 738 1582 818 frequen·

347 842 420 905 lius
434 842 625 906 adhibituri
639 857 717 905 esse
733 842 778 904 ad
794 843 934 906 animae
949 845 1093 907 morbos
1108 845 1355 924 sperabantur.

410 948 480 1012 668.
523 949 615 1012 Aliis
630 950 736 1013 etiam
752 951 915 1013 derebus
930 951 1158 1029 gravioribus
1172 953 1286 1014 nostri
1305 954 1582 1016 consulebantur

346 1069 385 1120 et
400 1056 477 1120 Rex
491 1056 566 1136 ipse
580 1054 823 1120 Romanorum
839 1059 846 1086 ¹
860 1058 896 1120 in
911 1059 1065 1138 negotiis
1078 1059 1225 1122 maximi
1239 1061 1419 1138 momenti,
1436 1060 1483 1123 ad
1502 1061 1579 1122 reli·

348 1165 467 1244 gionis
479 1164 676 1227 catholicae
690 1164 981 1228 reformationem
992 1165 1260 1245 pertinentibus
1275 1165 1392 1230 Patris
1408 1166 1501 1230 Petri
1514 1167 1579 1230 Ca·

348 1272 430 1334 nisii
445 1289 553 1351 opera
567 1272 759 1351 plurimum
776 1271 951 1335 utebatur.

408 1379 478 1441 669.
522 1379 576 1442 Ex
591 1379 851 1442 conturberniis
877 1379 986 1442 etiam
1010 1381 1252 1444 studiosorum
1273 1381 1422 1458 (bursas
1436 1381 1580 1459 vocant)

346 1485 518 1566 paulatim
533 1487 757 1564 corruptelae
773 1496 807 1548 et
824 1487 958 1550 abusus
972 1487 1144 1552 eliminati
1159 1505 1202 1550 ac
1218 1488 1311 1551 bona
1326 1487 1513 1568 disciplina
1527 1488 1579 1550 in·

350 1593 515 1656 troducta
531 1602 595 1655 est.

408 1702 478 1766 670.
522 1704 657 1767 Eadem
672 1713 790 1766 autem
805 1701 975 1782 Majestas
989 1702 1088 1780 regia
1100 1718 1181 1764 cum
1196 1712 1341 1780 urgeret
1356 1701 1498 1766 Patrem
1514 1702 1580 1766 Ca·

348 1810 479 1874 nisium
492 1819 530 1872 ut
545 1811 799 1873 catechismum
814 1810 923 1886 illum,
941 1808 985 1871 de
999 1825 1069 1888 quo
1083 1825 1156 1870 non
1170 1807 1182 1838 ¹
1202 1809 1311 1871 semel
1332 1809 1465 1872 mentio
1484 1809 1582 1872 lacta

344 1926 414 1995 est,
431 1917 632 1995 conficeret,
659 1934 724 1979 nec
747 1915 821 1995 jam
846 1932 927 1996 spes
952 1924 1045 1978 esset
1068 1915 1162 1995 quod
1186 1914 1224 1978 P.
1250 1914 1406 1996 Laynez,
1434 1927 1581 1996 propter

349 2024 537 2087 continuas
547 2023 799 2102 occupationes
815 2023 916 2102 (quae
933 2023 1024 2085 aliae
1040 2022 1119 2085 aliis
1132 2022 1383 2101 succedebant)
1395 2040 1484 2103 opus
1494 2022 1581 2087 illud

350 2131 599 2210 theologicum,
627 2131 719 2210 quod
745 2128 993 2208 inchoaverat,
1019 2139 1139 2209 posset
1165 2129 1351 2193 absolvere
1377 2128 1401 2208 ⁸,
1426 2129 1581 2193 coniecit

351 2237 495 2300 tandem
509 2235 521 2267 ⁴
536 2237 663 2300 librum
678 2237 774 2299 illum
793 2236 950 2314 brevem,
976 2237 1036 2316 qui
1051 2236 1125 2316 ejus
1149 2238 1290 2300 nomine
1315 2238 1577 2301 circumfertur.

349 2340 390 2407 Id
412 2353 531 2408 autem
556 2361 655 2424 opus,
681 2344 734 2407 sic
752 2345 982 2424 praeparavit
1004 2344 1040 2406 in
1060 2346 1174 2406 lucem
1197 2343 1303 2407 edere
1329 2344 1417 2421 Rex,
1441 2355 1479 2408 ut
1498 2363 1578 2408 con·

350 2469 476 2514 sensus
491 2449 607 2513 Patris
621 2449 750 2530 Ignatii
768 2450 870 2528 juxta
895 2450 1165 2514 constitutiones
1179 2451 1361 2530 expectari
1377 2469 1449 2514 non
1463 2461 1582 2531 potue-

348 2558 408 2636 rit,
425 2575 508 2620 nam
522 2555 759 2620 catechismus
775 2557 833 2619 ille
852 2558 973 2620 statim
985 2558 1019 2618 in
1036 2559 1144 2620 multa
1159 2557 1269 2620 millia
1287 2559 1509 2637 exemplaria
1524 2576 1582 2622 ex·

346 2682 474 2729 cussus
492 2675 562 2741 est;
589 2676 623 2729 et
646 2666 857 2745 sperabatur
881 2667 1027 2729 multum
1052 2665 1277 2728 emolumenti
1297 2666 1356 2728 vel
1374 2683 1417 2729 ea
1442 2667 1581 2730 ratione

349 2774 549 2850 allaturum,
567 2772 660 2852 quod
675 2772 841 2852 pestilera
858 2774 1032 2853 quaedam
1047 2774 1346 2837 catechismorum
1364 2784 1541 2853 portenta,
1557 2792 1579 2835 a

349 2880 461 2943 variis
472 2880 660 2943 haereticis
682 2878 856 2957 conlecta,
884 2881 952 2941 hac
977 2881 1117 2942 ratione
1141 2881 1185 2943 de
1197 2881 1393 2960 juventutis
1417 2881 1580 2945 manibus

352 2987 632 3050 excutiebantur.

409 3093 479 3156 671.
523 3093 601 3156 Nou
617 3096 730 3157 solum
745 3095 780 3157 in
796 3094 948 3173 privatis
962 3093 1135 3172 domibuS,
1153 3093 1215 3156 sed
1236 3094 1344 3157 etiam
1363 3095 1582 3175 inhospitali

348 3220 522 3282 pauperes
544 3210 773 3279 aegrotantes
788 3201 900 3262 nostri
915 3200 1125 3277 inviscrunt,
1148 3202 1392 3264 instruxerunt
1407 3211 1442 3264 et
1456 3219 1579 3265 conso·

346 3310 410 3373 lati
429 3322 522 3387 sunt;
549 3318 583 3370 et
598 3318 635 3370 ut
656 3309 847 3370 morientes
867 3308 943 3370 sine
963 3308 1112 3371 salutari
1135 3308 1267 3370 viatico
1288 3325 1357 3370 non
1374 3308 1582 3372 recederent

349 3424 579 3493 curaverunt,
591 3414 697 3477 immo
706 3414 909 3477 eorumdem
923 3432 1031 3494 opera
1043 3413 1206 3477 effectum
1217 3423 1317 3477 estut
1324 3416 1494 3493 nonnulli,
1505 3416 1582 3495 ipso

351 3523 585 3586 confessionis
599 3520 768 3585 beneficio
789 3538 861 3584 non
881 3521 1173 3599 destituerentur,
1197 3522 1276 3602 qui,
1301 3522 1394 3584 sicut
1414 3539 1525 3602 equus
1548 3534 1583 3584 et

347 3631 479 3708 -muluS,
496 3629 623 3710 quibus
637 3646 707 3692 non
723 3637 777 3691 est
792 3628 991 3691 intellectus
1006 3626 1034 3706 ⁸,
1050 3646 1096 3691 ex
1116 3629 1183 3692 hac
1206 3628 1279 3691 vita
1294 3628 1529 3709 decedebant,
1552 3631 1583 3692 si

352 3739 405 3800 eis
429 3736 586 3800 charitas
609 3744 812 3798 nostrorum
835 3752 939 3815 opem
966 3753 1037 3798 non
1061 3735 1210 3814 tulisset,
1237 3736 1298 3815 qui
1322 3753 1368 3799 ne
1393 3736 1501 3800 etiam
1524 3754 1582 3799 ex-

353 3854 466 3907 trema
480 3844 600 3907 unctio
615 3842 701 3923 ipsis
716 3843 855 3905 deesset
866 3852 1049 3905 curarunt.
1062 3841 1243 3922 Pauperes
1254 3841 1363 3905 etiam
1374 3860 1445 3905 non
1460 3860 1584 3923 aegro·

352 3961 471 4014 tantes
485 3952 673 4014 sublevare
688 3948 908 4012 studuerunt.

412 4060 482 4122 672.
526 4057 710 4120 Publicum
730 4056 815 4120 illud
841 4056 1081 4120 testimonium
1100 4066 1177 4120 erat
1197 4057 1290 4120 inter
1309 4059 1439 4121 multos
1462 4059 1585 4121 civita·

354 4176 427 4228 tem
442 4166 692 4241 Viennensem,
714 4162 884 4226 beneficio
901 4161 1003 4242 hujus
1022 4163 1187 4244 Collegii,
1207 4165 1314 4246 longe
1332 4166 1439 4229 aliam
1458 4165 1586 4228 faciem

392 4372 400 4403 ¹
431 4370 644 4414 Ferdinandusl.

391 4440 402 4471 ¹
431 4441 489 4485 Vox
500 4442 565 4485 haec
577 4452 628 4484 non
640 4442 714 4485 lineis
724 4441 886 4497 superductis
900 4442 1048 4485 cancellata
1058 4447 1106 4495 est,
1116 4442 1161 4485 red
1172 4453 1317 4497 perperam,
1329 4442 1433 4496 saepius
1450 4441 1518 4485 enlm
1530 4441 1585 4495 jam

349 4514 382 4557 de
395 4514 443 4557 hoc
453 4512 613 4557 catechismo
624 4515 720 4557 mentio
730 4514 801 4557 lacta
812 4522 861 4556 est.

391 4585 402 4617 ³
431 4584 499 4629 Vide
509 4596 596 4640 supra,
609 4594 627 4629 t.
636 4596 673 4638 ιιι,
684 4596 747 4640 pag.
760 4586 809 4637 257,
820 4596 843 4629 n.
856 4586 906 4637 alt,
917 4594 944 4629 et
954 4586 981 4628 ln
992 4586 1040 4630 hoc
1052 4594 1105 4640 t.v,
1115 4598 1176 4641 pag.
1186 4587 1221 4641 99,
1233 4598 1255 4630 n.
1265 4586 1313 4629 2⁶6.

392 4660 404 4692 ⁴
430 4658 459 4702 P.
470 4656 598 4702 Cenlsius,

392 4731 404 4762 ⁵
432 4731 474 4774 Ps.
486 4741 558 4783 xxxi,
568 4730 588 4775 9.
