3717 5400
754 476 816 536 Au·
839 476 909 537 1555
1396 476 1451 535 707

219 642 327 705 mum,
348 625 393 689 de
415 625 572 689 adventu
593 622 719 687 classis
743 622 914 686 certiores
933 620 1061 702 effecti,
1085 638 1236 702 propere
1255 622 1446 697 redierunt;

220 748 287 796 nec
311 733 389 796 sine
413 732 551 811 timore,
578 748 660 795 cum
678 730 770 801 inter
788 738 909 793 turcas
928 737 963 793 et
982 746 1174 794 saracenos
1194 730 1446 793 transeundum

221 848 325 916 esset;
353 838 399 903 ad
414 856 512 903 mare
530 837 780 923 pervenientes
801 853 822 899 a
841 836 1006 899 lusitanis
1027 836 1120 899 laeto
1139 836 1258 899 animo
1279 837 1315 899 in
1334 837 1449 900 classe

221 946 362 1027 excepti
375 954 468 1010 sunt.
485 944 575 1009 Cum
589 954 708 1007 autem
722 943 837 1006 nullas
852 942 900 1007 ibi
914 943 1051 1007 litteras
1062 942 1293 1020 invenissent,
1310 951 1345 1006 et
1360 960 1450 1024 quas

222 1051 261 1117 P.
275 1052 448 1117 Melcbior
472 1051 630 1116 Carnero
656 1049 850 1131 scripserat
874 1050 1146 1128 intercidissent,
1173 1050 1211 1112 in
1235 1048 1372 1113 Indiam
1397 1068 1449 1113 re-

222 1160 402 1223 deundum
425 1158 493 1222 sibi
516 1174 594 1221 esse
618 1153 657 1219 P.
673 1156 854 1220 Gonzalus
875 1154 1061 1236 judicavit,
1085 1167 1124 1220 ut
1147 1156 1258 1221 verbo
1276 1156 1321 1220 de
1343 1158 1448 1221 rebus

220 1264 432 1347 Aethiopiae
451 1262 670 1331 commodius
694 1271 837 1328 nostros
859 1262 1067 1328 informaret
1088 1280 1195 1344 quam
1216 1264 1359 1344 scriptis
1372 1264 1450 1328 fieri

221 1383 372 1455 poterat,
393 1390 475 1437 cum
494 1372 633 1437 Baroae
655 1369 787 1451 alioqui
811 1386 938 1450 parum
959 1370 1091 1433 utiliter
1112 1387 1245 1434 annum
1271 1370 1448 1451 integrum

222 1480 446 1563 expectaturi
461 1488 591 1545 essent.

286 1587 375 1651 1971.
420 1584 545 1651 Mazoa
560 1584 883 1667 ¹ergoprolectt,in
894 1601 1042 1665 egressu
1051 1585 1149 1649 sinus
1158 1584 1451 1665 illius,eregione

224 1694 372 1760 Mecbae
387 1693 521 1773 'urbis
543 1704 622 1757 orta
641 1701 870 1773 tempestate,
893 1692 1082 1773 plusquam
1101 1692 1229 1771 viginti
1248 1690 1324 1755 dies
1345 1691 1381 1755 in
1401 1693 1452 1755 in·

225 1804 303 1868 sula
328 1800 483 1883 quadam
502 1799 712 1865 commorati
736 1808 833 1878 sunt,
861 1816 967 1880 quam
992 1799 1235 1863 Locustarum
1259 1798 1450 1875 vocabant,

225 1910 310 1991 quia
324 1918 461 1972 tantum
476 1907 527 1971 iili
540 1907 638 1970 oriza
652 1915 687 1970 et
702 1906 849 1970 locustis
863 1906 1083 1986 victitarunt;
1105 1915 1140 1969 et
1161 1906 1243 1987 qnia
1258 1905 1334 1969 dies
1348 1916 1452 1969 erant

225 2014 540 2097 Quadragesimae,
560 2012 635 2077 iere
657 2030 779 2077 omnes
801 2014 928 2077 classis
947 2013 1040 2076 illius
1061 2011 1221 2076 homines
1236 2011 1279 2076 de
1293 2012 1452 2093 peccatis

226 2120 433 2188 confitentes
457 2120 604 2199 audivit,
631 2120 678 2184 ad
705 2120 799 2200 quod
825 2118 1132 2183 exhortationibus
1157 2120 1264 2183 etiam
1293 2120 1367 2182 suis
1391 2137 1454 2183 eos

227 2227 384 2293 adduxit.
406 2227 473 2291 Hic
488 2228 622 2308 aliquot
643 2243 754 2291 naves
774 2243 1029 2291 saracenorum
1048 2236 1082 2291 et
1101 2236 1284 2291 turcarum
1300 2227 1454 2292 biremes

226 2336 460 2401 lusitanorum
479 2351 674 2415 aggressae
693 2342 786 2413 sunt;
807 2335 871 2398 sed
891 2333 937 2397 ab
959 2333 1027 2397 illis
1046 2350 1084 2397 se
1108 2333 1346 2411 defendentes
1372 2352 1453 2399 cum

225 2453 354 2509 ventus
368 2445 485 2508 locum
498 2440 606 2521 dedit,
619 2442 886 2522 navigationem
901 2442 1014 2506 secuti
1029 2452 1115 2516 sunt
1127 2458 1190 2523 per
1203 2459 1303 2505 oram
1322 2442 1453 2505 mariti·

226 2568 322 2615 mam
336 2551 452 2615 Zeilae
467 2550 490 2630 ³,
507 2550 625 2617 multis
640 2550 795 2638 navigiis
813 2559 847 2613 et
862 2548 1073 2629 quibusdam
1094 2548 1185 2612 locis
1199 2564 1453 2613 saracenorum

227 2658 430 2723 combustis.
447 2656 517 2724 Sed
531 2658 674 2743 quidam
689 2667 818 2722 ventus
836 2656 957 2721 nescio
973 2674 1042 2738 qua
1058 2656 1195 2721 ratione
1210 2656 1261 2721 sic
1283 2656 1453 2720 biremem

227 2766 265 2830 in
275 2766 367 2829 latus
382 2765 529 2846 impulit,
546 2766 666 2845 inquo
681 2773 758 2829 erat
772 2763 798 2829 P
814 2764 1007 2844 Gonzalus,
1032 2773 1070 2828 ut
1084 2765 1178 2828 intra
1198 2781 1297 2829 mare
1320 2781 1361 2827 os
1376 2762 1454 2844 ejus

229 2870 486 2953 ingrederetur,
507 2881 543 2936 et
563 2872 616 2938 sic
635 2888 728 2953 aqua
749 2872 973 2952 implebatur,
993 2881 1030 2938 ut
1051 2873 1081 2935 si
1103 2889 1167 2952 per
1189 2873 1355 2952 spatium,
1382 2889 1452 2952 quo

229 2980 395 3044 salutatio
422 2979 584 3058 angelica
610 2979 750 3055 dicitur,
780 2979 832 3042 sic
858 2979 1011 3059 amplius
1039 2979 1239 3058 mansisset,
1269 2979 1453 3059 navigium

227 3104 376 3168 prorsus
395 3087 431 3151 in
446 3084 659 3168 profundum
679 3095 773 3149 esset
787 3085 930 3150 iturum.
954 3083 1025 3150 Sed
1045 3102 1126 3150 cum
1148 3085 1264 3149 valide
1284 3087 1455 3151 auxilium

227 3193 268 3259 B.
281 3193 443 3273 Virginis
457 3193 699 3275 implorarent,
722 3193 799 3260 sine
820 3191 926 3256 dubio
946 3193 991 3255 ab
1010 3210 1052 3256 ea
1075 3190 1185 3272 adjuti
1205 3203 1355 3257 mortem
1373 3211 1456 3258 eva-

228 3311 361 3376 serunt;
379 3311 414 3365 et
429 3301 478 3365 ita
493 3300 562 3365 hoc
577 3301 789 3365 miraculum
800 3299 981 3380 depictum
996 3309 1049 3364 est
1064 3300 1101 3364 in
1112 3302 1241 3380 templo
1254 3299 1379 3363 Matris
1389 3301 1456 3364 Dei

228 3406 340 3472 Goae.
362 3407 486 3472 Voluit
505 3424 592 3486 ergo
612 3407 734 3471 divina
749 3406 895 3470 Bonitas
910 3417 948 3469 ut
963 3405 1080 3470 subito
1094 3415 1222 3468 ventus
1236 3417 1405 3485 cessaret,
1422 3417 1457 3469 et

228 3515 334 3578 navis
345 3525 462 3578 erecta
478 3523 532 3578 est
546 3514 599 3577 sic
611 3530 703 3595 aqua
716 3515 820 3594 plena
832 3522 870 3577 ut
881 3515 1018 3578 moveri
1031 3531 1100 3576 non
1114 3523 1243 3594 posset;
1260 3513 1322 3576 sed
1338 3513 1458 3577 statim

229 3631 265 3685 et
280 3636 409 3700 aquam
424 3618 614 3700 ejecerunt,
627 3629 663 3683 et
676 3621 839 3683 sarcinas
850 3619 1025 3701 quasdam
1040 3619 1213 3694 madidas
1229 3629 1264 3684 et
1279 3620 1398 3699 aliqua
1412 3619 1458 3684 ad

230 3729 366 3793 victum
393 3727 592 3808 deportata:
615 3736 651 3790 et
676 3726 728 3790 sic
753 3726 927 3806 navigare
952 3735 1153 3806 potuerunt.
1184 3725 1259 3792 Nec
1290 3728 1358 3791 hoc
1382 3729 1459 3791 solo

229 3835 390 3916 periculo
409 3831 546 3913 jactati,
572 3833 706 3912 Goam,
728 3833 872 3897 minime
897 3833 1074 3914 expectati
1096 3835 1209 3898 nostri
1235 3837 1458 3916 appulerunt.

231 3940 301 4007 Sed
316 3939 514 4005 rationibus
529 3939 705 4004 adventus
720 3938 861 4020 auditis,
874 3937 990 4004 Patris
1005 3941 1154 4005 Gonzali
1168 3941 1355 4007 consilium
1367 3959 1460 4005 ano·

144 4043 148 4048 ’
229 4049 317 4114 stris
331 4047 520 4129 probatum
532 4056 596 4111 est.

269 4270 279 4305 ί
307 4271 375 4316 Vide
385 4281 541 4326 supremas.
550 4268 601 4325 ⁶⁸⁷,
610 4281 635 4315 n.
646 4269 709 4316 19⁰3.

268 4343 281 4378 ί
307 4342 360 4399 Slc;
373 4343 419 4387 sed
434 4343 613 4388 existimemus
627 4343 792 4389 scribendum
807 4343 896 4397 Mota,
908 4343 1024 4403 antiquie
1041 4343 1139 4397 Macra,
1154 4355 1219 4399 quae
1233 4344 1294 4388 urbs
1309 4351 1372 4386 vere
1386 4349 1426 4386 eat
1437 4341 1462 4386 ln

229 4416 432 4472 atrewasiam,
446 4426 492 4459 neu
505 4415 596 4468 marie,
612 4414 703 4470 Rubra
717 4415 813 4461 Merita
827 4423 924 4471 tutem,
940 4418 981 4460 vel
997 4415 1097 4468 Merca,
1113 4418 1189 4471 longe
1205 4422 1245 4459 est
1260 4415 1462 4469 septentrionem

231 4499 332 4543 versus,
342 4497 394 4532 non
403 4487 437 4532 ab
446 4497 553 4542 egressu
562 4487 635 4532 sinus
644 4493 754 4540 tantum,
762 4499 854 4532 verum
864 4489 944 4533 etiam
953 4489 988 4534 ab
998 4489 1061 4537 urbe
1076 4487 1134 4544 ipsa
1145 4485 1301 4537 Massounh,
1310 4497 1343 4529 ex
1358 4497 1408 4540 qun
1420 4497 1465 4528 ve·

231 4561 321 4607 aiebat
331 4559 515 4604 Gaudiulvus.

272 4631 284 4664 ⁸
311 4631 706 4685 RecentlorlburZeiiah,⁸urbr
720 4631 828 4678 Africae
841 4633 867 4678 ln
881 4643 963 4687 regno
978 4633 1116 4687 Adello,ln
1133 4631 1272 4688 Aethiopia
1288 4631 1422 4688 superiori,
1435 4631 1462 4676 in
1549 4617 1554 4628 '

230 4714 280 4749 ora
289 4703 370 4748 maris
379 4702 496 4758 Arabici,
504 4705 582 4758 paulo
592 4711 669 4749 extra
680 4705 769 4750 fauces
779 4706 858 4751 maris
869 4705 950 4752 Rubri
961 4740 973 4763 „
984 4707 1134 4761 Baunaaro,
1145 4707 1161 4751 l.
1172 4717 1194 4751 c.
