3717 5400
830 500 894 560 Art.
917 499 987 560 lofa't
1465 499 1521 560 693

291 646 495 724 alligantur,
513 647 664 711 transire
676 643 804 728 solent,
825 655 860 711 ct
879 648 980 712 multi
991 647 1157 712 'suffocati
1174 645 1323 730 perculit
1338 643 1372 712 e't
1387 647 1447 712 alii
1461 664 1518 730 pe·

290 748 501 817 riclitantuh.

359 864 447 930 1927.
491 862 733 928 Pervenerunt
747 862 889 927 denium
903 844 948 926 ad
964 861 1083 927 castra
1096 857 1207 943 Regis
1220 859 1255 927 e‘t
1270 879 1291 926 a
1305 863 1517 946 quibusdam

290 973 453 1038 lusitanis
472 972 521 1036 ibi
538 971 678 1051 excepti
697 969 850 1048 fuerunt,
876 980 911 1034 et
933 964 1063 1052 [Pater]
1084 965 1133 1034 ihi
1149 965 1189 1034 in
1207 967 1381 1050 morbum,
1405 988 1426 1033 a
1447 987 1520 1052 quo

290 1082 535 1158 convaluerat,
547 1077 681 1157 recidit,
694 1089 727 1141 et
740 1077 820 1140 ideo
832 1076 877 1140 ad
888 1075 1023 1156 Regem
1035 1073 1259 1141 salutandum
1270 1093 1341 1142 non
1353 1078 1517 1156 accessit,

291 1191 358 1252 hec
370 1185 446 1250 Rex
460 1186 536 1267 ipse
550 1196 750 1248 nostrorum
768 1201 903 1248 memor
917 1183 1033 1248 suerit
1047 1177 1127 1265 pos't
1141 1181 1294 1266 primam
1310 1185 1406 1248 illam
1418 1177 1520 1264 prius

290 1295 423 1358 dictam
438 1293 698 1356 salutationem.

354 1399 441 1464 1928.
484 1397 655 1462 Decrevit
679 1415 766 1478 ergo
792 1397 829 1464 P.
857 1397 1063 1464 Gonzalvus
1087 1397 1255 1464 brevibus
1279 1397 1406 1462 litteris
1426 1394 1519 1478 Regi

291 1507 504 1588 Aethiopiae
533 1507 736 1588 significare
765 1505 941 1589 quomodo
966 1524 1005 1572 se
1032 1505 1191 1584 haberet,
1221 1500 1257 1570 et
1284 1521 1454 1587 quorsum
1480 1505 1518 1568 in

291 1616 517 1696 Aethiopiam
532 1616 700 1696 venisset,
717 1616 763 1679 ad
774 1597 889 1697 ipsius
902 1615 1039 1679 scilicet
1054 1614 1272 1696 obsequium.
1287 1613 1357 1678 Sed
1371 1608 1453 1677 cuni
1467 1613 1518 1675 in«

291 1724 485 1788 tellexisset
510 1725 606 1788 nullo
633 1721 737 1787 modo
758 1724 900 1803 placere
926 1719 1016 1802 Regi
1040 1721 1252 1803 Aethiopiae
1271 1721 1366 1802 quod
1383 1719 1422 1783 in
1442 1715 1520 1799 eius

292 1847 404 1910 regno
424 1831 537 1894 nostri
557 1843 800 1908 versarentur,
819 1829 915 1910 quod
933 1829 1074 1893 timeret
1097 1846 1182 1892 suos
1207 1827 1366 1891 deiectus
1385 1826 1517 1905 detegi,

292 1955 358 2000 nec
377 1935 559 2001 Romanae
578 1937 759 2002 Ecclesiae
778 1937 886 2000 vellet
900 1937 1137 2017 acquiescere,
1154 1934 1313 1998 decrevit
1326 1933 1520 2012 inscriptis

291 2061 334 2107 cn
348 2043 395 2107 ad
410 2061 489 2107 eum
504 2043 755 2120 transmittere,
768 2061 859 2124 quae
874 2043 994 2107 verbis
1003 2043 1122 2107 dicere
1133 2059 1205 2106 non
1216 2050 1367 2122 poterat,
1381 2051 1415 2104 et
1426 2040 1516 2104 haec

289 2159 346 2214 cst
361 2151 463 2229 ratio,
480 2167 551 2232 qua
565 2168 645 2214 cum
661 2149 759 2231 Rege
771 2149 981 2231 Aethiopiae
994 2150 1155 2214 homines
1166 2149 1310 2228 negotia
1321 2165 1387 2211 sua
1402 2159 1516 2211 trans·

292 2259 392 2336 igunt
407 2258 465 2321 vel
480 2275 542 2337 per
557 2260 717 2334 nuncios;
734 2275 799 2322 nce
813 2257 887 2322 fere
901 2273 1056 2338 unquam
1071 2255 1146 2337 ejus
1158 2256 1287 2320 faciem
1303 2255 1433 2320 vident.

355 2363 443 2428 1929.
486 2365 525 2429 Id
539 2365 646 2430 etiam
661 2366 790 2445 agebat
804 2365 842 2430 P.
860 2365 1040 2430 Gonzalus
1058 2375 1097 2427 ut
1115 2381 1186 2427 non
1203 2363 1326 2427 liceret
1344 2362 1432 2444 Regi
1448 2363 1515 2427 dis·

292 2471 458 2535 simulare
473 2481 508 2535 et
523 2473 674 2554 amplius
685 2471 848 2553 decipere
862 2469 1103 2552 Portugalliae
1118 2469 1264 2550 Regem,
1281 2481 1318 2533 ut
1334 2467 1408 2550 jam
1423 2470 1519 2533 idem*

291 2577 437 2641 lecerat.
459 2577 656 2643 Postulavit
676 2589 794 2644 autem
816 2589 854 2643 ut
874 2577 952 2642 Rex
970 2579 1108 2659 aliquos
1127 2579 1226 2642 viros
1245 2577 1370 2641 doctos
1391 2585 1425 2641 et
1445 2593 1516 2640 mo·

292 2685 428 2750 nachos
441 2686 508 2768 ipsi
524 2687 736 2768 assignaret,
753 2696 792 2755 ut
808 2687 842 2753 in
863 2685 1085 2752 chaldaicam
1104 2687 1265 2767 linguam
1283 2685 1517 2750 transferrent

292 2794 426 2873 aliquot
448 2794 616 2858 veritates
634 2804 779 2859 nostrae
799 2794 911 2871 Fidei,
931 2793 1217 2875 quandoquidem
1233 2804 1376 2857 nostros
1394 2792 1517 2855 haere·

292 2901 384 2964 ticos
397 2918 477 2965 esse
491 2911 525 2965 ct
544 2903 725 2966 saracenis
741 2901 880 2982 pejores
899 2902 1075 2979 dicebant,
1095 2900 1197 2980 juxta
1218 2899 1406 2981 quemdam
1426 2901 1516 2980 ipso-

292 3026 371 3072 rum
389 3009 527 3086 librum,
549 3006 648 3089 cujus
666 3009 789 3073 titulus
807 3018 885 3072 erat
910 3008 1141 3072 Adulterium
1163 3006 1416 3071 franchorum
1433 2992 1446 3037 '¹
1472 3006 1518 3069 ab

292 3116 482 3181 haereticis
503 3115 744 3181 Alexandriae
763 3119 1008 3198 compositum,
1029 3116 1089 3197 qui
1110 3115 1305 3182 Concilium
1326 3114 1518 3181 Chalcedo-

291 3228 400 3288 nense
419 3222 657 3305 reprehendit,
678 3238 721 3287 ac
741 3224 826 3289 dicit
841 3242 886 3287 ex
901 3222 1075 3288 Trinitate
1095 3233 1248 3305 quatuor
1267 3236 1441 3304 personas
1454 3240 1520 3303 per

289 3346 449 3396 errorem
471 3330 596 3395 Patres
616 3332 697 3395 illos
716 3330 752 3393 in
771 3329 902 3395 divinis
922 3330 1128 3394 asseruisse.
1154 3328 1259 3394 Hunc
1280 3347 1367 3409 ergo
1387 3329 1520 3393 librum

291 3440 486 3518 postulavit
506 3437 544 3501 P.
570 3438 788 3517 GonzalvuS,
810 3450 844 3502 et
864 3438 974 3519 aliqui
992 3439 1128 3501 nobiles
1151 3438 1281 3501 milites
1303 3436 1447 3500 lusitani
1468 3436 1518 3499 di·

293 3555 431 3625 xerunt,
455 3546 548 3627 qnod
567 3548 635 3629 ipsi
656 3550 808 3629 amplius
822 3546 1026 3611 inservituri
1040 3562 1113 3609 non
1128 3553 1258 3623 essent,
1275 3543 1342 3607 nisi
1357 3543 1455 3624 prius
1469 3544 1519 3606 in·

258 3710 262 3719 .
293 3652 492 3732 telligerent
511 3664 655 3719 nostrae
669 3654 769 3719 Fidei
789 3654 987 3732 veritatem,
1008 3664 1046 3716 ut
1064 3652 1101 3715 in
1122 3670 1164 3715 ea
1180 3650 1441 3715 existimatione
1460 3648 1520 3713 ha-

293 3758 471 3839 berentur,
492 3778 562 3841 qua
577 3760 765 3843 deceperat
784 3761 868 3840 (sic)
882 3757 904 3821 ¹.
926 3760 1029 3824 Hunc
1050 3760 1177 3823 librum
1197 3757 1275 3822 Rex
1293 3758 1379 3822 dare
1396 3757 1521 3835 noluit,

292 3876 328 3929 ct
343 3865 487 3947 indigne
508 3867 585 3930 tulit
605 3869 699 3949 quod
717 3868 831 3932 nostri
851 3868 984 3931 scirent
1004 3868 1111 3931 talem
1132 3866 1259 3929 librum
1274 3882 1383 3946 penes
1405 3864 1523 3946 ipsum

291 3988 384 4043 csse.
396 3983 431 4036 et
445 3972 543 4037 Patri
555 3973 714 4037 Gonzalo
727 3975 933 4038 renunciari
945 3974 1027 4037 iecit
1042 3990 1113 4039 non
1125 3988 1203 4037 esse
1217 3973 1268 4036 illi
1279 3970 1523 4036 necessarium

290 4076 387 4144 hunc
401 4080 529 4143 librum
550 4080 688 4160 videre,
710 4081 772 4145 sed
789 4083 857 4162 ipsi
876 4082 983 4147 licere
1002 4080 1159 4145 scribere
1174 4094 1266 4161 qnae
1286 4080 1409 4159 vellet;
1426 4087 1460 4143 et
1475 4078 1523 4143 ad

292 4326 294 4333 ’
332 4318 341 4354 ¹
369 4321 425 4365 “aaa
439 4320 545 4375 livro,a
559 4334 608 4376 qne
624 4317 742 4367 chanaam
757 4315 898 4367 Adulterio
912 4316 1124 4377 ratramnus,
1139 4322 1168 4368 Ρ.
1183 4312 1358 4369 Gundlsalvua
1375 4319 1523 4376 Rodrlgnea

289 4390 374 4437 Sociis
381 4389 510 4446 lusitanis,
520 4394 589 4449 apud
600 4389 849 4443 τιιιιι-Αυιπὺιι.
858 4394 876 4443 1.
886 4404 908 4439 c.

330 4462 342 4497 ¹
369 4463 464 4510 Sensas
473 4477 536 4510 sane
546 4468 676 4517 obscurus.
688 4468 730 4522 qul
741 4468 826 4511 nescio
835 4478 869 4511 an
885 4468 910 4511 in
920 4466 989 4511 hune
1002 4466 1106 4512 modurn
1119 4466 1191 4511 reddi
1204 4474 1231 4511 et
1245 4467 1369 4522 compleri
1384 4464 1474 4521 possit:
1485 4464 1521 4509 Et

289 4536 1522 4594 aliqalnoblleesnlllteelusitanl,qaorantoperaRexutebatvr,dixeruntaeampliuaiteglnon

289 4606 472 4661 inservituros,
482 4609 531 4653 nial
540 4609 611 4663 prius
622 4610 798 4664 intelligerent
809 4616 914 4655 nostrae
925 4608 985 4654 fidel
1000 4610 1141 4655 veritatem
1151 4610 1177 4655 ln
1187 4622 1218 4655 ea
1229 4610 1420 4655 existimatione
1432 4610 1466 4653 ab
1475 4609 1524 4653 illo

290 4677 391 4729 ltalserl.
400 4688 479 4733 quan
489 4680 550 4723 ollrn
561 4680 719 4735 ostenderat,
730 4686 817 4736 etqua
828 4681 882 4737 lpse
898 4681 1026 4725 lusitanos
1035 4688 1063 4726 et
1072 4692 1161 4736 retent
1174 4662 1352 4737 Portugflliia'e
1367 4680 1399 4728 ad
1414 4673 1530 4736 legatio-

290 4760 350 4795 aen
360 4750 513 4795 nuruum
523 4750 709 4807 quodamnodo
717 4752 864 4807 deceperat.
