3717 5400
380 428 437 489 att
842 430 970 490 Canon.
990 430 1068 490 Soc.
1088 430 1159 503 Jss.

383 575 626 640 ministrorum
642 573 813 657 justitiae,
834 577 1018 658 religionis
1043 587 1078 640 et
1102 577 1199 657 cleri,
1226 588 1261 641 et
1285 578 1452 642 haereses
1474 577 1624 644 fortiter

381 682 630 762 oppugnabat,
658 693 692 746 et
717 685 829 748 multa
854 684 923 748 alia
948 684 1091 764 pietatis
1116 702 1226 766 opera
1250 685 1411 759 fovebat,
1438 685 1469 748 si
1482 685 1622 750 diutim

382 788 569 854 Avenione
578 791 778 870 mansisset,
791 791 931 872 insigne
942 790 1098 856 fructum
1107 792 1146 856 P.
1156 792 1304 856 Pontius
1314 803 1622 874 consequututunn

381 908 570 978 sperasset.
587 897 633 962 Et
646 899 825 964 rediturus
838 899 1061 978 credebatur,
1083 910 1119 964 et
1136 908 1221 964 tunc
1243 899 1384 964 demum
1403 900 1615 964 institutioni

383 1004 535 1086 Collegii
563 1005 718 1072 dandam
744 1023 822 1070 esse
848 1023 995 1087 operam
1019 1005 1220 1072 Cardinalis
1243 1006 1436 1071 Farnesius
1457 1008 1612 1072 dicebat.

381 1110 533 1176 Viderat
546 1113 689 1194 quidem
704 1114 847 1178 domum
863 1115 1054 1195 quamdam
1072 1130 1241 1194 magnam
1265 1132 1309 1178 ac
1330 1114 1518 1194 pulchram
1530 1131 1612 1180 cum

384 1220 488 1284 horto
503 1228 538 1284 et
550 1238 646 1299 area,
667 1238 774 1300 quam
793 1219 995 1285 Cardinalis
1015 1221 1053 1284 in
1063 1238 1166 1286 usum
1185 1223 1326 1301 collegii
1340 1233 1617 1301 comparaturus

382 1335 470 1404 erat;
483 1327 546 1390 sed
558 1327 727 1391 nuncium
737 1327 823 1391 illud
833 1337 869 1391 et
879 1327 1052 1409 profectio
1063 1329 1184 1392 statim
1194 1338 1343 1409 sequuta
1356 1345 1432 1392 rem
1442 1328 1618 1394 infectam.

380 1433 532 1515 reliquit.
550 1433 644 1498 Mille
659 1445 694 1497 et
709 1435 979 1514 quadringentis
990 1436 1120 1510 aureis,
1132 1445 1168 1499 et
1182 1435 1274 1500 forte
1284 1437 1380 1500 mille
1390 1446 1426 1500 et
1436 1435 1618 1515 ducentis.

381 1539 507 1604 domus
522 1558 565 1604 ea
580 1541 702 1605 haberi
714 1551 864 1623 poterat,
879 1559 980 1623 quae,
997 1552 1139 1623 praeter
1150 1542 1387 1606 habitationes
1401 1541 1606 1607 commodas

379 1658 414 1711 et
430 1649 571 1728 multas,
588 1649 624 1711 in
638 1665 742 1714 usum
756 1649 961 1713 scholarum
974 1648 1122 1713 inferius
1136 1651 1237 1713 aulas
1252 1649 1424 1730 quasdam
1440 1649 1608 1714 habebat.

381 1752 605 1818 Inhabitabat
619 1772 699 1819 eam
714 1764 798 1818 tunc
813 1753 951 1820 Salerni
965 1755 1137 1834 Princeps
1151 1755 1172 1835 ¹3
1189 1756 1275 1820 etin
1288 1756 1413 1820 eadem
1426 1755 1532 1820 domo
1548 1757 1621 1820 ali·-

380 1861 523 1954 quando
550 1860 595 1924 de
618 1863 768 1942 collegio
796 1861 951 1942 quodam
975 1863 1151 1927 saeculari
1175 1863 1390 1927 instituendo
1413 1872 1604 1928 tractatum

380 1967 508 2032 fuerat.

440 2076 511 2139 955.
554 2076 818 2140 Avenionensis
831 2077 1160 2158 civitaspernobilis
1170 2087 1235 2155 est,
1247 2087 1282 2141 et
1293 2078 1329 2142 in
1340 2078 1509 2141 comitatu
1520 2075 1606 2140 Pro·

383 2183 523 2246 vinciae
534 2184 667 2263 primas
682 2193 788 2263 tenet,
802 2183 936 2247 divitiis
947 2193 982 2246 et
993 2201 1112 2247 rerum
1122 2184 1280 2248 omnium
1291 2183 1394 2264 copia
1405 2184 1493 2248 satis
1500 2185 1617 2247 abun·-

383 2289 455 2368 dat,
472 2299 506 2354 et
520 2291 556 2353 in
568 2291 773 2354 universum
788 2290 974 2371 loquendo,
987 2290 1147 2370 probitas
1161 2292 1255 2354 vitae
1270 2289 1485 2354 christianae
1497 2291 1608 2354 omni-

382 2395 589 2478 bustlaceu
615 2397 677 2461 sed
697 2397 875 2477 religiosis
899 2407 934 2461 et
948 2398 1201 2462 ecclesiasticis
1215 2406 1418 2462 nostrorum
1432 2397 1617 2460 adventus.

380 2521 452 2567 non
464 2503 653 2569 admodum
674 2515 799 2584 gratus
823 2504 1024 2568 videbatur.
1050 2502 1209 2568 Obtinuit
1234 2513 1352 2568 autern
1365 2505 1569 2568 facultatem
1584 2521 1606 2566 a

382 2610 562 2675 Cardinali
580 2611 617 2675 P.
639 2611 800 2692 Pontius,
826 2611 926 2691 (licet
944 2611 1118 2675 renitente
1137 2610 1353 2692 Pro-legato,
1375 2611 1435 2692 qui
1456 2611 1607 2675 retinere

382 2720 500 2801 ipsum
514 2719 695 2799 voluisset)
711 2729 749 2783 ut
763 2720 981 2799 Brugnolam
1001 2730 1167 2800 pergeret
1181 2721 1226 2784 ad
1249 2721 1505 2783 monasterium
1522 2718 1608 2783 illud

378 2825 585 2905 juvandum,
600 2826 694 2907 quod
709 2826 909 2891 Cardinalis
923 2826 1007 2891 ΞΜ
1022 2826 1148 2891 Crucis
1162 2830 1195 2891 ei
1209 2826 1533 2891 commendaverat.

440 2934 512 2997 956.
555 2933 643 2997 Cum
659 2935 777 3014 itaque
796 2934 870 2997 fere
891 2936 927 2997 in
949 2936 1111 2998 omnibus
1131 2935 1357 2997 monasteriis
1376 2934 1616 2997 concionatus

381 3048 486 3120 esset,
507 3042 600 3105 bono
619 3038 808 3105 Societatis
830 3041 940 3103 odore
963 3040 1150 3105 Avenione
1170 3042 1305 3119 relicto,
1326 3041 1407 3103 inde
1429 3039 1618 3121 profectus

380 3159 446 3225 est,
467 3157 503 3211 et
524 3158 713 3229 antequam
733 3148 951 3227 Brugnolam
970 3148 1184 3228 perveniret,
1207 3146 1364 3212 Anxium
1384 3145 1478 3227 (Aix
1497 3148 1617 3227 vulgo-

380 3254 521 3333 dicitur)
536 3256 596 3320 ubi
611 3254 821 3318 Provinciae
836 3253 989 3318 Senatus
1002 3256 1061 3317 vel
1081 3254 1345 3318 Parlamentum
1364 3254 1553 3333 residebat,
1568 3270 1608 3317 se

383 3363 546 3441 contulit,
562 3379 645 3425 nam
662 3380 742 3425 curn
757 3361 923 3425 Praeside
939 3360 1042 3441 hujus
1056 3360 1223 3439 SenatuS,
1241 3361 1453 3440 cognomine
1468 3360 1608 3441 Duppe-

381 3469 437 3546 da,
451 3478 556 3549 atque
569 3470 657 3532 adeo
669 3485 750 3531 curn
763 3468 839 3548 ipso
851 3467 1088 3546 Parlamento,
1102 3469 1201 3549 prius
1212 3468 1390 3547 agendum
1401 3476 1608 3547 erat,quam

379 3576 426 3639 ad
438 3576 691 3640 monasterium
712 3575 891 3639 Cellarum
909 3593 1020 3656 prope
1040 3575 1257 3656 Brugnolam
1272 3575 1472 3656 quidquam,
1483 3573 1541 3638 'ad
1554 3588 1615 3636 re*

381 3683 630 3747 formationem
643 3684 835 3763 pertinens
851 3699 961 3761 agere
977 3692 1145 3758 tentaret,
1171 3692 1206 3745 et
1220 3698 1344 3745 ornnes
1356 3680 1607 3761 significabant

382 3791 417 3853 Ρ.
445 3789 570 3853 Pontio
595 3791 690 3870 quod
715 3790 840 3853 duram
865 3789 1055 3852 admodum
1076 3788 1299 3869 provinciam
1318 3796 1537 3868 susceperat.
1562 3786 1607 3849 Et

379 3899 454 3977 ipse
469 3897 573 3961 facile
587 3897 623 3960 id
638 3897 840 3977 conjectare
854 3906 994 3976 poterat
1006 3896 1297 3960 avenionensium
1308 3896 1629 3960 monasteriorum..

379 4005 587 4086 qualitatem
602 4013 780 4084 expertus

436 4110 508 4176 957.
552 4109 691 4174 Octava
712 4126 800 4190 ergo
821 4110 876 4174 die
897 4110 1043 4191 ApriliS,
1066 4109 1123 4173 die
1143 4112 1246 4173 lunae
1265 4110 1506 4174 hebdomadae
1525 4128 1607 4174 san-

378 4229 468 4298 ctae,
486 4220 703 4297 Brugnolam
718 4219 892 4298 pervenit,
909 4218 967 4281 ubi
979 4216 1053 4296 jam
1064 4218 1202 4297 publice
1213 4216 1528 4281 circumferebatur
1544 4235 1608 4280 no·

378 4336 472 4391 stros
487 4343 566 4389 cum
587 4336 760 4405 potestate
780 4342 911 4405 magna
938 4324 1077 4388 venisse
1099 4325 1144 4388 ad
1165 4324 1411 4387 reformandas
1431 4324 1614 4388 moniales

415 4606 424 4636 ¹
454 4603 632 4647 Ferdlnandus
642 4602 790 4656 (Ferrante)
801 4602 984 4656 sansererino,
995 4601 1038 4657 qui
1049 4604 1082 4645 ab
1090 4602 1250 4656 Imperatore
1259 4602 1291 4645 ad
1301 4602 1403 4648 Galliae
1412 4602 1508 4657 Regem
1519 4610 1609 4648 trans-

377 4676 490 4729 fugerat.
501 4674 568 4718 Vlde
579 4674 700 4719 Litterae
710 4674 941 4726 Quadrimestres,
951 4681 971 4719 t.
982 4686 1010 4727 u,
1021 4684 1082 4728 pag.
1094 4676 1128 4717 ll.
