3717 5400
585 1133 649 1218 DE
676 1133 922 1218 PROVINCIA
950 1133 1123 1216 rubiae.
1145 1133 1424 1218 ORIENTALIS

874 1393 926 1438 AC
963 1391 1135 1439 PRIMUM

621 1606 624 1612 ’
645 1589 709 1654 DE
730 1589 1059 1655 NAVIGATIONE
1080 1589 1367 1654 NOSTRORUM

456 1911 562 1974 1752·
587 1909 783 1974 Duodecim
813 1929 858 1974 ex
886 1912 1020 1975 nostris
1048 1912 1115 1974 hoc
1141 1929 1235 1974 anno
1259 1913 1375 1991 prima
1400 1912 1456 1975 die
1486 1911 1623 1991 Aprilis

394 2017 607 2098 Ulyssipona
619 2027 843 2080 recesserunt
858 2017 893 2080 in
908 2028 1060 2098 quatuor
1074 2035 1186 2081 naves
1200 2018 1378 2081 distributi
1400 2015 1419 2080 ¹.
1440 2017 1480 2080 ln
1494 2035 1619 2082 earum

393 2143 464 2190 una
479 2125 516 2188 P.
540 2124 711 2189 Melchior
725 2125 894 2202 Carnem,
911 2126 948 2187 in
973 2126 1086 2188 altera
1112 2123 1151 2188 P.
1178 2124 1357 2188 Antonius
1376 2125 1420 2188 de
1444 2123 1621 2204 QuadroS,

390 2232 429 2294 in
447 2231 550 2294 tertia
573 2229 608 2294 P.
635 2230 875 2312 Hieronymus
899 2230 943 2293 de
964 2230 1129 2310 Caenea,
1156 2231 1193 2294 in
1219 2241 1345 2311 quarta
1372 2229 1410 2292 P.
1442 2231 1623 2296 Gonzalez

393 2338 608 2419 reliquorum
633 2347 739 2418 caput
768 2346 856 2400 erat.
885 2336 1018 2401 Omnes
1044 2339 1215 2418 optimum
1238 2338 1294 2400 sui
1314 2338 1460 2401 odorem
1484 2338 1521 2400 in
1548 2340 1625 2402 suis

392 2445 544 2508 navibus
572 2453 799 2524 sparserunt:
829 2444 1165 2523 praedicationibus,
1193 2444 1408 2506 christianae
1436 2445 1623 2508 doctrinae

389 2551 644 2632 explicandae,
671 2549 951 2614 confessionibus
976 2549 1183 2629 audiendis,
1213 2551 1355 2614 casibus
1378 2553 1623 2615 conscientiae

388 2659 636 2738 dissolvendis
658 2658 805 2723 infirmis
825 2659 993 2723 curandis
1008 2669 1042 2721 et
1057 2659 1135 2722 aliis
1155 2659 1223 2739 piis
1242 2659 1419 2739 operibus,
1437 2676 1502 2741 pro
1522 2675 1623 2723 more

392 2766 592 2845 Societatis,
610 2782 756 2845 operam
773 2765 957 2829 dederunt.

394 2924 605 2937 ——-——

434 3027 441 3058 ¹
471 3026 537 3069 Vide
548 3038 635 3081 supra,
647 3028 664 3069 t.
677 3038 712 3081 ιν,
723 3038 782 3081 pag.
797 3024 845 3077 577,
858 3038 882 3067 n.
897 3024 957 3079 1232,
973 3034 1062 3069 annot.
1077 3026 1167 3070 a-En
1177 3038 1210 3069 ex
1220 3025 1354 3070 Oriundiui
1370 3034 1397 3069 et
1412 3026 1498 3071 Tellez
1513 3029 1626 3073 omnium

393 3097 505 3143 nomina.

571 3275 717 3321 Onunuonu
1218 3276 1318 3320 Tnuuuz

409 3440 428 3484 i.
439 3440 467 3483 P.
482 3438 606 3483 Melchior
622 3438 776 3491 Carnerius,
787 3438 876 3492 Episc.
932 3437 952 3479 l.
963 3436 991 3479 P.
1003 3436 1115 3480 Antonio
1125 3438 1157 3479 de
1168 3438 1293 3489 Quadros.

448 3510 608 3565 designatus.
931 3506 951 3549 2.
964 3505 1044 3549 Outro
1055 3507 1190 3555 sacerdote
1195 3537 1280 3551 ......

406 3578 428 3620 2.
435 3575 737 3629 P.AntoniusQuadrius,
745 3574 875 3629 Superior.
931 3577 952 3619 3.
965 3576 1006 3620 Plu
1020 3576 1108 3621 lrman
1114 3608 1293 3625 ...........

405 3647 428 3692 3.
440 3648 467 3691 Ρ.
479 3648 562 3693 Emm.
573 3646 744 3691 Fernandius.
931 3648 945 3691 t
964 3648 993 3691 P.
1003 3648 1128 3692 Melchior
1137 3648 1291 3707 Carneyro..
1302 3657 1309 3723 J

406 3718 429 3761 t.
440 3718 468 3761 P.
479 3718 588 3761 Michael
600 3718 720 3760 Baruius.
931 3720 952 3763 5.
964 3720 993 3763 P.
1004 3720 1106 3765 Manoel
1117 3720 1275 3766 Pernandes.
1286 3753 1292 3765 .
1312 3724 1338 3767 in
1348 3726 1410 3769 navi
1419 3725 1473 3769 Sto.
1483 3726 1618 3782 Philippo.

407 3788 428 3831 5.
441 3788 469 3831 Ρ.
479 3788 591 3841 Joannes
602 3788 737 3837 Bocchius,
747 3787 833 3839 belga.
931 3792 952 3835 6.
962 3791 1029 3835 Hum
1039 3792 1127 3835 Irman
1131 3823 1294 3838 ..........
1302 3745 1309 3834 i

406 3860 428 3904 ⁶.
439 3860 467 3903 P.
478 3860 627 3916 Hieronym.
638 3859 750 3903 Concha.
932 3864 953 3906 7.
965 3864 994 3906 P.
1009 3862 1147 3918 jeronymo
1165 3865 1196 3907 de
1213 3864 1296 3909 Caen-

408 3930 429 3975 7.
442 3930 469 3973 P.
480 3932 600 3975 Andreas
611 3928 773 3973 Consalvius.
974 3946 1005 3978 ca
1026 3964 1295 3981 ................

407 4001 430 4045 8.
440 4001 468 4045 Ρ.
479 4001 615 4044 Paschalis
628 4000 802 4044 Catalaunus.
933 4006 955 4049 8.
966 4006 994 4050 P.
1005 4006 1079 4058 Joam
1089 4006 1249 4060 Erarnengo.
1263 4040 1269 4051 .
1286 4039 1292 4051 .

407 4072 429 4117 9.
440 4072 469 4117 F.
489 4073 639 4127 Alpnonsus
656 4071 761 4128 Lopius,
777 4074 878 4118 schola·
934 4078 955 4121 9.
966 4078 1034 4121 Ham
1044 4077 1130 4122 riman
1132 4109 1307 4126 ...........

450 4144 539 4187 uticus.
921 4150 954 4194 10.
966 4150 994 4193 P.
1006 4151 1095 4195 Andre
1106 4150 1263 4205 Genealvez.
1272 4182 1295 4195 ..

393 4214 430 4259 10.
439 4213 470 4258 F.
479 4216 609 4259 Antonius
619 4216 726 4265 Acesta.
736 4218 858 4262 novitius.
922 4222 956 4263 11.
967 4222 996 4265 P.
1008 4222 1135 4266 Paschoal
1146 4186 1342 4298 eaterlam..(1n
1364 4225 1428 4269 navi
1451 4226 1639 4281 conceptione,

422 4284 457 4329 Et
472 4286 499 4331 hi
511 4287 613 4341 quidem
625 4288 650 4330 in
662 4288 827 4342 Aethiopiam
838 4290 880 4333 de·
923 4293 955 4337 12.
973 4294 1059 4337 Irmdu
1083 4294 1189 4338 Adonso
1212 4294 1310 4349 Lopev
1339 4297 1410 4342 dicta
1442 4299 1494 4343 aiio
1521 4299 1639 4355 nomine,

448 4358 627 4403 minabantur.
975 4364 1105 4413 Navarro.
1125 4367 1245 4420 theologo
1265 4367 1296 4409 de
1339 4366 1603 4420 atgaraoaranova.

424 4428 535 4473 Praeter
554 4440 618 4485 quos
635 4430 660 4475 in
678 4432 776 4476 Indiam
798 4434 881 4477 solve·
976 4439 1214 4493 muytobotalento
1218 4467 1295 4481 .....

449 4508 518 4552 runt.
535 4500 606 4545 Gone
622 4503 763 4547 latinitatb
777 4504 881 4549 scholas

448 4572 570 4625 habituri,
582 4573 640 4627 duo,
650 4575 759 4619 scilicet.

396 4643 430 4687 11.
441 4642 543 4687 Marcus
553 4642 679 4689 Nunnius.

397 4714 429 4759 12.
440 4712 567 4768 josephus
579 4715 708 4759 Riberius.

1300 3445 1338 3543 (In
1346 3478 1407 3519 navi
1418 3476 1504 3519 Nossa
1510 3476 1631 3520 Senhora

1297 3553 1304 3619 Ι
1336 3548 1372 3590 da
1382 3548 1480 3592 Barca.

1310 3902 1340 3947 In
1353 3905 1416 3948 navi
1431 3904 1637 3959 mammone,

1336 3976 1388 4019 aiio
1402 3977 1503 4020 nomine
1521 3976 1633 4029 atgara-

1337 4046 1383 4088 via
1393 4057 1409 4089 a
1420 4046 1508 4089 veiha.
