3717 5400
367 482 423 542 690
820 482 949 544 Canon.
969 483 1047 544 Soc.
1070 483 1142 559 Jas.

367 638 440 692 tres
454 628 608 692 habebat
622 645 744 709 naveS,
762 647 843 694 cum
857 631 967 694 choro
982 637 1017 694 et
1031 628 1172 694 sedibus
1186 639 1222 695 et
1236 629 1361 710 maiori
1377 632 1482 694 altari
1493 639 1528 694 et
1539 649 1598 695 sa·

366 735 503 814 cristia;
530 753 620 816 quae
645 737 764 800 omnia
789 753 810 799 a
835 736 937 800 fabro
963 736 1075 800 incisa
1100 738 1347 817 pereleganter
1371 743 1528 817 lucrant3
1555 740 1595 802 in

366 842 466 924 cujus
480 843 631 908 circuitu
646 844 779 925 aliquot
801 843 967 908 monachi
987 844 1206 923 habitabant,
1227 856 1262 907 et
1285 845 1322 908 in
1341 845 1492 909 circuitu
1511 848 1594 927 agri

364 959 467 1013 erant
481 950 527 1013 ad
542 967 599 1014 res
612 951 722 1014 victui
736 951 961 1015 necessarias
974 951 1222 1032 producendas
1237 953 1321 1032 apti.

364 1085 369 1094 ·
425 1055 512 1120 1914.
556 1055 651 1120 Situs
665 1057 759 1120 illius
774 1057 876 1137 regni
888 1055 1060 1136 ejusmodi
1071 1068 1136 1137 est,
1150 1067 1188 1122 ut
1198 1058 1437 1139 quadraginta
1450 1060 1530 1138 viri,
1544 1077 1592 1124 ex

362 1163 489 1244 quibus
513 1181 577 1244 per
605 1165 704 1227 vices
728 1163 851 1228 decem
876 1173 1025 1244 possunt
1048 1181 1221 1244 pugnare,
1248 1164 1420 1228 obsistere
1444 1175 1589 1246 possent

361 1271 534 1335 exercitui
559 1281 757 1350 turcarum,
784 1287 828 1333 ne
857 1270 903 1333 ad
927 1271 1098 1334 ulteriora
1125 1271 1416 1352 progrederetur,
1443 1281 1594 1352 propter

360 1378 517 1454 vallium,
545 1377 636 1441 inter
657 1385 795 1441 montes
814 1376 1005 1440 admodum
1024 1394 1182 1457 asperoS,
1204 1378 1401 1457 angustias,
1427 1377 1594 1456 Quattuor

359 1487 417 1548 vel
441 1484 593 1565 quinque
615 1485 740 1558 leucae
768 1492 904 1547 tantum
928 1483 1078 1563 singulis
1097 1483 1220 1548 diebus
1235 1484 1320 1549 -fieri
1344 1495 1524 1566 poterant;
1551 1494 1589 1548 et

358 1601 439 1672 post
451 1590 633 1654 meridiem
645 1591 734 1654 duas
746 1590 854 1653 horas
866 1590 1127 1654 subsistendum
1139 1601 1216 1654 erat
1227 1602 1266 1655 ut
1273 1591 1432 1671 jumenta
1443 1601 1588 1672 possent

358 1715 518 1778 pascere,
545 1715 636 1778 quae
655 1707 763 1760 noctu
783 1697 922 1777 alligari
942 1697 1128 1778 oportebat
1146 1715 1227 1761 cum
1245 1698 1364 1762 multis
1383 1699 1525 1778 ignibus
1547 1698 1587 1762 in

358 1805 510 1868 circuitu
524 1815 669 1885 propter
683 1805 824 1868 leonum
838 1803 1108 1868 multitudinem.

420 1911 507 1975 1915.
554 1909 693 1974 Accidit
715 1920 833 1974 autem
854 1919 893 1974 ut
907 1909 946 1974 P.
968 1909 1173 1974 Gonzalvus
1192 1910 1410 1990 Rodriguez,
1430 1920 1470 1974 ut
1491 1911 1586 1992 quie·

355 2019 425 2082 tius
449 2018 557 2082 horas
583 2018 775 2082 canonicas
800 2016 952 2096 diceret,
979 2019 1159 2098 paululum
1184 2036 1206 2082 a
1230 2019 1401 2082 societate
1425 2019 1585 2082 aliorum

353 2125 546 2204 recederet,
562 2134 598 2188 et
612 2141 763 2204 magnus
777 2126 810 2188 ei
824 2126 879 2188 leo
894 2125 1062 2203 occurrit,
1080 2125 1140 2206 qui
1153 2135 1285 2203 tamen,
1302 2124 1379 2189 Deo
1396 2135 1585 2206 protegen·

354 2241 400 2311 te,
417 2231 523 2296 Patre
537 2241 728 2312 conspecto
747 2232 912 2310 recessit,
933 2231 1062 2316 etipse
1081 2231 1127 2295 ad
1145 2230 1262 2295 socios
1284 2233 1378 2295 intra
1402 2248 1585 2313 pugnacu-

353 2341 425 2404 lum
441 2339 533 2418 ignis
549 2339 663 2402 rediit.
785 2409 787 2414 ,

418 2445 505 2509 1816.
552 2445 618 2508 17.1
633 2445 688 2509 die
705 2444 789 2524 Maji
804 2445 849 2508 ad
864 2445 993 2524 locum,
1008 2445 1069 2509 ubi
1083 2456 1160 2509 erat
1174 2445 1252 2509 Rex
1266 2444 1488 2527 Aethiopiae,
1504 2463 1583 2526 per·

351 2563 541 2628 venerunt,
572 2553 631 2633 qui
659 2555 696 2616 in
724 2554 796 2616 lato
824 2551 981 2632 quodam
1008 2569 1134 2632 campo
1159 2569 1240 2616 cum
1268 2552 1429 2632 plurimis
1453 2552 1490 2615 in
1514 2553 1582 2615 cir·

350 2661 448 2725 cuitu
469 2659 543 2742 ejus
568 2660 740 2739 tentoriis,
767 2677 788 2723 a
809 2661 943 2724 nostris
965 2659 1130 2723 inventus
1148 2670 1213 2724 est.
1234 2659 1345 2743 Jussit
1366 2669 1482 2723 autem
1502 2657 1583 2723 Rex

350 2767 563 2848 Aethiopiae
588 2768 594 2799 ¹
619 2779 692 2831 tam
711 2768 879 2831 nuncium
902 2766 1011 2846 Regis
1035 2766 1290 2847 Portugalliae,
1313 2784 1418 2849 quam
1437 2777 1585 2831 nostros

351 2892 432 2939 cum
457 2875 602 2956 reliquis
627 2875 753 2953 sociis,
779 2874 933 2954 hospitio
958 2874 1079 2955 recipi.
1103 2872 1187 2937 Post
1208 2873 1353 2937 biduum
1376 2874 1422 2937 ad
1443 2872 1582 2953 Regem

350 2992 577 3047 accesserunt
602 2982 776 3063 quaedam
801 2982 1023 3045 reverentiae
1048 2981 1164 3060 signa,
1191 2980 1260 3043 illis
1280 2990 1462 3060 consueta,
1485 2982 1584 3044 exci-

349 3089 478 3169 piendo
494 3091 516 3148 ¹.

412 3195 500 3259 1917.
544 3193 696 3259 Sedebat
711 3196 769 3259 ille
783 3196 818 3259 in
835 3194 988 3276 quodam
1002 3194 1144 3274 lectulo,
1161 3211 1267 3275 super
1286 3211 1391 3275 quem
1406 3196 1580 3271 cortinae,

348 3312 384 3368 et
407 3304 596 3367 tentorium
615 3304 753 3382 regium
773 3320 819 3366 ex
837 3300 849 3333 ⁸
869 3302 1130 3383 peristromatis
1149 3300 1289 3379 sericis,
1310 3319 1356 3365 ex
1375 3299 1519 3365 Perside
1543 3309 1581 3364 et

349 3410 517 3475 Ormuzio
539 3411 672 3487 missis,
696 3422 730 3473 et
751 3428 795 3473 ex
815 3409 959 3473 Chairo.
981 3407 1087 3472 Dedit
1110 3418 1228 3471 autem
1247 3408 1279 3471 ci
1301 3407 1461 3472 Didacus
1474 3406 1580 3487 Diaz,

348 3517 457 3597 Regis
473 3516 713 3597 Portugalliae
728 3514 899 3595 Nuncius,
912 3516 1060 3592 litteraS,
1074 3532 1163 3595 quas
1174 3514 1221 3577 ad
1232 3532 1313 3577 eum
1324 3514 1471 3594 serebat,
1488 3531 1581 3595 quas

345 3625 467 3688 statim
487 3625 558 3704 legi
575 3622 679 3703 J'ussit
698 3640 820 3686 coram
840 3622 1002 3686 omnibus
1016 3621 1194 3700 lusitania,
1212 3622 1272 3702 qui
1294 3622 1453 3701 linguam
1468 3622 1578 3685 etiarn

346 3731 584 3811 aethiopicam
599 3730 777 3793 tenebant.

408 3836 497 3901 1918.
540 3836 684 3901 Summa
710 3836 909 3900 litterarum
935 3846 1030 3916 erat,
1052 3835 1146 3917 quod
1166 3836 1326 3917 sequenti
1344 3852 1438 3899 anno
1459 3852 1576 3916 quem·

344 3944 427 4007 dam
442 3962 487 4007 ex
502 3945 575 4007 suis
590 3942 796 4007 domesticis
811 3942 856 4005 ad
871 3960 953 4007 eum
973 3942 1147 4007 missurus
1167 3950 1256 4019 erat,
1272 3959 1353 4006 cum
1372 3941 1491 4023 aliquo
1512 3958 1575 4005 nu·

343 4068 441 4115 mero
457 4051 701 4130 religiosorum
718 4060 865 4114 sanctae
879 4050 976 4114 vitae
990 4061 1025 4113 et
1045 4050 1264 4131 approbatae
1282 4048 1484 4128 doctrinae,
1505 4058 1574 4112 etc.

342 4158 387 4223 Et
401 4176 511 4239 usque
527 4158 616 4221 adeo
636 4166 753 4221 mente
774 4156 945 4221 confusus
962 4157 1028 4221 suit
1048 4158 1105 4221 his
1123 4156 1250 4221 litteris
1264 4155 1410 4234 auditis,
1433 4164 1472 4217 ut
1493 4172 1576 4219 cum

342 4266 454 4331 nostri
469 4264 587 4346 aliqua
603 4265 635 4328 ei
649 4264 824 4343 dicerent,
840 4282 1033 4345 numquam
1053 4264 1099 4327 ad
1117 4281 1194 4327 rem
1211 4262 1449 4344 responderit,
1470 4273 1504 4326 et
1524 4262 1576 4326 ita

340 4374 521 4437 redierunt
534 4356 650 4435 i'rostri
667 4371 712 4435 ad
728 4386 792 4434 sua
807 4372 977 4451 tentoria,
999 4372 1035 4434 in
1051 4371 1176 4453 quibus
1197 4387 1278 4434 cum
1293 4369 1503 4450 quibusdam
1524 4369 1575 4432 lu·

380 4578 388 4612 Ι
417 4576 467 4621 Hic
478 4576 601 4621 librarius
612 4578 755 4631 scripserat
767 4576 962 4631 Portugalliae,
973 4548 1176 4622 sedcmendavit
1187 4581 1258 4621 recte
1269 4573 1398 4620 Sacchini.

379 4648 391 4681 ¹
418 4648 468 4701 Sic;
479 4646 640 4692 exhibendo?
651 4648 715 4692 Vide
728 4648 804 4705 infra,
815 4660 841 4695 11.
852 4648 911 4693 1931.

380 4720 392 4753 ⁸
418 4718 511 4765 linet.
