<?xml version="1.0" encoding="UTF-8"?>
<!DOCTYPE html PUBLIC "-//W3C//DTD XHTML 1.0 Transitional//EN"
    "http://www.w3.org/TR/xhtml1/DTD/xhtml1-transitional.dtd">
<html xmlns="http://www.w3.org/1999/xhtml" xml:lang="en" lang="en">
 <head>
  <title>
</title>
<meta http-equiv="Content-Type" content="text/html;charset=utf-8" />
  <meta name='ocr-system' content='tesseract 3.04.00' />
  <meta name='ocr-capabilities' content='ocr_page ocr_carea ocr_par ocr_line ocrx_word'/>
</head>
<body>
  <div class='ocr_page' id='page_1' title='image "./vitaignatiiloio01polagoog_0134.png"; bbox 0 0 3717 5400; ppageno 0'>
   <div class='ocr_carea' id='block_1_1' title="bbox 350 441 1132 515">
    <p class='ocr_par' dir='ltr' id='par_1_1' title="bbox 350 441 1132 515">
     <span class='ocr_line' id='line_1_1' title="bbox 350 441 1132 515; baseline -0.001 -14"><span class='ocrx_word' id='word_1_1' title='bbox 350 441 406 502; x_wconf 84' lang='grc'><strong>128</strong></span> <span class='ocrx_word' id='word_1_2' title='bbox 813 445 941 505; x_wconf 78' lang='lat' dir='ltr'><strong>Cnaoa.</strong></span> <span class='ocrx_word' id='word_1_3' title='bbox 963 441 1040 502; x_wconf 87' lang='lat' dir='ltr'>Soc.</span> <span class='ocrx_word' id='word_1_4' title='bbox 1061 441 1132 515; x_wconf 79' lang='lat' dir='ltr'><strong>Jas.</strong></span> 
     </span>
    </p>
   </div>
   <div class='ocr_carea' id='block_1_2' title="bbox 346 585 1591 2593">
    <p class='ocr_par' dir='ltr' id='par_1_2' title="bbox 346 585 1586 777">
     <span class='ocr_line' id='line_1_2' title="bbox 346 585 1586 669; baseline -0.001 -18"><span class='ocrx_word' id='word_1_5' title='bbox 346 588 491 651; x_wconf 89' lang='lat' dir='ltr'><strong>emendi</strong></span> <span class='ocrx_word' id='word_1_6' title='bbox 504 587 629 651; x_wconf 91' lang='lat' dir='ltr'><strong>domos</strong></span> <span class='ocrx_word' id='word_1_7' title='bbox 644 588 734 666; x_wconf 66' lang='lat' dir='ltr'><strong>ilias</strong></span> <span class='ocrx_word' id='word_1_8' title='bbox 750 605 840 669; x_wconf 90' lang='lat' dir='ltr'><strong>quas</strong></span> <span class='ocrx_word' id='word_1_9' title='bbox 854 588 970 652; x_wconf 84' lang='lat' dir='ltr'>nostri</span> <span class='ocrx_word' id='word_1_10' title='bbox 985 586 1030 651; x_wconf 88' lang='lat' dir='ltr'><strong>ad</strong></span> <span class='ocrx_word' id='word_1_11' title='bbox 1045 603 1147 651; x_wconf 88' lang='lat' dir='ltr'><strong>suam</strong></span> <span class='ocrx_word' id='word_1_12' title='bbox 1162 587 1418 650; x_wconf 84' lang='lat' dir='ltr'><strong>habitationem</strong></span> <span class='ocrx_word' id='word_1_13' title='bbox 1433 596 1469 650; x_wconf 91' lang='lat' dir='ltr'><strong>et</strong></span> <span class='ocrx_word' id='word_1_14' title='bbox 1484 585 1586 650; x_wconf 89' lang='lat' dir='ltr'><strong>scho-</strong></span> 
     </span>
     <span class='ocr_line' id='line_1_3' title="bbox 351 695 962 777; baseline -0.003 -18"><span class='ocrx_word' id='word_1_15' title='bbox 351 697 467 759; x_wconf 87' lang='lat' dir='ltr'><strong>larum</strong></span> <span class='ocrx_word' id='word_1_16' title='bbox 482 695 768 777; x_wconf 86' lang='lat' dir='ltr'><strong>commoditatem</strong></span> <span class='ocrx_word' id='word_1_17' title='bbox 783 695 962 758; x_wconf 88' lang='lat' dir='ltr'><strong>tenebant.</strong></span> 
     </span>
    </p>

    <p class='ocr_par' dir='ltr' id='par_1_3' title="bbox 346 800 1591 2488">
     <span class='ocr_line' id='line_1_4' title="bbox 410 800 1585 882; baseline -0.002 -16"><span class='ocrx_word' id='word_1_18' title='bbox 410 801 482 866; x_wconf 88' lang='grc'><strong>361.</strong></span> <span class='ocrx_word' id='word_1_19' title='bbox 523 802 719 866; x_wconf 86' lang='lat' dir='ltr'><strong>Admonuit</strong></span> <span class='ocrx_word' id='word_1_20' title='bbox 744 802 836 866; x_wconf 87' lang='lat' dir='ltr'><strong>idem</strong></span> <span class='ocrx_word' id='word_1_21' title='bbox 860 801 900 865; x_wconf 88' lang='lat' dir='ltr'><strong>P.</strong></span> <span class='ocrx_word' id='word_1_22' title='bbox 927 801 1064 866; x_wconf 83' lang='lat' dir='ltr'><strong>Natalis</strong></span> <span class='ocrx_word' id='word_1_23' title='bbox 1090 811 1128 866; x_wconf 91' lang='lat' dir='ltr'><strong>ut</strong></span> <span class='ocrx_word' id='word_1_24' title='bbox 1156 800 1331 882; x_wconf 83' lang='lat' dir='ltr'><strong>quaedam</strong></span> <span class='ocrx_word' id='word_1_25' title='bbox 1360 801 1431 865; x_wconf 88' lang='lat' dir='ltr'><strong>alia</strong></span> <span class='ocrx_word' id='word_1_26' title='bbox 1461 802 1585 865; x_wconf 92' lang='lat' dir='ltr'><strong>domus</strong></span> 
     </span>
     <span class='ocr_line' id='line_1_5' title="bbox 346 907 1586 989; baseline -0.002 -15"><span class='ocrx_word' id='word_1_27' title='bbox 346 911 519 989; x_wconf 85' lang='lat' dir='ltr'><strong>contigua</strong></span> <span class='ocrx_word' id='word_1_28' title='bbox 534 920 722 986; x_wconf 88' lang='lat' dir='ltr'><strong>emeretur,</strong></span> <span class='ocrx_word' id='word_1_29' title='bbox 738 919 777 971; x_wconf 90' lang='lat' dir='ltr'><strong>ut</strong></span> <span class='ocrx_word' id='word_1_30' title='bbox 791 908 1011 972; x_wconf 87' lang='lat' dir='ltr'><strong>commodius</strong></span> <span class='ocrx_word' id='word_1_31' title='bbox 1025 909 1139 972; x_wconf 83' lang='lat' dir='ltr'><strong>nostri</strong></span> <span class='ocrx_word' id='word_1_32' title='bbox 1158 908 1373 972; x_wconf 86' lang='lat' dir='ltr'><strong>habitarent.</strong></span> <span class='ocrx_word' id='word_1_33' title='bbox 1395 907 1586 971; x_wconf 89' lang='lat' dir='ltr'><strong>Constituit</strong></span> 
     </span>
     <span class='ocr_line' id='line_1_6' title="bbox 350 1014 1584 1096; baseline -0.002 -16"><span class='ocrx_word' id='word_1_34' title='bbox 350 1026 472 1080; x_wconf 86' lang='lat' dir='ltr'><strong>autem</strong></span> <span class='ocrx_word' id='word_1_35' title='bbox 487 1034 530 1080; x_wconf 90' lang='lat' dir='ltr'><strong>ne</strong></span> <span class='ocrx_word' id='word_1_36' title='bbox 544 1014 772 1079; x_wconf 89' lang='lat' dir='ltr'><strong>aedificarent</strong></span> <span class='ocrx_word' id='word_1_37' title='bbox 785 1016 978 1095; x_wconf 86' lang='lat' dir='ltr'><strong>quidquam</strong></span> <span class='ocrx_word' id='word_1_38' title='bbox 988 1014 1085 1096; x_wconf 81' lang='lat' dir='ltr'><strong>novi,</strong></span> <span class='ocrx_word' id='word_1_39' title='bbox 1103 1016 1166 1079; x_wconf 90' lang='lat' dir='ltr'><strong>sed</strong></span> <span class='ocrx_word' id='word_1_40' title='bbox 1179 1024 1318 1078; x_wconf 89' lang='lat' dir='ltr'><strong>tantum</strong></span> <span class='ocrx_word' id='word_1_41' title='bbox 1334 1016 1478 1078; x_wconf 88' lang='lat' dir='ltr'><strong>scholas</strong></span> <span class='ocrx_word' id='word_1_42' title='bbox 1489 1015 1524 1078; x_wconf 91' lang='lat' dir='ltr'><strong>in</strong></span> <span class='ocrx_word' id='word_1_43' title='bbox 1536 1015 1584 1077; x_wconf 90' lang='lat' dir='ltr'><strong>in·</strong></span> 
     </span>
     <span class='ocr_line' id='line_1_7' title="bbox 351 1119 1587 1205; baseline -0.002 -18"><span class='ocrx_word' id='word_1_44' title='bbox 351 1123 473 1188; x_wconf 87' lang='lat' dir='ltr'><strong>feriori</strong></span> <span class='ocrx_word' id='word_1_45' title='bbox 484 1133 585 1205; x_wconf 88' lang='lat' dir='ltr'><strong>parte</strong></span> <span class='ocrx_word' id='word_1_46' title='bbox 596 1121 798 1202; x_wconf 87' lang='lat' dir='ltr'><strong>hujusmodi</strong></span> <span class='ocrx_word' id='word_1_47' title='bbox 809 1123 995 1187; x_wconf 91' lang='lat' dir='ltr'><strong>domorum</strong></span> <span class='ocrx_word' id='word_1_48' title='bbox 1005 1123 1273 1186; x_wconf 86' lang='lat' dir='ltr'><strong>concinnarent.</strong></span> <span class='ocrx_word' id='word_1_49' title='bbox 1283 1119 1353 1186; x_wconf 88' lang='lat' dir='ltr'><strong>Sed</strong></span> <span class='ocrx_word' id='word_1_50' title='bbox 1361 1139 1445 1185; x_wconf 89' lang='lat' dir='ltr'><strong>ecce</strong></span> <span class='ocrx_word' id='word_1_51' title='bbox 1456 1121 1539 1186; x_wconf 90' lang='lat' dir='ltr'><strong>dum</strong></span> <span class='ocrx_word' id='word_1_52' title='bbox 1552 1120 1587 1184; x_wconf 90' lang='lat' dir='ltr'><strong>id</strong></span> 
     </span>
     <span class='ocr_line' id='line_1_8' title="bbox 348 1230 1585 1310; baseline -0.001 -17"><span class='ocrx_word' id='word_1_53' title='bbox 348 1230 680 1308; x_wconf 86' lang='lat' dir='ltr'><strong>faceremoliuntur,</strong></span> <span class='ocrx_word' id='word_1_54' title='bbox 690 1230 989 1310; x_wconf 88' lang='lat' dir='ltr'><strong>parietesantiqui</strong></span> <span class='ocrx_word' id='word_1_55' title='bbox 1001 1239 1035 1292; x_wconf 91' lang='lat' dir='ltr'><strong>et</strong></span> <span class='ocrx_word' id='word_1_56' title='bbox 1044 1230 1300 1309; x_wconf 88' lang='lat' dir='ltr'><strong>tectumipsum</strong></span> <span class='ocrx_word' id='word_1_57' title='bbox 1311 1231 1362 1292; x_wconf 89' lang='lat' dir='ltr'><strong>sic</strong></span> <span class='ocrx_word' id='word_1_58' title='bbox 1374 1239 1509 1293; x_wconf 91' lang='lat' dir='ltr'><strong>motum</strong></span> <span class='ocrx_word' id='word_1_59' title='bbox 1520 1239 1585 1303; x_wconf 88' lang='lat' dir='ltr'><strong>est,</strong></span> 
     </span>
     <span class='ocr_line' id='line_1_9' title="bbox 353 1336 1587 1415; baseline -0.002 -14"><span class='ocrx_word' id='word_1_60' title='bbox 353 1345 391 1401; x_wconf 91' lang='lat' dir='ltr'><strong>ut</strong></span> <span class='ocrx_word' id='word_1_61' title='bbox 405 1338 549 1401; x_wconf 90' lang='lat' dir='ltr'><strong>omnino</strong></span> <span class='ocrx_word' id='word_1_62' title='bbox 564 1337 803 1401; x_wconf 87' lang='lat' dir='ltr'><strong>aedificationi</strong></span> <span class='ocrx_word' id='word_1_63' title='bbox 823 1355 950 1400; x_wconf 90' lang='lat' dir='ltr'><strong>manus</strong></span> <span class='ocrx_word' id='word_1_64' title='bbox 964 1337 1071 1401; x_wconf 82' lang='lat' dir='ltr'><strong>suerit</strong></span> <span class='ocrx_word' id='word_1_65' title='bbox 1086 1336 1325 1415; x_wconf 86' lang='lat' dir='ltr'><strong>admovenda;</strong></span> <span class='ocrx_word' id='word_1_66' title='bbox 1343 1345 1377 1400; x_wconf 88' lang='lat' dir='ltr'><strong>et</strong></span> <span class='ocrx_word' id='word_1_67' title='bbox 1391 1337 1458 1414; x_wconf 82' lang='lat' dir='ltr'><strong>ita,</strong></span> <span class='ocrx_word' id='word_1_68' title='bbox 1475 1337 1587 1398; x_wconf 91' lang='lat' dir='ltr'><strong>archi·</strong></span> 
     </span>
     <span class='ocr_line' id='line_1_10' title="bbox 350 1441 1587 1524; baseline -0.001 -16"><span class='ocrx_word' id='word_1_69' title='bbox 350 1453 448 1508; x_wconf 88' lang='lat' dir='ltr'><strong>tecto</strong></span> <span class='ocrx_word' id='word_1_70' title='bbox 460 1445 648 1523; x_wconf 80' lang='lat' dir='ltr'><strong>advocate,</strong></span> <span class='ocrx_word' id='word_1_71' title='bbox 662 1462 747 1507; x_wconf 90' lang='lat' dir='ltr'><strong>area</strong></span> <span class='ocrx_word' id='word_1_72' title='bbox 758 1443 935 1524; x_wconf 88' lang='lat' dir='ltr'><strong>quaedam</strong></span> <span class='ocrx_word' id='word_1_73' title='bbox 945 1444 1071 1508; x_wconf 91' lang='lat' dir='ltr'><strong>domus</strong></span> <span class='ocrx_word' id='word_1_74' title='bbox 1081 1441 1196 1523; x_wconf 88' lang='lat' dir='ltr'><strong>major</strong></span> <span class='ocrx_word' id='word_1_75' title='bbox 1208 1443 1303 1507; x_wconf 87' lang='lat' dir='ltr'><strong>facta</strong></span> <span class='ocrx_word' id='word_1_76' title='bbox 1316 1454 1381 1521; x_wconf 91' lang='lat' dir='ltr'><strong>est,</strong></span> <span class='ocrx_word' id='word_1_77' title='bbox 1394 1453 1429 1506; x_wconf 92' lang='lat' dir='ltr'><strong>et</strong></span> <span class='ocrx_word' id='word_1_78' title='bbox 1440 1442 1587 1507; x_wconf 86' lang='lat' dir='ltr'><strong>reiecto·</strong></span> 
     </span>
     <span class='ocr_line' id='line_1_11' title="bbox 349 1550 1589 1630; baseline -0.002 -15"><span class='ocrx_word' id='word_1_79' title='bbox 349 1551 445 1616; x_wconf 88' lang='lat' dir='ltr'><strong>rium</strong></span> <span class='ocrx_word' id='word_1_80' title='bbox 460 1568 540 1615; x_wconf 94' lang='lat' dir='ltr'><strong>cum</strong></span> <span class='ocrx_word' id='word_1_81' title='bbox 555 1551 674 1614; x_wconf 89' lang='lat' dir='ltr'><strong>culina</strong></span> <span class='ocrx_word' id='word_1_82' title='bbox 689 1559 723 1613; x_wconf 91' lang='lat' dir='ltr'><strong>et</strong></span> <span class='ocrx_word' id='word_1_83' title='bbox 737 1551 882 1630; x_wconf 90' lang='lat' dir='ltr'><strong>scholis,</strong></span> <span class='ocrx_word' id='word_1_84' title='bbox 899 1567 990 1630; x_wconf 90' lang='lat' dir='ltr'><strong>quae</strong></span> <span class='ocrx_word' id='word_1_85' title='bbox 1007 1551 1150 1614; x_wconf 88' lang='lat' dir='ltr'><strong>omnino</strong></span> <span class='ocrx_word' id='word_1_86' title='bbox 1167 1551 1211 1614; x_wconf 91' lang='lat' dir='ltr'><strong>ab</strong></span> <span class='ocrx_word' id='word_1_87' title='bbox 1227 1550 1445 1614; x_wconf 88' lang='lat' dir='ltr'><strong>habitatione</strong></span> <span class='ocrx_word' id='word_1_88' title='bbox 1461 1551 1589 1614; x_wconf 93' lang='lat' dir='ltr'><strong>domus</strong></span> 
     </span>
     <span class='ocr_line' id='line_1_12' title="bbox 349 1657 1589 1738; baseline -0.002 -16"><span class='ocrx_word' id='word_1_89' title='bbox 349 1668 496 1722; x_wconf 91' lang='lat' dir='ltr'><strong>nostrae</strong></span> <span class='ocrx_word' id='word_1_90' title='bbox 511 1666 699 1738; x_wconf 85' lang='lat' dir='ltr'><strong>separatae</strong></span> <span class='ocrx_word' id='word_1_91' title='bbox 718 1657 880 1738; x_wconf 88' lang='lat' dir='ltr'><strong>fuerunt;</strong></span> <span class='ocrx_word' id='word_1_92' title='bbox 901 1666 937 1720; x_wconf 93' lang='lat' dir='ltr'><strong>et</strong></span> <span class='ocrx_word' id='word_1_93' title='bbox 955 1659 1191 1738; x_wconf 86' lang='lat' dir='ltr'><strong>septingentis</strong></span> <span class='ocrx_word' id='word_1_94' title='bbox 1212 1658 1331 1720; x_wconf 90' lang='lat' dir='ltr'><strong>aureis</strong></span> <span class='ocrx_word' id='word_1_95' title='bbox 1351 1675 1441 1738; x_wconf 93' lang='lat' dir='ltr'><strong>opus</strong></span> <span class='ocrx_word' id='word_1_96' title='bbox 1466 1657 1589 1722; x_wconf 87' lang='lat' dir='ltr'><strong>habuit</strong></span> 
     </span>
     <span class='ocr_line' id='line_1_13' title="bbox 352 1763 1585 1845; baseline -0.001 -16"><span class='ocrx_word' id='word_1_97' title='bbox 352 1763 392 1830; x_wconf 91' lang='lat' dir='ltr'><strong>P.</strong></span> <span class='ocrx_word' id='word_1_98' title='bbox 407 1763 437 1828; x_wconf 93' lang='lat' dir='ltr'>F</span> <span class='ocrx_word' id='word_1_99' title='bbox 438 1766 632 1843; x_wconf 90' lang='lat' dir='ltr'><strong>ranciscus,</strong></span> <span class='ocrx_word' id='word_1_100' title='bbox 650 1765 781 1845; x_wconf 90' lang='lat' dir='ltr'><strong>partim</strong></span> <span class='ocrx_word' id='word_1_101' title='bbox 795 1765 840 1828; x_wconf 90' lang='lat' dir='ltr'><strong>ad</strong></span> <span class='ocrx_word' id='word_1_102' title='bbox 855 1783 988 1828; x_wconf 90' lang='lat' dir='ltr'><strong>novam</strong></span> <span class='ocrx_word' id='word_1_103' title='bbox 1003 1766 1100 1828; x_wconf 90' lang='lat' dir='ltr'><strong>iliam</strong></span> <span class='ocrx_word' id='word_1_104' title='bbox 1114 1765 1366 1829; x_wconf 89' lang='lat' dir='ltr'><strong>domunculam</strong></span> <span class='ocrx_word' id='word_1_105' title='bbox 1388 1765 1585 1844; x_wconf 82' lang='lat' dir='ltr'><strong>emendam,</strong></span> 
     </span>
     <span class='ocr_line' id='line_1_14' title="bbox 355 1871 1588 1954; baseline -0.001 -19"><span class='ocrx_word' id='word_1_106' title='bbox 355 1889 447 1954; x_wconf 90' lang='lat' dir='ltr'><strong>quae</strong></span> <span class='ocrx_word' id='word_1_107' title='bbox 462 1872 624 1935; x_wconf 92' lang='lat' dir='ltr'><strong>ducentis</strong></span> <span class='ocrx_word' id='word_1_108' title='bbox 637 1871 757 1935; x_wconf 89' lang='lat' dir='ltr'><strong>aureis</strong></span> <span class='ocrx_word' id='word_1_109' title='bbox 772 1871 941 1952; x_wconf 88' lang='lat' dir='ltr'><strong>constitit,</strong></span> <span class='ocrx_word' id='word_1_110' title='bbox 954 1882 990 1934; x_wconf 88' lang='lat' dir='ltr'><strong>et</strong></span> <span class='ocrx_word' id='word_1_111' title='bbox 1004 1882 1043 1936; x_wconf 91' lang='lat' dir='ltr'><strong>ut</strong></span> <span class='ocrx_word' id='word_1_112' title='bbox 1057 1871 1333 1936; x_wconf 88' lang='lat' dir='ltr'><strong>aedificarentur</strong></span> <span class='ocrx_word' id='word_1_113' title='bbox 1348 1880 1382 1934; x_wconf 89' lang='lat' dir='ltr'><strong>et</strong></span> <span class='ocrx_word' id='word_1_114' title='bbox 1399 1872 1588 1934; x_wconf 89' lang='lat' dir='ltr'><strong>concinna·</strong></span> 
     </span>
     <span class='ocr_line' id='line_1_15' title="bbox 354 1977 1586 2060; baseline 0 -18"><span class='ocrx_word' id='word_1_115' title='bbox 354 1988 478 2042; x_wconf 83' lang='lat' dir='ltr'><strong>rentur</strong></span> <span class='ocrx_word' id='word_1_116' title='bbox 492 1989 645 2043; x_wconf 89' lang='lat' dir='ltr'><strong>caetera.</strong></span> <span class='ocrx_word' id='word_1_117' title='bbox 662 1977 789 2042; x_wconf 88' lang='lat' dir='ltr'><strong>Statim</strong></span> <span class='ocrx_word' id='word_1_118' title='bbox 803 1989 921 2041; x_wconf 88' lang='lat' dir='ltr'><strong>autem</strong></span> <span class='ocrx_word' id='word_1_119' title='bbox 936 1978 1219 2059; x_wconf 87' lang='lat' dir='ltr'><strong>quadringentos</strong></span> <span class='ocrx_word' id='word_1_120' title='bbox 1227 1979 1373 2056; x_wconf 89' lang='lat' dir='ltr'><strong>invenit,</strong></span> <span class='ocrx_word' id='word_1_121' title='bbox 1391 1989 1425 2042; x_wconf 91' lang='lat' dir='ltr'><strong>et</strong></span> <span class='ocrx_word' id='word_1_122' title='bbox 1440 1979 1586 2060; x_wconf 87' lang='lat' dir='ltr'><strong>Episco-</strong></span> 
     </span>
     <span class='ocr_line' id='line_1_16' title="bbox 356 2083 1589 2167; baseline 0 -18"><span class='ocrx_word' id='word_1_123' title='bbox 356 2103 423 2167; x_wconf 90' lang='lat' dir='ltr'><strong>pus</strong></span> <span class='ocrx_word' id='word_1_124' title='bbox 431 2086 663 2150; x_wconf 87' lang='lat' dir='ltr'><strong>Bononiensis</strong></span> <span class='ocrx_word' id='word_1_125' title='bbox 675 2096 829 2165; x_wconf 89' lang='lat' dir='ltr'><strong>centum,</strong></span> <span class='ocrx_word' id='word_1_126' title='bbox 843 2094 877 2148; x_wconf 92' lang='lat' dir='ltr'><strong>et</strong></span> <span class='ocrx_word' id='word_1_127' title='bbox 889 2083 934 2149; x_wconf 90' lang='lat' dir='ltr'><strong>D.</strong></span> <span class='ocrx_word' id='word_1_128' title='bbox 949 2086 1106 2150; x_wconf 90' lang='lat' dir='ltr'><strong>Thomas</strong></span> <span class='ocrx_word' id='word_1_129' title='bbox 1119 2086 1241 2162; x_wconf 89' lang='lat' dir='ltr'><strong>Lilius,</strong></span> <span class='ocrx_word' id='word_1_130' title='bbox 1255 2095 1378 2166; x_wconf 89' lang='lat' dir='ltr'><strong>postea</strong></span> <span class='ocrx_word' id='word_1_131' title='bbox 1390 2086 1589 2166; x_wconf 89' lang='lat' dir='ltr'><strong>Episcopus</strong></span> 
     </span>
     <span class='ocr_line' id='line_1_17' title="bbox 358 2188 1591 2272; baseline 0.001 -15"><span class='ocrx_word' id='word_1_132' title='bbox 358 2188 515 2257; x_wconf 89' lang='lat' dir='ltr'><strong>Soranus</strong></span> <span class='ocrx_word' id='word_1_133' title='bbox 532 2192 552 2272; x_wconf 89' lang='lat'><strong>¹,</strong></span> <span class='ocrx_word' id='word_1_134' title='bbox 580 2193 735 2266; x_wconf 90' lang='lat' dir='ltr'><strong>totidem;</strong></span> <span class='ocrx_word' id='word_1_135' title='bbox 764 2193 824 2256; x_wconf 91' lang='lat' dir='ltr'><strong>alii</strong></span> <span class='ocrx_word' id='word_1_136' title='bbox 850 2193 956 2256; x_wconf 91' lang='lat' dir='ltr'><strong>amici</strong></span> <span class='ocrx_word' id='word_1_137' title='bbox 982 2193 1154 2257; x_wconf 91' lang='lat' dir='ltr'><strong>ducentos</strong></span> <span class='ocrx_word' id='word_1_138' title='bbox 1179 2193 1267 2256; x_wconf 91' lang='lat' dir='ltr'><strong>alios</strong></span> <span class='ocrx_word' id='word_1_139' title='bbox 1293 2195 1528 2257; x_wconf 89' lang='lat' dir='ltr'><strong>contuleruut.</strong></span> <span class='ocrx_word' id='word_1_140' title='bbox 1545 2193 1591 2258; x_wconf 91' lang='lat' dir='ltr'><strong>Et</strong></span> 
     </span>
     <span class='ocr_line' id='line_1_18' title="bbox 357 2299 1587 2381; baseline 0.001 -18"><span class='ocrx_word' id='word_1_141' title='bbox 357 2299 451 2379; x_wconf 93' lang='lat' dir='ltr'><strong>quod</strong></span> <span class='ocrx_word' id='word_1_142' title='bbox 466 2301 640 2381; x_wconf 90' lang='lat' dir='ltr'><strong>reliquum</strong></span> <span class='ocrx_word' id='word_1_143' title='bbox 654 2310 743 2377; x_wconf 87' lang='lat' dir='ltr'><strong>erat,</strong></span> <span class='ocrx_word' id='word_1_144' title='bbox 758 2300 932 2380; x_wconf 87' lang='lat' dir='ltr'><strong>paulatim</strong></span> <span class='ocrx_word' id='word_1_145' title='bbox 946 2317 984 2363; x_wconf 89' lang='lat' dir='ltr'><strong>se</strong></span> <span class='ocrx_word' id='word_1_146' title='bbox 1000 2300 1205 2363; x_wconf 90' lang='lat' dir='ltr'><strong>habiturum</strong></span> <span class='ocrx_word' id='word_1_147' title='bbox 1220 2299 1257 2363; x_wconf 90' lang='lat' dir='ltr'><strong>P.</strong></span> <span class='ocrx_word' id='word_1_148' title='bbox 1273 2300 1488 2363; x_wconf 90' lang='lat' dir='ltr'><strong>Franciscus</strong></span> <span class='ocrx_word' id='word_1_149' title='bbox 1509 2299 1587 2364; x_wconf 90' lang='lat' dir='ltr'><strong>Pal·</strong></span> 
     </span>
     <span class='ocr_line' id='line_1_19' title="bbox 356 2407 641 2488; baseline -0.004 -19"><span class='ocrx_word' id='word_1_150' title='bbox 356 2408 450 2470; x_wconf 91' lang='lat' dir='ltr'><strong>mius</strong></span> <span class='ocrx_word' id='word_1_151' title='bbox 462 2407 641 2488; x_wconf 88' lang='lat' dir='ltr'><strong>sperabat.</strong></span> 
     </span>
    </p>

    <p class='ocr_par' dir='ltr' id='par_1_4' title="bbox 418 2513 1044 2593">
     <span class='ocr_line' id='line_1_20' title="bbox 418 2513 1044 2593; baseline -0.008 -15"><span class='ocrx_word' id='word_1_152' title='bbox 418 2513 463 2578; x_wconf 91' lang='lat' dir='ltr'><strong>Et</strong></span> <span class='ocrx_word' id='word_1_153' title='bbox 476 2515 566 2578; x_wconf 88' lang='lat' dir='ltr'><strong>haec</strong></span> <span class='ocrx_word' id='word_1_154' title='bbox 582 2515 625 2577; x_wconf 89' lang='lat' dir='ltr'><strong>de</strong></span> <span class='ocrx_word' id='word_1_155' title='bbox 640 2514 855 2578; x_wconf 89' lang='lat' dir='ltr'><strong>Bononiensi</strong></span> <span class='ocrx_word' id='word_1_156' title='bbox 870 2514 1044 2593; x_wconf 80' lang='lat' dir='ltr'><strong>Collegio</strong></span> 
     </span>
    </p>
   </div>
   <div class='ocr_carea' id='block_1_3' title="bbox 643 2937 1302 3005">
    <p class='ocr_par' dir='ltr' id='par_1_5' title="bbox 643 2937 1302 3005">
     <span class='ocr_line' id='line_1_21' title="bbox 643 2937 1302 3005; baseline 0.005 -3"><span class='ocrx_word' id='word_1_157' title='bbox 643 2937 709 3002; x_wconf 88' lang='lat' dir='ltr'><strong>DE</strong></span> <span class='ocrx_word' id='word_1_158' title='bbox 730 2939 962 3004; x_wconf 87' lang='lat' dir='ltr'><strong>COLLEGIO</strong></span> <span class='ocrx_word' id='word_1_159' title='bbox 989 2938 1302 3005; x_wconf 79' lang='lat' dir='ltr'><strong>FERRARIENSI</strong></span> 
     </span>
    </p>
   </div>
   <div class='ocr_carea' id='block_1_4' title="bbox 353 3257 1592 3874">
    <p class='ocr_par' dir='ltr' id='par_1_6' title="bbox 353 3257 1592 3874">
     <span class='ocr_line' id='line_1_22' title="bbox 418 3257 1590 3345; baseline 0.005 -25"><span class='ocrx_word' id='word_1_160' title='bbox 418 3257 489 3320; x_wconf 76' lang='lat'>362.</span> <span class='ocrx_word' id='word_1_161' title='bbox 533 3258 636 3323; x_wconf 84' lang='lat' dir='ltr'><strong>Initio</strong></span> <span class='ocrx_word' id='word_1_162' title='bbox 651 3261 755 3341; x_wconf 86' lang='lat' dir='ltr'><strong>hujus</strong></span> <span class='ocrx_word' id='word_1_163' title='bbox 766 3262 851 3323; x_wconf 85' lang='lat' dir='ltr'><strong>anni</strong></span> <span class='ocrx_word' id='word_1_164' title='bbox 865 3261 1024 3324; x_wconf 85' lang='lat' dir='ltr'><strong>sexdeim</strong></span> <span class='ocrx_word' id='word_1_165' title='bbox 1037 3278 1082 3325; x_wconf 87' lang='lat' dir='ltr'><strong>ex</strong></span> <span class='ocrx_word' id='word_1_166' title='bbox 1096 3263 1229 3325; x_wconf 91' lang='lat' dir='ltr'><strong>nostris</strong></span> <span class='ocrx_word' id='word_1_167' title='bbox 1241 3264 1305 3326; x_wconf 93' lang='lat' dir='ltr'><strong>sub</strong></span> <span class='ocrx_word' id='word_1_168' title='bbox 1321 3260 1357 3325; x_wconf 89' lang='grc' dir='ltr'><strong>Ρ.</strong></span> <span class='ocrx_word' id='word_1_169' title='bbox 1370 3262 1590 3345; x_wconf 88' lang='lat' dir='ltr'><strong>JoannePel·</strong></span> 
     </span>
     <span class='ocr_line' id='line_1_23' title="bbox 358 3364 1592 3448; baseline 0.005 -21"><span class='ocrx_word' id='word_1_170' title='bbox 358 3364 1029 3446; x_wconf 84' lang='lat' dir='ltr'><strong>letarioFerrariaeversabantur;nam</strong></span> <span class='ocrx_word' id='word_1_171' title='bbox 1043 3370 1157 3448; x_wconf 91' lang='lat' dir='ltr'><strong>primo</strong></span> <span class='ocrx_word' id='word_1_172' title='bbox 1169 3368 1246 3448; x_wconf 94' lang='lat' dir='ltr'><strong>ipso</strong></span> <span class='ocrx_word' id='word_1_173' title='bbox 1260 3370 1344 3433; x_wconf 90' lang='lat' dir='ltr'><strong>anni</strong></span> <span class='ocrx_word' id='word_1_174' title='bbox 1354 3370 1409 3433; x_wconf 88' lang='lat' dir='ltr'><strong>die</strong></span> <span class='ocrx_word' id='word_1_175' title='bbox 1423 3369 1592 3433; x_wconf 89' lang='lat' dir='ltr'><strong>sacerdos</strong></span> 
     </span>
     <span class='ocr_line' id='line_1_24' title="bbox 353 3472 1589 3557; baseline 0.005 -24"><span class='ocrx_word' id='word_1_176' title='bbox 353 3472 502 3551; x_wconf 90' lang='lat' dir='ltr'><strong>quidam</strong></span> <span class='ocrx_word' id='word_1_177' title='bbox 517 3472 591 3535; x_wconf 88' lang='lat' dir='ltr'><strong>iere</strong></span> <span class='ocrx_word' id='word_1_178' title='bbox 606 3475 753 3553; x_wconf 87' lang='lat' dir='ltr'><strong>triginta</strong></span> <span class='ocrx_word' id='word_1_179' title='bbox 773 3492 960 3551; x_wconf 85' lang='lat' dir='ltr'><strong>annorum,</strong></span> <span class='ocrx_word' id='word_1_180' title='bbox 983 3475 1026 3539; x_wconf 92' lang='lat' dir='ltr'><strong>U.</strong></span> <span class='ocrx_word' id='word_1_181' title='bbox 1042 3474 1073 3557; x_wconf 92' lang='lat' dir='ltr'><strong>J.</strong></span> <span class='ocrx_word' id='word_1_182' title='bbox 1101 3474 1248 3553; x_wconf 83' lang='lat' dir='ltr'><strong>Doctor,</strong></span> <span class='ocrx_word' id='word_1_183' title='bbox 1271 3477 1387 3555; x_wconf 86' lang='lat' dir='ltr'><strong>patria</strong></span> <span class='ocrx_word' id='word_1_184' title='bbox 1408 3476 1589 3540; x_wconf 85' lang='lat' dir='ltr'><strong>anconita-</strong></span> 
     </span>
     <span class='ocr_line' id='line_1_25' title="bbox 357 3580 1589 3661; baseline 0.005 -21"><span class='ocrx_word' id='word_1_185' title='bbox 357 3595 437 3657; x_wconf 66' lang='lat' dir='ltr'><strong>nus</strong></span> <span class='ocrx_word' id='word_1_186' title='bbox 451 3596 494 3641; x_wconf 90' lang='lat' dir='ltr'><strong>ac</strong></span> <span class='ocrx_word' id='word_1_187' title='bbox 506 3581 700 3659; x_wconf 89' lang='lat' dir='ltr'><strong>praeclaris</strong></span> <span class='ocrx_word' id='word_1_188' title='bbox 714 3580 853 3643; x_wconf 89' lang='lat' dir='ltr'><strong>dotibus</strong></span> <span class='ocrx_word' id='word_1_189' title='bbox 868 3581 1061 3661; x_wconf 84' lang='lat' dir='ltr'><strong>praeditus,</strong></span> <span class='ocrx_word' id='word_1_190' title='bbox 1076 3582 1220 3644; x_wconf 91' lang='lat' dir='ltr'><strong>domum</strong></span> <span class='ocrx_word' id='word_1_191' title='bbox 1236 3600 1277 3645; x_wconf 96' lang='lat' dir='ltr'><strong>eo</strong></span> <span class='ocrx_word' id='word_1_192' title='bbox 1292 3582 1411 3646; x_wconf 90' lang='lat' dir='ltr'><strong>animo</strong></span> <span class='ocrx_word' id='word_1_193' title='bbox 1425 3584 1533 3661; x_wconf 88' lang='lat' dir='ltr'><strong>venit,</strong></span> <span class='ocrx_word' id='word_1_194' title='bbox 1551 3594 1589 3647; x_wconf 92' lang='lat' dir='ltr'><strong>ut</strong></span> 
     </span>
     <span class='ocr_line' id='line_1_26' title="bbox 358 3683 1589 3771; baseline 0.003 -22"><span class='ocrx_word' id='word_1_195' title='bbox 358 3702 398 3749; x_wconf 91' lang='lat' dir='ltr'><strong>se</strong></span> <span class='ocrx_word' id='word_1_196' title='bbox 410 3683 578 3749; x_wconf 89' lang='lat' dir='ltr'><strong>Societati</strong></span> <span class='ocrx_word' id='word_1_197' title='bbox 590 3697 757 3767; x_wconf 89' lang='lat' dir='ltr'><strong>perpetuo</strong></span> <span class='ocrx_word' id='word_1_198' title='bbox 768 3688 870 3750; x_wconf 88' lang='lat' dir='ltr'><strong>daret</strong></span> <span class='ocrx_word' id='word_1_199' title='bbox 882 3688 1223 3767; x_wconf 86' lang='lat' dir='ltr'><strong>quamvisexercitia</strong></span> <span class='ocrx_word' id='word_1_200' title='bbox 1236 3688 1433 3769; x_wconf 86' lang='lat' dir='ltr'><strong>spiritualia</strong></span> <span class='ocrx_word' id='word_1_201' title='bbox 1442 3708 1589 3771; x_wconf 85' lang='lat' dir='ltr'><strong>aggres-</strong></span> 
     </span>
     <span class='ocr_line' id='line_1_27' title="bbox 353 3791 1586 3874; baseline 0.006 -19"><span class='ocrx_word' id='word_1_202' title='bbox 353 3810 421 3856; x_wconf 86' lang='lat' dir='ltr'><strong>sus</strong></span> <span class='ocrx_word' id='word_1_203' title='bbox 435 3804 488 3855; x_wconf 88' lang='lat' dir='ltr'><strong>est</strong></span> <span class='ocrx_word' id='word_1_204' title='bbox 502 3791 524 3856; x_wconf 87' lang='lat'><strong>¹.</strong></span> <span class='ocrx_word' id='word_1_205' title='bbox 541 3792 644 3857; x_wconf 84' lang='lat' dir='ltr'><strong>Alius</strong></span> <span class='ocrx_word' id='word_1_206' title='bbox 658 3796 764 3858; x_wconf 92' lang='lat' dir='ltr'><strong>etiam</strong></span> <span class='ocrx_word' id='word_1_207' title='bbox 778 3794 948 3858; x_wconf 85' lang='lat' dir='ltr'><strong>sacerdos</strong></span> <span class='ocrx_word' id='word_1_208' title='bbox 962 3794 1147 3874; x_wconf 87' lang='lat' dir='ltr'><strong>Argentae</strong></span> <span class='ocrx_word' id='word_1_209' title='bbox 1163 3794 1333 3861; x_wconf 87' lang='lat' dir='ltr'><strong>Societati</strong></span> <span class='ocrx_word' id='word_1_210' title='bbox 1345 3813 1383 3859; x_wconf 88' lang='lat' dir='ltr'><strong>se</strong></span> <span class='ocrx_word' id='word_1_211' title='bbox 1400 3797 1547 3861; x_wconf 87' lang='lat' dir='ltr'><strong>dederat</strong></span> <span class='ocrx_word' id='word_1_212' title='bbox 1564 3796 1586 3861; x_wconf 85' lang='lat'><strong>³.</strong></span> 
     </span>
    </p>
   </div>
   <div class='ocr_carea' id='block_1_5' title="bbox 357 4105 1598 4729">
    <p class='ocr_par' dir='ltr' id='par_1_7' title="bbox 367 4105 1581 4232">
     <span class='ocr_line' id='line_1_28' title="bbox 402 4105 1581 4164; baseline 0.005 -16"><span class='ocrx_word' id='word_1_213' title='bbox 402 4105 411 4137; x_wconf 89' lang='lat'>¹</span> <span class='ocrx_word' id='word_1_214' title='bbox 440 4105 464 4149; x_wconf 82' lang='lat' dir='ltr'><strong>Is</strong></span> <span class='ocrx_word' id='word_1_215' title='bbox 474 4107 557 4150; x_wconf 84' lang='lat' dir='ltr'><strong>irater</strong></span> <span class='ocrx_word' id='word_1_216' title='bbox 568 4112 623 4150; x_wconf 81' lang='lat' dir='ltr'><strong>erat</strong></span> <span class='ocrx_word' id='word_1_217' title='bbox 631 4105 792 4160; x_wconf 78' lang='lat' dir='ltr'><strong>Margaritae</strong></span> <span class='ocrx_word' id='word_1_218' title='bbox 802 4106 967 4160; x_wconf 85' lang='lat' dir='ltr'><strong>supradictae</strong></span> <span class='ocrx_word' id='word_1_219' title='bbox 978 4114 1005 4149; x_wconf 86' lang='lat' dir='ltr'><strong>et</strong></span> <span class='ocrx_word' id='word_1_220' title='bbox 1015 4106 1136 4161; x_wconf 80' lang='lat' dir='ltr'><strong>antiquus</strong></span> <span class='ocrx_word' id='word_1_221' title='bbox 1147 4106 1242 4161; x_wconf 76' lang='lat' dir='ltr'><strong>ignatii</strong></span> <span class='ocrx_word' id='word_1_222' title='bbox 1252 4108 1358 4151; x_wconf 82' lang='lat' dir='ltr'><strong>amicus.</strong></span> <span class='ocrx_word' id='word_1_223' title='bbox 1369 4106 1435 4152; x_wconf 87' lang='lat' dir='ltr'><strong>Vide</strong></span> <span class='ocrx_word' id='word_1_224' title='bbox 1445 4120 1531 4164; x_wconf 76' lang='lat' dir='ltr'><strong>supra,</strong></span> <span class='ocrx_word' id='word_1_225' title='bbox 1542 4117 1562 4153; x_wconf 90' lang='lat' dir='ltr'><strong>t.</strong></span> <span class='ocrx_word' id='word_1_226' title='bbox 1573 4120 1581 4153; x_wconf 88' lang='grc'><strong>1</strong></span> 
     </span>
     <span class='ocr_line' id='line_1_29' title="bbox 367 4177 578 4232; baseline -0.005 -11"><span class='ocrx_word' id='word_1_227' title='bbox 367 4188 427 4232; x_wconf 72' lang='lat' dir='ltr'><strong>pag.</strong></span> <span class='ocrx_word' id='word_1_228' title='bbox 437 4178 486 4229; x_wconf 72' lang='lat' dir='ltr'><strong>soi,</strong></span> <span class='ocrx_word' id='word_1_229' title='bbox 496 4177 578 4220; x_wconf 63' lang='grc'><strong>11312.</strong></span> 
     </span>
    </p>

    <p class='ocr_par' dir='ltr' id='par_1_8' title="bbox 357 4246 1594 4375">
     <span class='ocr_line' id='line_1_30' title="bbox 401 4246 1594 4304; baseline 0.003 -13"><span class='ocrx_word' id='word_1_230' title='bbox 401 4250 414 4281; x_wconf 80' lang='lat'><strong>¹</strong></span> <span class='ocrx_word' id='word_1_231' title='bbox 440 4248 503 4292; x_wconf 78' lang='lat' dir='ltr'><strong>“Del</strong></span> <span class='ocrx_word' id='word_1_232' title='bbox 514 4248 607 4292; x_wconf 86' lang='lat' dir='ltr'><strong>Dottor</strong></span> <span class='ocrx_word' id='word_1_233' title='bbox 617 4249 752 4292; x_wconf 83' lang='lat' dir='ltr'><strong>sacerdote</strong></span> <span class='ocrx_word' id='word_1_234' title='bbox 763 4246 857 4291; x_wconf 83' lang='lat' dir='ltr'><strong>Nostro</strong></span> <span class='ocrx_word' id='word_1_235' title='bbox 870 4247 952 4291; x_wconf 81' lang='lat' dir='ltr'><strong>Padre</strong></span> <span class='ocrx_word' id='word_1_236' title='bbox 961 4250 985 4292; x_wconf 90' lang='grc' dir='ltr'><strong>1ο</strong></span> <span class='ocrx_word' id='word_1_237' title='bbox 997 4248 1084 4292; x_wconf 82' lang='lat' dir='ltr'><strong>riceve</strong></span> <span class='ocrx_word' id='word_1_238' title='bbox 1094 4256 1120 4293; x_wconf 90' lang='lat' dir='ltr'><strong>et</strong></span> <span class='ocrx_word' id='word_1_239' title='bbox 1132 4251 1156 4293; x_wconf 86' lang='lat' dir='ltr'><strong>ia</strong></span> <span class='ocrx_word' id='word_1_240' title='bbox 1168 4248 1198 4293; x_wconf 85' lang='lat' dir='ltr'><strong>R.</strong></span> <span class='ocrx_word' id='word_1_241' title='bbox 1209 4248 1243 4295; x_wconf 90' lang='lat' dir='ltr'><strong>V.</strong></span> <span class='ocrx_word' id='word_1_242' title='bbox 1254 4254 1330 4304; x_wconf 80' lang='lat' dir='ltr'><strong>porra</strong></span> <span class='ocrx_word' id='word_1_243' title='bbox 1341 4252 1475 4295; x_wconf 79' lang='lat' dir='ltr'><strong>mandatio</strong></span> <span class='ocrx_word' id='word_1_244' title='bbox 1486 4262 1502 4295; x_wconf 84' lang='lat' dir='ltr'><strong>a</strong></span> <span class='ocrx_word' id='word_1_245' title='bbox 1513 4250 1594 4297; x_wconf 79' lang='lat' dir='ltr'><strong>Roma</strong></span> 
     </span>
     <span class='ocr_line' id='line_1_31' title="bbox 357 4317 1494 4375; baseline 0.001 -10"><span class='ocrx_word' id='word_1_246' title='bbox 357 4322 463 4375; x_wconf 81' lang='lat' dir='ltr'><strong>quando</strong></span> <span class='ocrx_word' id='word_1_247' title='bbox 474 4321 493 4363; x_wconf 86' lang='lat' dir='ltr'><strong>li</strong></span> <span class='ocrx_word' id='word_1_248' title='bbox 504 4322 621 4374; x_wconf 68' lang='lat' dir='ltr'><strong>patera...</strong></span> <span class='ocrx_word' id='word_1_249' title='bbox 630 4320 765 4363; x_wconf 79' lang='lat' dir='ltr'><strong>Poiaucus.</strong></span> <span class='ocrx_word' id='word_1_250' title='bbox 774 4329 807 4361; x_wconf 82' lang='lat' dir='ltr'><strong>ex</strong></span> <span class='ocrx_word' id='word_1_251' title='bbox 815 4331 890 4363; x_wconf 87' lang='lat' dir='ltr'><strong>com..</strong></span> <span class='ocrx_word' id='word_1_252' title='bbox 901 4318 974 4364; x_wconf 85' lang='lat' dir='ltr'><strong>Patri</strong></span> <span class='ocrx_word' id='word_1_253' title='bbox 981 4317 1074 4371; x_wconf 86' lang='lat' dir='ltr'><strong>Joanni</strong></span> <span class='ocrx_word' id='word_1_254' title='bbox 1086 4320 1235 4375; x_wconf 86' lang='lat' dir='ltr'><strong>Pelletario‚</strong></span> <span class='ocrx_word' id='word_1_255' title='bbox 1247 4322 1294 4365; x_wconf 78' lang='lat' dir='ltr'><strong>aa·</strong></span> <span class='ocrx_word' id='word_1_256' title='bbox 1304 4322 1422 4375; x_wconf 83' lang='lat' dir='ltr'><strong>Januarii</strong></span> <span class='ocrx_word' id='word_1_257' title='bbox 1435 4322 1494 4367; x_wconf 79' lang='lat'>1555.</span> 
     </span>
    </p>

    <p class='ocr_par' dir='ltr' id='par_1_9' title="bbox 357 4386 1598 4729">
     <span class='ocr_line' id='line_1_32' title="bbox 403 4386 1597 4448; baseline 0.003 -14"><span class='ocrx_word' id='word_1_258' title='bbox 403 4390 415 4422; x_wconf 78' lang='lat'>⁸</span> <span class='ocrx_word' id='word_1_259' title='bbox 441 4386 553 4434; x_wconf 79' lang='lat' dir='ltr'><strong>“L&#39;aitro</strong></span> <span class='ocrx_word' id='word_1_260' title='bbox 562 4391 698 4435; x_wconf 72' lang='lat' dir='ltr'><strong>sacerdote</strong></span> <span class='ocrx_word' id='word_1_261' title='bbox 709 4391 734 4434; x_wconf 89' lang='lat' dir='ltr'><strong>di</strong></span> <span class='ocrx_word' id='word_1_262' title='bbox 746 4391 872 4444; x_wconf 73' lang='lat' dir='ltr'><strong>argenta.</strong></span> <span class='ocrx_word' id='word_1_263' title='bbox 883 4390 991 4433; x_wconf 81' lang='lat' dir='ltr'><strong>essendo</strong></span> <span class='ocrx_word' id='word_1_264' title='bbox 1002 4392 1026 4434; x_wconf 89' lang='lat' dir='ltr'><strong>di</strong></span> <span class='ocrx_word' id='word_1_265' title='bbox 1037 4398 1110 4435; x_wconf 86' lang='lat' dir='ltr'><strong>tanto</strong></span> <span class='ocrx_word' id='word_1_266' title='bbox 1120 4393 1201 4445; x_wconf 86' lang='lat' dir='ltr'><strong>poche</strong></span> <span class='ocrx_word' id='word_1_267' title='bbox 1213 4394 1374 4446; x_wconf 83' lang='lat' dir='ltr'><strong>lettere‚non</strong></span> <span class='ocrx_word' id='word_1_268' title='bbox 1385 4404 1446 4448; x_wconf 84' lang='lat' dir='ltr'><strong>pare</strong></span> <span class='ocrx_word' id='word_1_269' title='bbox 1455 4394 1494 4437; x_wconf 78' lang='lat' dir='ltr'><strong>sia</strong></span> <span class='ocrx_word' id='word_1_270' title='bbox 1502 4404 1597 4438; x_wconf 86' lang='lat' dir='ltr'><strong>conve·</strong></span> 
     </span>
     <span class='ocr_line' id='line_1_33' title="bbox 363 4461 1595 4517; baseline 0.005 -13"><span class='ocrx_word' id='word_1_271' title='bbox 363 4462 448 4505; x_wconf 86' lang='lat' dir='ltr'><strong>niente</strong></span> <span class='ocrx_word' id='word_1_272' title='bbox 458 4464 612 4514; x_wconf 73' lang='lat' dir='ltr'><strong>accettemo,</strong></span> <span class='ocrx_word' id='word_1_273' title='bbox 623 4462 744 4506; x_wconf 79' lang='lat' dir='ltr'><strong>massime</strong></span> <span class='ocrx_word' id='word_1_274' title='bbox 753 4472 800 4515; x_wconf 83' lang='lat' dir='ltr'><strong>per</strong></span> <span class='ocrx_word' id='word_1_275' title='bbox 812 4461 899 4505; x_wconf 78' lang='lat' dir='ltr'><strong>Roma.</strong></span> <span class='ocrx_word' id='word_1_276' title='bbox 911 4461 944 4505; x_wconf 88' lang='lat' dir='ltr'><strong>Di</strong></span> <span class='ocrx_word' id='word_1_277' title='bbox 953 4462 1001 4506; x_wconf 84' lang='lat' dir='ltr'><strong>due</strong></span> <span class='ocrx_word' id='word_1_278' title='bbox 1012 4472 1071 4505; x_wconf 84' lang='lat' dir='ltr'><strong>cose</strong></span> <span class='ocrx_word' id='word_1_279' title='bbox 1081 4474 1132 4507; x_wconf 83' lang='lat' dir='ltr'><strong>una</strong></span> <span class='ocrx_word' id='word_1_280' title='bbox 1147 4464 1234 4517; x_wconf 81' lang='lat' dir='ltr'><strong>petria</strong></span> <span class='ocrx_word' id='word_1_281' title='bbox 1248 4464 1320 4517; x_wconf 79' lang='lat' dir='ltr'><strong>sarsi,</strong></span> <span class='ocrx_word' id='word_1_282' title='bbox 1337 4476 1352 4508; x_wconf 92' lang='lat' dir='ltr'><strong>o</strong></span> <span class='ocrx_word' id='word_1_283' title='bbox 1364 4466 1509 4509; x_wconf 85' lang='lat' dir='ltr'><strong>accettarlo</strong></span> <span class='ocrx_word' id='word_1_284' title='bbox 1524 4466 1550 4509; x_wconf 88' lang='lat' dir='ltr'><strong>di</strong></span> <span class='ocrx_word' id='word_1_285' title='bbox 1562 4467 1595 4513; x_wconf 82' lang='lat' dir='ltr'><strong>ia.</strong></span> 
     </span>
     <span class='ocr_line' id='line_1_34' title="bbox 357 4533 1598 4593; baseline 0.006 -18"><span class='ocrx_word' id='word_1_286' title='bbox 357 4544 391 4575; x_wconf 79' lang='lat' dir='ltr'><strong>se</strong></span> <span class='ocrx_word' id='word_1_287' title='bbox 402 4543 507 4586; x_wconf 72' lang='lat' dir='ltr'><strong>parasse</strong></span> <span class='ocrx_word' id='word_1_288' title='bbox 517 4536 581 4577; x_wconf 83' lang='lat' dir='ltr'><strong>utile</strong></span> <span class='ocrx_word' id='word_1_289' title='bbox 591 4536 645 4578; x_wconf 83' lang='lat' dir='ltr'><strong>atla</strong></span> <span class='ocrx_word' id='word_1_290' title='bbox 656 4533 825 4587; x_wconf 60' lang='lat' dir='ltr'><strong>Compagnia</strong></span> <span class='ocrx_word' id='word_1_291' title='bbox 836 4545 851 4577; x_wconf 90' lang='lat' dir='ltr'><strong>o</strong></span> <span class='ocrx_word' id='word_1_292' title='bbox 862 4544 926 4576; x_wconf 88' lang='lat' dir='ltr'><strong>vero</strong></span> <span class='ocrx_word' id='word_1_293' title='bbox 940 4536 1095 4579; x_wconf 84' lang='lat' dir='ltr'><strong>trattenerlo</strong></span> <span class='ocrx_word' id='word_1_294' title='bbox 1107 4537 1149 4579; x_wconf 83' lang='lat' dir='ltr'><strong>nei</strong></span> <span class='ocrx_word' id='word_1_295' title='bbox 1159 4542 1230 4579; x_wconf 79' lang='lat' dir='ltr'><strong>stato</strong></span> <span class='ocrx_word' id='word_1_296' title='bbox 1240 4546 1286 4579; x_wconf 79' lang='lat' dir='ltr'><strong>eno</strong></span> <span class='ocrx_word' id='word_1_297' title='bbox 1296 4548 1344 4580; x_wconf 85' lang='lat' dir='ltr'><strong>con</strong></span> <span class='ocrx_word' id='word_1_298' title='bbox 1354 4538 1438 4591; x_wconf 81' lang='lat' dir='ltr'><strong>questi</strong></span> <span class='ocrx_word' id='word_1_299' title='bbox 1450 4538 1526 4581; x_wconf 88' lang='lat' dir='ltr'><strong>buoni</strong></span> <span class='ocrx_word' id='word_1_300' title='bbox 1540 4549 1598 4593; x_wconf 90' lang='lat' dir='ltr'><strong>pro·</strong></span> 
     </span>
     <span class='ocr_line' id='line_1_35' title="bbox 361 4602 1596 4658; baseline 0.005 -13"><span class='ocrx_word' id='word_1_301' title='bbox 361 4602 441 4657; x_wconf 85' lang='lat' dir='ltr'><strong>positi</strong></span> <span class='ocrx_word' id='word_1_302' title='bbox 450 4603 498 4646; x_wconf 85' lang='lat' dir='ltr'><strong>che</strong></span> <span class='ocrx_word' id='word_1_303' title='bbox 508 4604 551 4655; x_wconf 82' lang='lat' dir='ltr'><strong>lta.</strong></span> <span class='ocrx_word' id='word_1_304' title='bbox 562 4604 727 4647; x_wconf 84' lang='lat' dir='ltr'><strong>animandoio</strong></span> <span class='ocrx_word' id='word_1_305' title='bbox 737 4614 754 4647; x_wconf 87' lang='lat' dir='ltr'><strong>a</strong></span> <span class='ocrx_word' id='word_1_306' title='bbox 764 4613 935 4656; x_wconf 69' lang='lat' dir='ltr'><strong>perseverare</strong></span> <span class='ocrx_word' id='word_1_307' title='bbox 946 4612 971 4647; x_wconf 91' lang='lat' dir='ltr'><strong>et</strong></span> <span class='ocrx_word' id='word_1_308' title='bbox 982 4604 1092 4658; x_wconf 66' lang='lat' dir='ltr'><strong>studim</strong></span> <span class='ocrx_word' id='word_1_309' title='bbox 1102 4607 1197 4658; x_wconf 84' lang='lat' dir='ltr'><strong>perche</strong></span> <span class='ocrx_word' id='word_1_310' title='bbox 1209 4606 1234 4648; x_wconf 89' lang='lat' dir='ltr'><strong>iu</strong></span> <span class='ocrx_word' id='word_1_311' title='bbox 1246 4604 1328 4650; x_wconf 85' lang='lat' dir='ltr'><strong>Roma</strong></span> <span class='ocrx_word' id='word_1_312' title='bbox 1338 4617 1389 4650; x_wconf 87' lang='lat' dir='ltr'><strong>non</strong></span> <span class='ocrx_word' id='word_1_313' title='bbox 1399 4610 1412 4649; x_wconf 83' lang='lat' dir='ltr'><strong>e</strong></span> <span class='ocrx_word' id='word_1_314' title='bbox 1421 4606 1529 4651; x_wconf 86' lang='lat' dir='ltr'><strong>decente</strong></span> <span class='ocrx_word' id='word_1_315' title='bbox 1539 4606 1596 4651; x_wconf 81' lang='lat' dir='ltr'><strong>iare</strong></span> 
     </span>
     <span class='ocr_line' id='line_1_36' title="bbox 357 4674 1254 4729; baseline 0.003 -13"><span class='ocrx_word' id='word_1_316' title='bbox 357 4674 464 4718; x_wconf 79' lang='lat' dir='ltr'><strong>studiat</strong></span> <span class='ocrx_word' id='word_1_317' title='bbox 474 4676 647 4729; x_wconf 69' lang='lat' dir='ltr'><strong>grammatica</strong></span> <span class='ocrx_word' id='word_1_318' title='bbox 658 4676 676 4718; x_wconf 88' lang='lat' dir='ltr'><strong>li</strong></span> <span class='ocrx_word' id='word_1_319' title='bbox 686 4674 815 4719; x_wconf 79' lang='lat' dir='ltr'><strong>sacerdoti</strong></span> <span class='ocrx_word' id='word_1_320' title='bbox 826 4674 895 4718; x_wconf 82' lang='lat' dir='ltr'><strong>delia</strong></span> <span class='ocrx_word' id='word_1_321' title='bbox 906 4674 1088 4729; x_wconf 59' lang='lat' dir='ltr'><strong>computata„</strong></span> <span class='ocrx_word' id='word_1_322' title='bbox 1101 4674 1181 4727; x_wconf 79' lang='lat' dir='ltr'><strong>idem.</strong></span> <span class='ocrx_word' id='word_1_323' title='bbox 1191 4676 1254 4720; x_wconf 87' lang='lat' dir='ltr'><strong>ibid.</strong></span> 
     </span>
    </p>
   </div>
   <div class='ocr_carea' id='block_1_6' title="bbox 0 0 1885 5400">
    <p class='ocr_par' dir='ltr' id='par_1_10' title="bbox 0 0 1885 5400">
     <span class='ocr_line' id='line_1_37' title="bbox 0 0 1885 5400; baseline 0 0"><span class='ocrx_word' id='word_1_324' title='bbox 0 0 1885 5400; x_wconf 95' lang='lat' dir='ltr'><strong> </strong></span> 
     </span>
    </p>
   </div>
  </div>
 </body>
</html>
