3717 5400
350 443 388 503 88
809 448 937 510 Canon.
958 448 1035 510 Soc.
1055 449 1126 523 las.

355 610 460 658 mune
475 605 563 673 erat,
580 605 617 659 ut
632 597 667 660 in
682 614 722 661 re
737 598 864 677 quavis
880 600 1000 674 magni
1016 599 1196 677 momenti,
1212 615 1304 678 quae
1318 615 1381 662 eos
1396 598 1585 679 affligeret,

353 703 517 768 venirent
532 713 593 771 aut
608 704 787 768 mitterent
803 705 849 768 ad
863 715 1017 784 nostroS,
1034 715 1071 769 ut
1086 705 1306 770 orationibus
1320 706 1477 785 ipsorum
1493 724 1531 770 se
1545 720 1584 771 et

351 825 410 871 res
425 827 510 873 suas
526 811 827 892 commendarent;
851 823 885 877 et
900 815 970 876 hoc
989 813 1139 893 praelati
1161 823 1195 875 et
1214 814 1429 893 temporales
1449 814 1583 877 domini

350 931 393 978 ac
409 916 469 979 alii
483 918 629 996 nobiles,
645 919 736 984 sicut
751 921 858 984 etiam
873 918 1013 1001 plebeji,
1028 921 1217 984 faciebant.

409 1023 481 1088 220.
526 1027 614 1090 Illud
636 1036 752 1091 autem
774 1037 899 1091 notatu
915 1028 1062 1106 dignum
1082 1027 1159 1106 luit,
1180 1027 1276 1107 quod
1298 1046 1318 1090 a
1341 1027 1486 1105 triginta
1507 1027 1585 1091 fere

351 1133 505 1196 millibus
520 1151 701 1214 passuum,
718 1135 955 1216 quadraginta
970 1135 1075 1198 simul
1096 1143 1280 1212 venerunt,
1297 1143 1336 1198 ut
1355 1151 1393 1196 se
1413 1132 1582 1198 Societati

351 1250 494 1304 nostrae
510 1241 690 1319 dederent,
707 1242 799 1305 inter
812 1259 900 1323 quos
916 1261 1008 1306 unus
1029 1254 1106 1306 erat
1121 1241 1327 1318 monachus,
1345 1241 1404 1321 qui
1426 1259 1448 1303 a
1470 1241 1587 1305 tribus

352 1349 409 1410 vel
425 1356 577 1429 quatuor
592 1350 699 1412 sociis
711 1350 756 1413 ud
768 1358 909 1413 nostros
924 1349 1121 1413 destinatus
1136 1360 1223 1426 erat,
1239 1358 1275 1411 ut
1289 1349 1451 1412 viderent
1467 1359 1500 1412 et
1514 1348 1584 1428 ipsi

351 1471 436 1518 num
452 1465 596 1536 possent
610 1457 647 1520 in
662 1455 874 1521 Societatem
895 1467 1056 1520 nostram
1071 1456 1219 1520 admitti.
1244 1454 1333 1520 Cum
1352 1467 1469 1518 autent
1484 1454 1583 1518 intel-

351 1562 496 1626 lexisset
508 1580 581 1643 eoS,
598 1564 659 1644 qui
671 1564 750 1628 aliis
762 1565 798 1627 in
808 1564 1038 1644 religionibus
1050 1562 1127 1627 Deo
1139 1564 1274 1627 servire
1286 1563 1497 1644 coepissent,
1510 1579 1582 1624 non

353 1685 459 1749 posse
470 1669 571 1750 juxta
587 1681 708 1734 nostra
723 1672 884 1735 instituta
898 1672 936 1734 in
947 1669 1161 1734 Societatem
1180 1669 1329 1747 admitti,
1358 1681 1516 1732 moestus
1534 1667 1581 1731 ad

351 1793 437 1840 suos
452 1777 566 1852 rediit,
584 1796 654 1841 non
666 1788 785 1842 tamen
796 1779 872 1842 sine
887 1777 1062 1858 spirituali
1076 1778 1203 1840 fructu.

413 1884 485 1949 221.
529 1885 629 1949 Unus
640 1902 685 1948 ex
700 1902 741 1948 eo
757 1902 904 1948 numero
925 1883 1062 1962 doctor,
1089 1884 1148 1965 qui
1169 1883 1210 1947 29
1231 1901 1345 1947 annos
1368 1893 1476 1947 natus
1490 1894 1583 1962 erat,

350 1999 385 2054 et
401 1992 647 2072 philosophiae
662 1993 793 2056 seriam
808 2009 953 2072 operam
968 1990 1126 2066 dederat,
1147 1992 1182 2055 in
1198 1991 1377 2055 exercitiis
1393 1992 1585 2070 spirituali-

354 2097 420 2161 bus
434 2097 648 2162 Societatem
663 2100 801 2178 ingredi
816 2099 987 2162 decrevit.
1004 2099 1106 2162 Alius
1118 2098 1177 2179 qui
1191 2098 1359 2162 sacerdos
1371 2108 1459 2175 erat,
1479 2098 1586 2160 rediit

351 2203 396 2266 ad
410 2222 507 2282 suos,
524 2214 561 2268 ut
572 2206 615 2269 de
632 2207 738 2269 rebus
750 2206 823 2269 suis
837 2206 1059 2284 disponeret,
1076 2215 1111 2269 et
1131 2205 1184 2268 sie
1209 2205 1354 2268 liberius
1376 2204 1453 2268 Deo
1474 2205 1580 2271 inser·

351 2311 428 2374 vire
444 2323 574 2393 posset.
591 2311 691 2376 Multi
707 2323 825 2377 autem
842 2312 888 2376 ad
910 2313 1117 2389 religionem
1140 2329 1211 2374 non
1235 2311 1356 2391 inepti.
1384 2323 1488 2375 extra
1502 2329 1585 2374 eam

352 2417 389 2481 in
413 2421 557 2483 saeculo
583 2420 882 2501 relinquebantur;
899 2418 993 2500 quod
1013 2437 1080 2482 nec
1104 2419 1149 2482 ad
1174 2435 1239 2481 eos
1262 2417 1491 2498 excipiendos
1515 2435 1586 2481 nec

352 2523 388 2586 in
402 2525 509 2588 rebus
524 2526 765 2605 spiritualibus
779 2526 999 2589 exercendos
1013 2526 1125 2589 nostri
1139 2526 1256 2588 locum
1272 2525 1453 2588 haberent.

411 2631 482 2695 222.
526 2632 791 2697 Maceratenses
806 2634 859 2696 bis
874 2633 1001 2696 litteris
1014 2633 1089 2696 suis
1102 2643 1245 2695 nostros
1260 2641 1444 2711 rogarunt,
1460 2640 1498 2694 ut
1514 2633 1585 2694 sal-

354 2745 426 2801 tem
436 2739 482 2801 ad
496 2740 618 2803 decem
635 2742 690 2804 vel
705 2741 906 2822 quindecim
922 2741 997 2804 dies
1022 2740 1160 2819 aliquos
1172 2740 1219 2802 ad
1240 2756 1278 2801 se
1295 2740 1486 2816 mitterent,
1509 2739 1583 2820 qui·
1632 2752 1635 2756 ·

354 2845 422 2909 bus
435 2856 581 2927 propter
601 2849 853 2929 occupationes
874 2866 956 2911 cum
974 2848 1042 2911 hoc
1061 2864 1154 2911 anno
1174 2844 1339 2911 satisfieri
1360 2863 1431 2910 non
1450 2860 1581 2925 posset,

352 2967 433 3031 spes
463 2952 531 3016 illis
560 2953 643 3017 data
671 2964 726 3018 est
759 2954 853 3036 quod
891 2956 1005 3035 primo
1033 2970 1172 3035 quoque
1204 2963 1363 3033 tempore
1392 2953 1586 3016 commodo

350 3059 464 3123 nostri
479 3076 541 3122 eos
560 3070 680 3124 essent
693 3061 854 3125 invisuri.

412 3166 484 3229 223.
528 3166 704 3248 Oppidum
719 3166 971 3245 Lauretanum,
991 3169 1028 3231 in
1043 3169 1249 3232 universum
1266 3168 1453 3249 loquendo¹
1479 3166 1583 3248 profi·

353 3272 481 3350 ciebat,
499 3284 532 3336 et
547 3291 716 3337 numerus
731 3291 856 3338 eorum
868 3276 1076 3355 augebatur,
1093 3275 1207 3356 quiad
1219 3286 1444 3339 sacramenta
1457 3275 1587 3339 crebro

354 3380 583 3459 accedebant;
599 3391 634 3444 et
650 3392 722 3445 tam
737 3400 782 3445 ex
797 3383 859 3461 eis,
888 3399 994 3463 quam
1014 3401 1058 3447 ex
1077 3383 1245 3459 externis,
1273 3382 1382 3463 aliqui
1394 3382 1440 3445 ad
1451 3392 1585 3446 statum

342 3487 448 3549 ›vitae
464 3488 714 3567 perfectiorem
733 3489 998 3571 suscipiendum
1019 3490 1186 3554 commoti
1209 3490 1362 3565 suerunt,
1390 3506 1435 3552 ex
1456 3489 1587 3570 quibus

353 3595 541 3658 constabat
566 3596 622 3659 bis
652 3596 775 3660 diebus
800 3597 955 3678 quinque
979 3598 1108 3661 bonum
1137 3597 1204 3661 hoc
1230 3598 1450 3678 propositum
1474 3596 1586 3660 fuisse

353 3710 561 3782 exequutos;
588 3704 788 3784 complures
813 3715 932 3769 autem
956 3704 1026 3783 alii,
1043 3722 1086 3767 ac
1102 3704 1292 3785 praecipue
1311 3704 1482 3783 virgines,
1503 3721 1612 3784 pro·x

351 3817 430 3888 pter
446 3807 539 3873 dotis
554 3813 739 3889 penuriam
755 3813 974 3876 tantumdem
988 3812 1258 3891 nonfaciebant3
1275 3820 1309 3874 et
1321 3812 1403 3892 quia
1415 3810 1585 3891 oppidum

351 3914 437 3979 illud
449 3917 618 3996 exiguum
630 3927 695 3993 est,
706 3935 776 3981 non
789 3917 892 3981 tacite
904 3920 1016 3982 nostri
1030 3910 1193 3999 poterant
1204 3919 1255 3982 eis
1266 3918 1467 3981 subvenire.
1478 3917 1584 3981 Circa

351 4024 572 4100 peccatrices
586 4023 761 4088 foeminas
775 4026 909 4104 aliquid
923 4042 994 4088 non
1009 4025 1178 4089 dissimile
1194 4023 1387 4100 accidebat,
1406 4042 1488 4087 nam
1503 4040 1585 4088 cum

352 4130 485 4192 vellent
500 4148 521 4192 a
536 4142 684 4210 peccato
700 4130 878 4210 recedere,
896 4133 990 4211 quod
1004 4134 1138 4195 nullam
1152 4132 1248 4194 vitae
1267 4132 1506 4195 conditionem
1524 4130 1585 4194 ho-

351 4245 491 4299 nestam
508 4236 637 4299 habere
653 4247 807 4317 possent,
825 4257 893 4301 non
911 4256 1047 4318 paucae
1062 4239 1108 4301 ad
1124 4239 1294 4301 vomitum
1310 4238 1482 4302 redibant.
1496 4238 1588 4301 Tres

353 4348 486 4419 tamen,
505 4359 549 4405 ex
561 4342 761 4423 hujusmodi
776 4346 991 4422 mulieribus,
1004 4345 1139 4409 eisdem
1153 4346 1241 4408 viris
1257 4346 1482 4408 matrimonio
1502 4362 1586 4408 con-

354 4444 496 4525 iunctae
512 4448 663 4527 fuerunt,
677 4451 803 4532 quibus
818 4453 853 4515 in
869 4452 1107 4515 concubinatu
1119 4452 1328 4532 conjunctae
1343 4450 1494 4515 fuerant.
1511 4450 1585 4515 Ali-

354 4555 414 4635 qui
434 4556 542 4618 etiam
563 4557 597 4619 in
617 4558 867 4638 poenitentiam
887 4576 1033 4623 suorum
1052 4570 1279 4639 peccatorum
1298 4559 1532 4622 decreverunt
1547 4559 1585 4621 in

356 4649 486 4725 uxores
501 4662 687 4727 admittere
702 4664 839 4745 aliquas
853 4684 898 4729 ex
913 4666 994 4728 illis.
