3717 5400
801 473 865 534 Au.
892 474 964 534 1555
1462 473 1499 532 45

321 617 371 682 86.
416 615 551 682 CumP.
569 617 751 682 Bobadiiia
767 614 788 698 ¹,
805 618 866 699 qui
881 617 1070 683 familiaris
1084 619 1216 699 alioqui
1238 617 1355 681 iuerat
1377 617 1498 682 Ponti·

261 725 333 804 iici,
347 743 427 788 cum
442 722 643 788 Cardinalis
657 733 761 804 esset,
778 724 902 805 primis
926 712 1107 789 mensibus
1128 723 1232 806 hujus
1248 723 1331 788 anni
1345 721 1498 789 Romam

264 831 439 910 rediisset,
460 842 648 911 postquam
669 831 800 895 utiliter
826 831 1018 895 farfensem
1043 830 1234 895 Abbatiam
1254 839 1289 894 et
1303 831 1353 893 iili
1367 831 1497 912 oppida

262 938 403 1003 subdita
418 940 605 1002 lustrasset
620 936 642 1015 ¹,
660 955 740 1001 cum
755 955 797 1000 eo
822 935 987 1002 Summus
1009 937 1173 1000 Pontifex
1188 937 1363 1017 quaedam
1385 935 1430 999 ad
1444 954 1496 1001 re-

261 1045 511 1110 formationem
526 1044 764 1109 universalem
782 1044 996 1123 pertinentia
1021 1044 1202 1121 tractavit,
1227 1060 1293 1108 nec
1317 1043 1495 1125 Episcopo

264 1152 466 1217 Veronensi
480 1150 713 1232 Lippomano,
729 1151 820 1214 sicut
837 1150 1045 1231 designatus
1057 1150 1183 1230 iuerat,
1196 1167 1277 1214 eum
1292 1151 1396 1229 misit;
1413 1167 1497 1215 nam

262 1259 301 1323 P.
317 1259 525 1340 Alphonsus
541 1255 727 1322 Salmeron
742 1256 902 1322 sufficere
916 1256 1105 1320 videbatur
1120 1255 1143 1317 ⁸.

321 1365 372 1430 87.
417 1364 486 1430 Sed
495 1365 696 1429 Cardinalis
710 1363 865 1444 quidam,
877 1361 1025 1445 Crispus
1040 1363 1252 1444 cognomine
1266 1361 1290 1443 ⁴,
1307 1363 1366 1444 qui
1383 1361 1495 1444 cujus·

262 1473 346 1536 dam
360 1472 556 1552 religionis
573 1489 681 1552 quam
702 1471 1017 1550 Sylvestrt’norum
1039 1482 1180 1550 vocant,
1203 1480 1384 1552 protector
1406 1482 1495 1550 erat,

262 1596 344 1644 cum
358 1580 582 1644 commodam
597 1579 771 1643 rationem
785 1579 947 1642 invenire
962 1596 1033 1643 non
1044 1589 1165 1659 posset
1177 1578 1223 1641 ad
1239 1577 1315 1657 eJus
1325 1576 1495 1642 reforma·

262 1688 394 1766 tionen,
412 1703 504 1768 quae
519 1685 624 1750 vaide
634 1683 837 1750 necessaria
847 1684 1042 1760 dicebatur,
1057 1685 1200 1764 rogavit
1214 1683 1397 1748 Summum
1407 1684 1496 1748 Pon·

261 1792 395 1858 tificem
410 1802 447 1856 ut
462 1792 615 1874 aliquem
630 1791 674 1855 de
688 1789 865 1856 Societate
884 1802 1008 1856 nostra
1033 1791 1187 1856 mitteret
1212 1791 1258 1855 ad
1280 1792 1497 1856 monasteria

262 1899 340 1980 ejus
353 1899 489 1963 ordinis
503 1898 693 1962 visitanda.
711 1898 808 1962 Idem
829 1899 954 1979 etiam,
975 1898 1190 1980 Episcopum
1209 1899 1398 1978 quemdam
1412 1898 1496 1961 ami·

262 2023 344 2071 cum
359 2007 405 2070 ad
419 2005 457 2070 P.
475 2005 652 2084 Ignatium
669 2003 764 2068 misit
779 2005 874 2083 (nam
888 2005 975 2086 ipse,
992 2005 1053 2086 qui
1066 2021 1105 2068 se
1118 2004 1363 2068 adversarium
1378 2003 1496 2068 Socie-

263 2113 329 2176 tati
344 2121 487 2176 nostrae
501 2120 647 2193 propter
658 2111 833 2176 humanos
848 2111 1020 2192 quosdam
1035 2109 1186 2175 affectus
1197 2111 1415 2190 exhibuerat,
1433 2129 1496 2192 per

262 2237 302 2284 se
316 2218 351 2282 id
366 2219 484 2283 iacere
499 2219 635 2298 noluit);
652 2227 687 2282 et
701 2218 908 2298 designatus
922 2218 989 2283 fuit
1003 2217 1049 2282 ad
1064 2218 1133 2281 hoc
1148 2219 1382 2282 ministerium
1396 2236 1496 2299 prae·

261 2326 380 2390 dictus
393 2325 433 2390 P.
450 2325 643 2404 Bobadilla,
661 2325 722 2406 qui
736 2325 881 2406 egregie
896 2323 1011 2388 officio
1026 2342 1091 2388 suo
1105 2323 1249 2388 functus
1264 2341 1342 2388 esse
1357 2323 1495 2388 diceba·

263 2443 334 2497 tur.
346 2431 383 2496 Si
398 2432 483 2513 quid
497 2433 534 2496 in
548 2432 757 2513 particulari
773 2431 962 2495 dicendum
977 2431 1054 2506 erit,
1072 2431 1141 2495 alio
1157 2433 1235 2495 loco
1250 2431 1389 2495 dicetur
1403 2429 1427 2496 ⁵.

322 2538 373 2602 88.
418 2538 543 2603 Patres
567 2539 793 2604 Eleutherius
809 2536 1001 2617 Fontanus,
1028 2537 1177 2602 Fulvius
1203 2538 1389 2618 Cardulus,
1416 2539 1493 2603 Em·

262 2647 406 2713 manuel
421 2646 464 2710 de
480 2644 551 2712 Saa
570 2655 605 2712 et
623 2646 682 2709 alii
708 2646 777 2711 hoc
802 2662 896 2711 anno
921 2645 966 2709 ad
991 2645 1231 2710 sacerdotium
1252 2646 1405 2728 promoti
1422 2645 1494 2710 iue-

262 2763 359 2819 runt.

322 2860 374 2923 89.
418 2860 453 2925 A
466 2860 588 2925 Priore
603 2859 814 2925 Carthasiae
830 2857 1079 2924 Coloniensis⁸
1099 2861 1169 2924 hoc
1188 2878 1281 2924 anno
1301 2860 1494 2924 subsidium

261 3138 390 3194 ptentbrls
402 3138 454 3181 15⁵5
463 3137 489 3181 in
500 3136 611 3181 comitiis
621 3134 722 3191 imperii
732 3135 886 3190 aumtsnis
896 3146 966 3180 nova
980 3134 1087 3180 comitia
1101 3136 1242 3191 indixerat,
1251 3135 1376 3181 Kalendis
1391 3135 1494 3181 Martiis

261 3209 317 3255 ¹55
324 3208 483 3253 Ratisbonse
491 3207 645 3263 incipienda,
656 3208 682 3252 in
692 3208 785 3262 qulbus
791 3208 932 3262 praecipue
942 3207 973 3251 de
981 3207 1170 3263 controversia,
1178 3219 1245 3263 quae
1254 3209 1285 3252 de
1295 3208 1419 3263 reiigione
1429 3217 1496 3262 erat,

259 3281 439 3336 componenda
455 3289 605 3334 ageretur...
623 3280 660 3324 At
677 3278 783 3323 comitis
798 3278 990 3322 ratisbonensis
1005 3278 1107 3323 demum
1120 3279 1147 3323 13
1157 3277 1219 3332 Julil
1236 3278 1289 3323 15⁵6
1303 3287 1396 3334 coepta
1411 3285 1495 3334 sunt„

260 3354 477 3401 Bursaonum.
487 3352 504 3397 Ι.
515 3363 547 3405 c.,
557 3362 618 3407 pag.
627 3349 676 3403 567,
687 3356 775 3395 annot.
786 3350 806 3394 i.
818 3349 873 3402 Quo
884 3358 1001 3405 tempore
1011 3355 1100 3395 autern
1109 3351 1215 3395 comitis
1226 3357 1287 3396 scta
1297 3358 1366 3405 suut,
1377 3351 1405 3396 Ρ.
1415 3350 1498 3397 Oiave

260 3424 373 3469 Romani
383 3423 491 3477 Colieoeii
502 3421 715 3477 superintendens
726 3426 792 3465 erat.
804 3418 1082 3476 Oatasn1s1,i.c‚,llb‚
1094 3433 1148 3477 xvr,
1157 3434 1183 3467 n.
1192 3422 1229 3467 m.

307 3494 317 3528 ¹
345 3494 505 3539 P.Nic01aus
514 3492 659 3540 Bobadilla,

303 3567 315 3599 ⁸
344 3566 411 3610 Vide
420 3576 508 3620 supra,
517 3571 538 3611 t.
546 3575 583 3619 rs,
594 3574 656 3619 pag.
666 3562 702 3617 89,
713 3574 737 3607 n.
750 3562 797 3618 162,
813 3570 840 3607 et
855 3574 914 3618 psa.
933 3564 979 3619 143,
995 3576 1037 3609 nn.
1050 3563 1093 3608 285
1104 3572 1130 3608 et
1145 3564 1271 3609 idm-His
1287 3572 1313 3610 et
1332 3567 1498 3621 sequentibus

260 3638 416 3693 complenda
426 3644 484 3682 sunt
495 3646 561 3691 quae
570 3635 650 3680 habet
662 3635 687 3679 in
704 3633 764 3678 Vita
779 3635 824 3679 dei
835 3646 914 3679 servo
924 3636 955 3680 ai
969 3635 1021 3681 Dio
1035 3636 1127 3680 Parin
1136 3637 1227 3681 Nicold
1243 3637 1458 3694 Bobaddiglia,§
1473 3651 1497 3693 x,

261 3710 292 3754 P.
302 3708 429 3763 Josnruus
439 3708 534 3753 Boiiao:
544 3708 579 3752 ibi
590 3708 667 3761 enirn,
678 3708 820 3752 brevitatis
831 3707 897 3751 forte
914 3708 1011 3762 gratia,
1022 3709 1060 3754 ita
1070 3715 1180 3753 eventus
1196 3709 1333 3765 compositi
1343 3716 1412 3764 suut,
1423 3719 1453 3755 ut
1462 3714 1499 3754 vl·

260 3784 359 3826 deutur
369 3780 397 3825 P.
408 3779 552 3835 Bobadilla,
562 3784 700 3834 postquam
710 3776 792 3822 Faria
802 3780 922 3833 excessit,
934 3789 961 3822 et
972 3778 1064 3835 Reate,
1076 3779 1191 3825 civitate
1202 3779 1304 3835 Ducail,
1315 3781 1426 3836 aliisque
1434 3784 1499 3826 locis

260 3864 338 3898 suant
348 3851 536 3907 aliquantisper
546 3861 653 3906 operam
662 3848 796 3903 impendit,
806 3850 895 3907 Tybnr
905 3853 1044 3896 secessisse
1055 3852 1116 3907 quin
1126 3852 1233 3897 Romam
1244 3854 1357 3899 veniret.

305 3925 317 3955 ³
344 3922 684 3979 Videaupra,paff.8,n.8.

303 3998 316 4031 ⁴
343 3994 461 4040 “Tiberio
471 3994 564 4051 Crispi,
575 3994 701 4044 Romano,
711 3994 818 4039 irateiio
828 3997 949 4039 naturaie
961 3996 986 4039 di
996 3994 1126 4039 Castanea
1136 3994 1260 4051 Farnesc,
1270 4008 1284 4039 e
1295 3996 1443 4052 iamloeliare
1456 3997 1497 4041 del

260 4067 388 4111 Cardlnal
398 4066 521 4121 Famese,
532 4066 579 4111 che
590 4067 714 4111 divenuto
731 4064 860 4110 Pontefice
873 4066 966 4113 (Paulo
982 4065 1028 4116 ΙΙΙ)
1042 4069 1067 4111 lo
1083 4067 1138 4111 iece
1154 4066 1337 4112 Governatore
1348 4069 1373 4112 di
1384 4068 1497 4123 Perugla

259 4140 332 4183 colia
341 4139 555 4194 presidenzsaila
566 4139 685 4183 isbbrica
695 4138 720 4181 dl
732 4138 818 4192 quella
829 4138 951 4192 iortezza,
963 4139 1015 4182 indi
1027 4139 1145 4183 Preietto
1157 4139 1182 4183 dl
1194 4138 1283 4183 Cssrei
1294 4137 1322 4185 S.
1334 4140 1499 4194 Angelo,con

258 4221 296 4255 un
306 4209 460 4253 canonicato
469 4208 494 4253 di
506 4208 532 4252 S.
543 4208 641 4263 Pietro,
649 4209 692 4265 poi
703 4208 823 4253 vescovo
840 4209 865 4253 di
881 4209 959 4253 Sessa
970 4210 1011 4253 uei
1023 4210 1083 4264 1649,
1100 4221 1114 4252 e
1128 4209 1216 4265 qulndi
1227 4209 1367 4254 cardinale
1383 4210 1499 4256 Diacono

259 4280 288 4323 di
299 4276 326 4323 S.
340 4279 436 4333 Antii,
447 4280 530 4323 donde
547 4282 624 4334 passo
635 4281 676 4324 nel
688 4280 766 4324 lioba
784 4278 904 4324 vescovo
919 4280 945 4323 di
963 4280 1069 4333 Sabina,
1084 4289 1169 4324 niorto
1184 4282 1226 4323 uel
1242 4279 1294 4323 1560
1308 4282 1334 4324 in
1352 4280 1498 4335 capranica

259 4351 333 4395 della
349 4351 443 4395 diocesi
462 4352 487 4394 di
505 4350 576 4397 Sutri
592 4363 606 4394 e
623 4350 700 4406 Nepi,
713 4350 738 4395 dl
755 4351 795 4395 cui
813 4350 847 4395 iin
864 4352 924 4395 dall'
944 4363 1012 4396 anno
1026 4352 1182 4407 precedente
1202 4362 1248 4396 era
1266 4353 1497 4405 amministratore,

259 4420 324 4467 nell*
336 4423 379 4465 eta
389 4422 413 4466 di
425 4422 485 4466 anni
495 4421 523 4465 ⁶9
532 4433 582 4465 nou
591 4420 706 4477 compiti,
718 4434 731 4465 e
741 4422 768 4465 22
778 4423 803 4467 di
815 4422 993 4477 cardinalatu,
1004 4424 1031 4468 in
1041 4424 1082 4468 cui
1092 4424 1245 4467 intervenne
1255 4436 1270 4467 a
1279 4425 1370 4477 cinque
1379 4425 1499 4469 conclavi

259 4496 331 4538 coila
341 4494 501 4549 riputazione
511 4494 536 4537 di
545 4505 619 4539 nomo
627 4494 652 4538 di
664 4493 767 4539 iervids
778 4495 1001 4549 immaginazione,
1012 4496 1038 4539 dl
1052 4495 1145 4549 spirito
1162 4501 1325 4549 penetrante.
1336 4495 1362 4539 di
1372 4498 1497 4541 memoria

261 4570 356 4607 tenace
366 4576 380 4607 e
390 4564 489 4619 grande
500 4566 662 4619 eloquenza„
672 4564 785 4620 Nomas,
795 4567 813 4611 1.
825 4577 858 4621 c.,
869 4577 930 4610 auu.
943 4566 1002 4619 1544,
1015 4564 1030 4621 5
1046 4575 1117 4619 xxix,
1129 4572 1148 4609 t.
1162 4574 1206 4612 tu.
1216 4576 1277 4619 pag.
1287 4567 1322 4609 44.

306 4634 318 4667 ⁵
345 4634 411 4679 Vide
424 4634 519 4679 Carras
528 4636 561 4681 de
573 4636 629 4681 San
639 4636 758 4690 lauacro,
768 4644 787 4683 t.
798 4648 834 4691 vr,
844 4648 917 4692 pags.
928 4638 964 4691 82,
975 4636 1014 4681 190
1024 4645 1049 4681 et
1059 4638 1107 4681 202.

306 4702 319 4733 ⁶
346 4706 464 4751 Gerardo
474 4707 669 4753 Kalcitbrenner
679 4720 724 4753 seu
736 4708 885 4763 Hammont,
897 4711 928 4754 de
940 4722 990 4765 quo
1000 4710 1104 4765 saepius
1114 4708 1139 4752 in
1150 4710 1199 4753 ltoc
1211 4708 1345 4754 Chronico.
