3717 5400
784 523 847 582 An.
874 523 945 582 1555
1425 525 1482 585 259

248 667 428 748 profectus
443 676 545 731 estut
558 667 742 731 commoda
759 669 908 748 Collegii
918 669 1032 732 nostri
1048 679 1285 750 promoveret.
1300 669 1477 750 Quingen-

248 783 303 838 tos
318 774 459 838 daleros
475 771 568 853 ¹jam
585 775 620 837 in
635 774 879 838 aedificatione
904 773 939 837 P.
966 775 1129 841 Canisius
1149 777 1382 856 expenderat:
1406 788 1481 841 tres

247 882 391 945 scholae
415 898 543 961 novae,
570 898 651 945 cum
676 892 803 962 quarta
828 883 1031 961 secretiore,
1048 891 1082 946 et
1097 884 1296 947 octodecim
1317 885 1478 948 cubicula

248 990 284 1052 in
306 1006 409 1053 usum
427 989 578 1052 fratrum
597 998 800 1053 nostrorum
822 991 984 1053 construi
1006 991 1157 1053 curavit.
1179 989 1347 1071 Reliquus
1372 991 1481 1055 etiam

249 1106 326 1161 erat
347 1097 447 1159 locus
471 1096 619 1160 idoneus
643 1097 689 1160 ad
709 1097 929 1176 probationis
954 1096 1109 1160 domurn.
1135 1097 1352 1160 Monasterio
1371 1098 1478 1161 etiam

195 1263 196 1266 ,
248 1203 330 1267 8³¹⁸
344 1203 497 1283 Agnetis
508 1204 766 1267 commodiores
779 1204 1015 1266 habitationes
1027 1204 1214 1268 monachis
1225 1203 1372 1268 effectae
1384 1216 1477 1286 sunt,

247 1327 354 1390 quam
369 1311 463 1390 apud
478 1309 571 1374 Sim
585 1309 800 1374 Clementem
816 1311 1027 1373 habuerant.

307 1419 377 1481 727.
420 1418 509 1481 Tres
525 1430 642 1481 autem
662 1435 708 1480 ex
725 1417 858 1480 nostris
876 1434 999 1480 secum
1018 1417 1172 1480 habebat
1186 1415 1224 1480 P.
1247 1415 1421 1498 CanisiuS,
1439 1430 1474 1483 et

246 1535 387 1606 praeter
402 1523 713 1606 praedicationem,
731 1524 918 1587 recedente
933 1524 1136 1588 Archiduce
1152 1524 1248 1602 (nam
1262 1524 1307 1587 ad
1321 1525 1474 1589 salutan-

248 1633 331 1696 dum
346 1632 599 1712 Imperatorem
612 1633 790 1708 Carolum,
804 1631 840 1694 in
851 1631 1063 1712 Hispaniam
1075 1631 1327 1711 discessurum,
1340 1651 1362 1695 a
1377 1643 1480 1713 patre

248 1741 476 1819 mittebatur),
494 1741 626 1820 aliquid
640 1741 747 1804 etiam
762 1740 880 1820 legere
891 1740 928 1802 in
940 1741 1058 1803 animo
1069 1740 1233 1818 habebat,
1247 1740 1309 1803 sed
1321 1739 1395 1820 ejus
1406 1740 1476 1804 hoc

248 1849 447 1914 institutum
471 1847 677 1928 impeditum
696 1847 778 1926 fuit;
805 1863 885 1909 cum
904 1847 1000 1910 enim
1023 1847 1200 1910 Bavariae
1225 1847 1309 1910 Dux
1328 1866 1349 1909 a
1374 1846 1472 1928 Rege

248 1955 490 2020 Romanorum
504 1955 727 2034 impetrasset
742 1963 779 2016 ut
794 1955 830 2016 in
844 1953 1038 2016 Bavariam
1054 1954 1190 2017 veniret
1206 1954 1299 2017 idem
1318 1953 1357 2016 P.
1373 1953 1477 2018 Cani·

249 2063 333 2140 siuS,
350 2072 388 2127 ut
403 2063 534 2143 aliquid
549 2061 822 2124 constitueretur
837 2060 879 2123 de
895 2061 1045 2139 collegio
1072 2061 1292 2139 theologico,
1308 2061 1402 2141 quod
1423 2061 1479 2124 In-

246 2169 414 2250 golstadii
440 2168 557 2232 facere
583 2168 740 2246 volebat,
762 2166 940 2230 rediturus
960 2165 1113 2246 Pragam
1134 2167 1238 2230 simui
1258 2179 1362 2246 atque
1381 2185 1478 2230 nova

247 2279 387 2342 colonia
412 2276 523 2340 Roma
548 2277 655 2338 missa
682 2286 775 2338 esset
799 2273 822 2354 ³,
847 2273 914 2338 133ι
934 2272 1129 2337 Octobris³
1154 2274 1272 2353 Praga
1293 2273 1477 2355 proiectus

247 2383 475 2448 Monachium
493 2384 591 2446 venit
608 2379 630 2444 ⁴.

306 2491 376 2555 728.
421 2490 545 2570 Coepit
560 2500 678 2554 autem
693 2488 900 2552 dissuadere
915 2489 1008 2551 idem
1024 2487 1198 2564 Canisius,
1216 2507 1260 2550 ne
1275 2489 1387 2552 nostri
1402 2490 1470 2554 hoc

248 2616 341 2661 anno
357 2598 510 2678 Pragnm
526 2597 699 2673 venirent,
716 2613 757 2659 eo
771 2595 864 2675 quod
877 2595 1077 2659 aedificium
1089 2595 1287 2658 absolutum
1298 2612 1371 2659 non
1384 2607 1477 2676 erat;

256 2748 397 2761 ——n-—-
448 2752 458 2757 .-

248 2832 328 2875 ortus,
340 2826 473 2877 utriusque
484 2822 548 2866 iuris
558 2822 656 2873 doctor,
668 2818 787 2863 Carnium
800 2819 920 2862 Austriae
933 2817 1226 2861 archiducemeducavit
1237 2823 1263 2860 et
1272 2819 1363 2861 ,lanae
1370 2820 1478 2871 reginae

247 2895 432 2951 perdnodecim
441 2906 522 2938 annos
531 2905 547 2937 a
557 2892 759 2937 confessionibus
769 2891 826 2935 init.
836 2889 945 2943 Propter
955 2891 1129 2943 eloquentiam
1137 2902 1210 2933 suam
1218 2896 1245 2933 et
1255 2890 1399 2934 doctrinam
1408 2901 1478 2944 „ora-

247 2970 346 3013 culum¹⁴
356 2967 464 3021 capituli
476 2966 611 3019 pragensis
622 2965 774 3007 vocabatur.
785 2962 892 3005 Multum
902 2962 1041 3007 laboravit.
1052 2969 1081 3005 ut
1092 2962 1210 3005 Societas
1218 2960 1280 3014 Jesu
1289 2962 1314 3004 in
1325 2961 1475 3007 Bohemiam

246 3040 452 3084 introduceretur
463 3046 489 3081 et
502 3046 530 3081 ut
539 3035 767 3089 archiepiscopalis
777 3034 851 3077 sedes
862 3034 1000 3087 pragensis
1011 3034 1115 3075 tandem
1125 3044 1221 3075 vacare
1233 3034 1370 3081 desineret:
1380 3040 1407 3077 st
1419 3036 1474 3088 ipse

247 3111 402 3167 dignitatem
419 3110 489 3153 illam
504 3112 655 3151 constanter
666 3106 796 3149 recusauit
812 3104 884 3157 (Ant.
896 3104 993 3156 Frtnd,
1004 3103 1052 3147 Die
1065 3103 1221 3148 Geschichte
1232 3106 1277 3147 der
1290 3104 1407 3149 Bischbie
1422 3108 1472 3151 und

246 3184 414 3231 Erzbiscbbie
432 3194 482 3227 von
498 3180 566 3233 Prag
584 3179 663 3234 [Prag
680 3178 774 3233 187³]p.
792 3176 898 3230 liii-lbi).
917 3178 942 3221 A
959 3177 1071 3220 Gothet'n
1086 3178 1321 3231 ,arehiepiscopum
1337 3190 1474 3231 perperam

245 3264 357 3301 vocatur
367 3255 493 3309 (ignatius
504 3266 554 3297 von
565 3252 657 3296 Lolola
666 3252 717 3295 und
727 3250 767 3293 die
779 3248 1050 3303 Gegenreiormation.
1058 3260 1118 3303 pag.
1126 3249 1174 3303 736,
1182 3250 1254 3301 737„
1262 3250 1477 3307 Barousaaaoarr,

248 3330 307 3381 Le,
319 3340 380 3383 pag.
389 3328 437 3381 599,
448 3332 536 3371 annot.
549 3328 567 3367 i.

288 3402 296 3433 ¹
325 3400 362 3443 De
371 3399 402 3443 iis
410 3399 506 3442 daleris
514 3398 623 3449 (talaris,
633 3396 731 3449 strator)
740 3407 878 3450 eorumque
887 3395 978 3438 valore
991 3395 1055 3437 haee
1064 3394 1281 3440 Baausssaacsa.
1294 3395 1310 3436 l.
1321 3406 1352 3437 c..
1359 3406 1419 3448 pag.
1426 3395 1477 3447 oli,

246 3478 333 3517 annot.
341 3473 362 3515 5:
373 3470 504 3515 “Achilles
516 3469 669 3513 Pirrm'nius
680 3468 788 3517 Gasser,
798 3467 910 3510 medicus
921 3473 1083 3519 augustanus
1093 3465 1118 3517 (†
1130 3465 1189 3516 1577,
1201 3466 1226 3507 in
1236 3465 1407 3515 ‘Annalibum
1420 3468 1475 3511 suis

246 3544 400 3599 augustanis
408 3542 489 3586 relert
497 3554 565 3585 anno
574 3540 626 3585 1560
635 3540 764 3584 “unciales
774 3539 895 3591 Teletos„
903 3544 928 3581 et
938 3540 1035 3581 taleros
1044 3541 1190 3589 argenteos,
1199 3547 1263 3589 quos
1269 3535 1377 3580 Carolus
1384 3537 1409 3579 V
1416 3546 1477 3582 ante

247 3614 336 3659 decem
353 3614 470 3658 sunosio
486 3624 559 3657 usum
574 3611 713 3662 induxerit,
729 3610 839 3654 abolitos
855 3620 919 3662 esse,
933 3616 1012 3663 atque
1027 3610 1074 3651 hos
1090 3608 1123 3660 is,
1139 3608 1198 3650 illos
1212 3608 1238 3650 17
1247 3609 1334 3651 bacios
1349 3619 1475 3663 aequasse

247 3685 446 3738 <Batzen=ii·l2
453 3686 547 3729 nummi
560 3683 728 3739 [“Piennlge,]
739 3681 974 3735 germanici=bi=l5
983 3681 1165 3732 “centimes„)„.

288 3758 300 3789 ¹
327 3756 432 3801 HicMs.
443 3756 522 3800 habet
533 3758 580 3799 est.

287 3828 299 3861 ⁸
326 3828 393 3871 Vide
404 3838 491 3881 supra,
502 3838 560 3881 pag.
573 3826 620 3875 ms,
632 3838 655 3869 n.
665 3824 714 3877 72t,
725 3818 814 3868 a'nnot.
824 3824 846 3866 2.

286 3900 298 3933 ⁴
326 3900 353 3942 12
361 3899 445 3953 giorni
456 3910 527 3947 sono.
537 3898 584 3941 che
596 3898 618 3941 io
631 3898 664 3940 mi
672 3896 751 3950 partii
762 3896 795 3938 da
806 3894 901 3947 Praga,
912 3905 958 3947 per
968 3892 1058 3936 venire
1069 3892 1095 3935 in
1106 3884 1226 3945 Bavlera,
1238 3894 1333 3938 sicome
1346 3894 1398 3939 Sua
1410 3896 1478 3941 Mae·

247 3972 290 4015 siit
300 3971 407 4015 essendo
417 3970 565 4015 sollecitata
575 3970 636 4014 dali'
646 3968 819 4012 illustrissimo
835 3965 908 4009 Daca
920 3966 945 4008 di
956 3964 1060 4008 Badera
1070 3964 1104 4007 mi
1118 3966 1213 4007 scrisse
1223 3978 1237 4007 e
1247 3966 1380 4019 comandb‚
1394 3969 1442 4011 che
1451 3969 1477 4012 lo

247 4042 280 4087 tia
289 4042 376 4097 Praga
386 4042 482 4086 venissl
493 4044 519 4085 al
530 4042 601 4085 detto
611 4041 685 4085 Duca
694 4051 741 4093 per
755 4040 900 4082 deliberare
912 4050 926 4080 e
941 4036 1094 4080 concludere
1105 4037 1130 4079 di
1142 4048 1175 4079 un
1190 4038 1299 4089 collegio
1313 4040 1438 4093 teologico
1448 4041 1473 4083 in

246 4112 392 4169 Ingolstad.
412 4114 435 4157 E
450 4116 504 4158 cosi
520 4113 670 4157 mostrando
685 4113 708 4155 io
725 4118 817 4165 questa
833 4112 928 4153 lettera
945 4109 987 4151 del
1000 4108 1036 4151 Re
1046 4109 1091 4151 alli
1109 4108 1213 4161 signori
1230 4109 1255 4153 di
1267 4109 1361 4163 Praga,
1371 4111 1389 4153 ii
1400 4122 1476 4164 parse

245 4186 318 4239 bene,
330 4187 377 4229 che
389 4186 412 4229 lo
422 4185 526 4229 andassi
536 4185 621 4228 subito
632 4184 657 4227 ln
670 4182 805 4226 Bavierae
816 4183 900 4225 subito
912 4180 1049 4224 ritornassi
1060 4192 1076 4223 a
1087 4181 1146 4233 quel
1154 4186 1247 4234 tempo.
1255 4182 1356 4235 quando
1366 4182 1384 4225 li
1394 4185 1476 4226 nostri

244 4256 270 4300 di
282 4256 364 4301 Roma
373 4260 513 4301 sarebbero
523 4256 644 4306 arrivati.
655 4256 709 4299 cioe
721 4256 792 4299 circa
802 4255 819 4297 il
831 4254 958 4307 principio
969 4253 993 4295 di
1005 4254 1156 4304 novembre,
1164 4253 1274 4295 secondo
1285 4253 1302 4295 ii
1310 4254 1365 4297 loro
1374 4265 1476 4308 parere.

243 4326 311 4373 Item
321 4328 354 4372 mi
365 4328 466 4371 deitero
476 4339 511 4371 uo
521 4338 598 4371 curru
609 4340 622 4370 e
633 4338 684 4370 una
695 4329 790 4369 lettera
801 4329 827 4369 al
839 4324 920 4377 Duca,
932 4325 1004 4367 accio
1016 4324 1040 4366 io
1051 4326 1162 4367 tornassi
1174 4330 1270 4376 presto.
1281 4323 1351 4368 Onde
1362 4326 1477 4370 inessen·

244 4398 311 4443 domi
321 4400 523 4444 raccomandaro
533 4401 559 4443 al
570 4398 664 4453 Signor
674 4407 763 4441 nostro
775 4397 844 4441 Gesu
855 4397 950 4447 cristo,
961 4406 1011 4439 con
1021 4397 1046 4438 ia
1057 4406 1104 4438 sua
1114 4396 1205 4448 grazia
1215 4396 1248 4439 ho
1256 4396 1301 4449 giu
1311 4397 1377 4440 fatto
1385 4406 1477 4452 questo

244 4471 380 4524 cummino,
391 4472 512 4514 massime
528 4471 622 4525 perche
634 4473 660 4514 la
671 4470 700 4513 R.
715 4470 739 4512 P.
752 4469 784 4513 V.
796 4480 841 4523 per
858 4470 927 4512 altra
941 4469 1013 4511 volta
1031 4468 1063 4510 mi
1079 4466 1182 4520 scrisse,
1193 4468 1239 4511 ebe
1251 4468 1275 4510 io
1284 4479 1334 4511 nou
1349 4473 1475 4515 mancassi

245 4550 342 4599 quanto
353 4544 406 4587 alia
416 4549 491 4597 parte
502 4544 588 4587 mindi
598 4542 748 4597 gratificare
759 4552 775 4585 a
786 4548 875 4595 questo
887 4541 1051 4584 illustrisimo
1059 4538 1141 4590 Duco,
1149 4550 1177 4581 se
1185 4539 1203 4582 il
1211 4547 1299 4583 nostro
1309 4540 1478 4588 Serenisslmo

245 4612 282 4660 Re
291 4614 458 4665 consentisse,
466 4614 576 4657 siccome
586 4616 666 4658 anche
678 4618 690 4657 e
703 4620 773 4657 stato
783 4624 916 4667 promesso
928 4614 953 4655 in
965 4612 1055 4676 Roma,
1067 4612 1089 4655 si
1100 4612 1123 4655 io
1134 4623 1172 4653 me
1183 4612 1308 4655 raccordo
1316 4614 1410 4666 benaa
1418 4617 1477 4670 quel

245 4684 398 4741 Segretario
412 4685 454 4728 dei
465 4686 536 4729 detto
546 4684 688 4741 Principe„
699 4685 818 4729 Canisius
833 4685 936 4739 ignatio
954 4686 981 4728 26
991 4683 1111 4728 Octobris
1124 4684 1181 4726 tros.
1191 4682 1403 4739 Baacusaaaoaa,
1415 4689 1431 4730 l.
1443 4699 1474 4741 e.¹

246 4769 308 4815 pag.
319 4756 360 4801 563
369 4762 395 4801 et
405 4756 453 4801 ott.
