3717 5400
838 469 967 530 Canon.
987 468 1065 531 Soc.
1086 471 1157 543 Jss.

383 615 522 682 videtur
549 618 586 681 in
611 620 741 682 malam
767 627 904 698 partem
928 617 965 682 id
991 618 1172 698 accepisse
1191 617 1366 697 Pontilex,
1394 637 1415 682 a
1439 636 1509 698 quo
1534 636 1619 683 cum.

382 722 541 790 Nuncius
552 725 768 805 apostolicus
780 727 816 789 in
829 724 1060 789 Germaniam
1071 725 1262 790 mittendus
1275 724 1286 793 ,¹
1299 725 1508 790 nominatim
1520 725 1617 790 hunc

380 829 524 896 Patrem
537 835 765 913 postulasset,
783 841 817 896 et
833 833 907 913 ipse
934 832 1181 912 concessisset,
1209 851 1290 896 cum
1313 832 1488 913 quaedam
1509 834 1618 913 paulo

380 949 462 1019 post
476 940 522 1002 ad
538 957 725 1003 commune
740 941 871 1003 bonum
886 940 1102 1020 pertinentia
1116 939 1333 1018 incidissent,
1356 940 1392 1003 in
1412 941 1540 1020 quibus
1562 941 1612 1002 vi·

381 1044 529 1110 debatur
544 1046 706 1111 Pontifici
722 1065 831 1128 opera
847 1045 960 1128 ipsius
973 1047 1010 1112 P.
1027 1047 1173 1128 Laynez
1192 1056 1403 1128 opportuna,
1424 1048 1615 1110 revocavit

380 1154 476 1234 quod
491 1153 629 1218 Nuncio
645 1164 883 1233 concesserat,
897 1165 932 1218 et
948 1153 1054 1234 jussit
1071 1165 1109 1217 ut
1127 1153 1278 1217 Romam
1299 1154 1435 1217 veniret
1457 1153 1495 1216 P.
1517 1153 1608 1232 Lay·
1653 1215 1657 1220 .

378 1279 455 1326 nez.
471 1262 515 1324 Et
530 1263 611 1342 quia
627 1261 829 1325 Florentiae
843 1261 997 1325 Ducissa
1018 1261 1030 1292 ⁸
1049 1261 1197 1324 sollicite
1221 1260 1369 1324 curabat
1383 1261 1546 1324 eumdem
1560 1260 1606 1324 ad

379 1386 418 1432 se
432 1369 533 1448 mitti,
551 1367 717 1432 Summus
725 1369 888 1432 Pontifex
899 1385 1067 1448 expresse
1081 1368 1171 1432 dixit
1184 1385 1229 1431 ne
1240 1385 1286 1432 ex
1300 1366 1395 1432 Urbe
1411 1368 1605 1443 recederet;

378 1476 528 1540 etiamsi
541 1477 654 1557 ipsius
665 1476 806 1539 nomine
818 1476 1006 1555 diceretur,
1020 1475 1102 1556 quia
1113 1475 1203 1538 haec
1214 1484 1292 1538 erat
1304 1475 1417 1554 ipsius
1427 1474 1613 1553 voluntas,

379 1591 501 1646 utnon
513 1581 705 1658 recederet;
719 1591 753 1645 et
765 1598 851 1646 suae
860 1582 1080 1646 obedientiae
1091 1598 1172 1645 eum
1182 1581 1384 1645 immediate
1395 1582 1606 1645 reservavit.

439 1688 489 1752 60.
535 1688 623 1753 Cum
639 1698 757 1752 autem
772 1689 815 1752 de
827 1688 1000 1754 eodemP.
1013 1687 1157 1770 Laynez
1168 1689 1205 1752 in
1215 1687 1441 1752 Cardinalem
1452 1689 1611 1752 creando

379 1805 556 1877 ageretur,
575 1813 680 1876 aqua
695 1795 868 1875 dignitate
880 1803 914 1859 et
929 1796 1006 1875 ipse
1026 1812 1195 1860 aversum
1214 1795 1367 1858 habebat
1387 1795 1555 1875 animum,
1573 1804 1610 1858 et

282 1940 285 1948 ,
377 1913 462 1968 voto
489 1903 669 1967 contrario
692 1901 794 1982 juxta
820 1902 1090 1966 constitutiones
1113 1901 1302 1981 firmatum,
1329 1911 1364 1966 et
1387 1901 1426 1965 P.
1446 1902 1609 1982 ignatius

376 2012 473 2075 nulla
488 2012 626 2074 ratione
652 2010 687 2073 id
712 2009 879 2090 expedire
903 2009 1089 2083 sentiebat,
1115 2008 1298 2088 diligentia
1322 2025 1394 2073 non
1418 2007 1608 2074 mediocris

376 2119 537 2184 adhibita
550 2128 604 2180 est
619 2125 656 2180 ut
671 2116 705 2179 id
720 2133 794 2180 non
810 2115 920 2180 fieret.
937 2117 982 2179 Et
993 2117 1028 2179 in
1043 2116 1167 2197 primis
1183 2116 1228 2178 ab
1242 2116 1393 2196 ipsomet
1407 2113 1445 2178 P.
1462 2116 1612 2196 Laynez

378 2225 517 2289 litterae
533 2225 688 2306 scriptae
712 2224 858 2287 luerunt
873 2241 982 2287 manu
1006 2223 1162 2303 propria,
1189 2223 1315 2302 quibus
1340 2222 1550 2302 testabatur,
1569 2241 1609 2286 se

375 2342 562 2414 postquam
578 2349 620 2395 ea
635 2331 831 2395 intentione
845 2331 988 2411 saepius
999 2329 1146 2394 Missam
1158 2330 1384 2407 celebrasset,
1399 2347 1442 2393 ac
1453 2328 1612 2397 Domino

373 2456 412 2503 se
427 2438 724 2517 commendasset,
745 2439 839 2518 quod
854 2455 977 2501 coram
988 2437 1142 2501 Domino
1149 2436 1340 2500 inhabilem
1352 2435 1398 2499 ad
1408 2438 1516 2499 talem
1526 2451 1607 2515 grn-

373 2545 455 2610 dum
467 2563 507 2610 se
519 2563 596 2609 esse
609 2545 843 2624 intelligebat,
857 2553 892 2607 et
903 2544 998 2624 quod
1009 2543 1134 2608 melius
1146 2543 1288 2607 divinae
1298 2541 1476 2622 Majestati
1488 2552 1522 2605 et
1533 2540 1611 2622 eius

373 2651 554 2718 Ecclesiae
571 2661 605 2716 et
632 2649 780 2716 Summo
807 2650 970 2716 Pontifici
987 2650 1223 2715 inserviturus
1245 2658 1339 2713 esset
1363 2649 1399 2713 in
1414 2667 1480 2715 sua
1500 2666 1608 2713 voca·

373 2761 470 2825 tione
484 2760 762 2841 perseverand0;
781 2768 815 2822 et
829 2760 911 2839 quia
927 2759 1074 2823 timebat
1087 2758 1353 2837 suggestionem
1367 2773 1446 2821 esse
1465 2756 1604 2820 daemo-

372 2866 439 2946 ιιίε,
457 2867 518 2947 qui
533 2865 756 2929 contrarium
772 2865 948 2943 suaderet3
965 2864 1003 2928 P.
1019 2864 1196 2945 Ignatium
1215 2864 1367 2943 rogabat
1385 2872 1423 2926 ut
1437 2880 1605 2943 quacum·

373 2990 441 3055 que
456 2973 593 3037 ratione
613 2981 737 3053 posset
756 2971 790 3034 id
812 2972 982 3052 impedire
1002 2972 1172 3034 niteretur
1190 2969 1212 3033 ³.
1235 2969 1371 3033 Deinde
1390 2987 1472 3033 cum
1486 2970 1609 3051 aliquo

372 3096 418 3145 ex
432 3080 557 3143 amicis
575 3078 822 3143 cardinalibus
836 3089 958 3141 actum
972 3086 1036 3157 est,
1053 3090 1091 3141 ut
1106 3078 1136 3139 si
1146 3086 1312 3157 pergeret
1331 3075 1532 3155 hujusmodi
1547 3094 1607 3138 ne-

372 3188 508 3267 gotium
534 3196 568 3249 et
599 3184 736 3248 Summi
759 3184 940 3249 Pontificis
963 3186 1128 3248 voluntas
1153 3199 1385 3263 perseverare
1409 3183 1605 3263 videretur,

371 3310 595 3375 quacumque
611 3292 751 3356 ratione
771 3302 891 3371 posset
912 3292 1110 3372 impediret.
1127 3291 1172 3354 Et
1187 3291 1307 3370 aliqua
1321 3289 1428 3353 etiarn
1447 3289 1485 3352 P.
1501 3290 1604 3369 Igna-

369 3400 440 3464 tius
457 3400 603 3463 ulterius
622 3398 859 3462 meditabatur
874 3396 886 3429 ⁴
901 3408 936 3461 et
950 3399 1099 3479 ipsemet
1122 3396 1161 3460 P.
1184 3397 1340 3477 Laynez,
1367 3397 1397 3459 si
1422 3396 1606 3459 noniutcl·

411 3567 420 3599 ¹
449 3566 592 3609 Zacharias
604 3566 727 3620 Dellinus,
741 3578 817 3621 quem
827 3566 923 3611 Paulus
933 3565 971 3610 IV
982 3566 1063 3610 Roma
1074 3566 1099 3608 ld
1107 3565 1257 3609 Decembris
1270 3565 1321 3608 1555
1333 3562 1519 3608 Ferdinandol
1539 3568 1599 3608 scri-

369 3645 460 3693 pserat
470 3648 498 3681 se
511 3638 605 3681 iterum
621 3637 654 3681 ad
670 3648 726 3681 eum
746 3639 851 3681 mittere
866 3638 991 3681 nuntium.
999 3637 1166 3690 Κιιιιιιιυιιι,
1176 3635 1296 3679 Annales
1306 3634 1503 3687 Ecclesiastici,
1510 3642 1528 3679 t.
1546 3646 1604 3691 ur,

370 3720 394 3753 a.
405 3709 467 3761 1555,
476 3720 501 3753 n.
512 3719 546 3762 ιι;
558 3708 775 3762 Banoussssosn,
786 3711 802 3752 1.
815 3720 846 3761 c.,
857 3720 916 3763 pag.
926 3708 974 3761 591,
987 3708 1113 3752 Polancus
1122 3718 1211 3762 supra.
1220 3715 1239 3751 t.
1251 3718 1286 3759 ιν,
1297 3718 1359 3762 pag.
1372 3706 1405 3761 16,
1414 3706 1602 3751 annot.2.-De

369 3780 419 3824 hac
430 3788 457 3823 re
468 3780 533 3823 nihil
545 3780 624 3822 habet
637 3780 723 3823 Bosno
735 3781 760 3822 in
777 3778 836 3823 Vita
848 3780 891 3823 det
900 3790 979 3823 servo
989 3780 1019 3823 dt
1026 3778 1078 3822 Dio
1094 3779 1124 3824 P.
1141 3780 1264 3823 diacoma
1280 3778 1395 3829 Lainea:
1412 3778 1540 3833 quaedam
1558 3788 1608 3821 nos

368 3850 489 3895 dabimus
500 3851 525 3893 ln
537 3849 612 3892 Nova
625 3850 701 3894 serie
710 3851 866 3893 litterarum
879 3850 973 3894 Sancti
982 3850 1093 3904 Ignatii.

409 3923 421 3954 ²
447 3922 577 3966 Eleonora
589 3922 620 3965 de
633 3922 736 3969 Tuledo.
746 3922 776 3965 de
787 3933 839 3976 qua
849 3922 953 3977 saepius
962 3932 1042 3977 sopra
1051 3929 1079 3966 et
1089 3922 1168 3966 inira.

406 3992 419 4026 ὃ
445 3992 507 4038 Tria
517 4000 577 4037 sunt
590 3995 683 4037 harum
693 3996 844 4039 litterarum
854 3996 984 4049 exempla.
991 4004 1056 4048 quas
1065 3993 1093 4036 Ρ.
1104 3992 1209 4048 Laynez
1218 3992 1323 4046 scripsit
1334 3999 1362 4037 ut
1373 4005 1388 4036 a
1398 4004 1426 4036 se
1437 3992 1504 4036 hanc
1515 3991 1600 4046 digni-

367 4069 449 4109 tatem
459 4070 602 4108 averteret.
619 4064 732 4109 Primum
744 4065 817 4109 Patri
828 4064 931 4119 ignatio
942 4066 1031 4119 lingua
1041 4064 1151 4119 hispana
1158 4071 1242 4111 totum
1249 4075 1326 4109 manu
1336 4064 1423 4108 Patris
1431 4063 1545 4119 Laynez.
1557 4063 1604 4116 qui

367 4134 447 4179 etism
457 4146 549 4177 nomen
560 4146 636 4179 suum
646 4136 807 4190 subscripsit.
820 4136 883 4180 Sunt
894 4142 982 4182 tamen
992 4137 1018 4181 in
1029 4147 1059 4179 eo
1068 4146 1153 4189 pauca
1162 4138 1245 4181 verba
1254 4136 1353 4181 inserta
1361 4147 1376 4179 a
1385 4135 1413 4178 P.
1425 4134 1543 4179 l‘olanco.
1556 4135 1601 4178 al·

365 4213 450 4251 torum
461 4216 551 4258 manu,
562 4214 591 4251 ut
603 4208 716 4260 videtur,
729 4208 816 4253 Patris
825 4208 932 4261 Joannls
942 4208 1055 4263 Philippi
1065 4206 1135 4260 Vlto,
1146 4206 1278 4253 Cardlnali
1290 4207 1378 4251 Otroni
1389 4207 1541 4255 Trucltsess,
1553 4207 1600 4249 lin·

366 4288 419 4333 xus
429 4278 527 4329 italica,
537 4279 581 4320 sed
590 4279 645 4323 sine
655 4279 854 4334 subscriptione.
862 4279 978 4327 Tertium
985 4278 1166 4325 brevissimum
1173 4280 1262 4334 lingua
1269 4280 1332 4323 item
1341 4280 1449 4333 hispana
1457 4287 1484 4322 et
1492 4277 1599 4322 Polanci

366 4359 453 4400 manu,
464 4347 490 4391 in
502 4358 552 4401 quo
563 4359 647 4403 pauca
658 4352 741 4393 verba
758 4351 857 4395 addidit
873 4362 950 4395 manu
967 4352 1077 4405 propris
1093 4350 1208 4406 Laynez,
1222 4351 1441 4404 quamvisnomen
1458 4360 1532 4393 suum
1549 4359 1601 4392 noo

365 4420 527 4473 subscripsit.
541 4419 625 4465 Datae
636 4429 695 4465 aunt
711 4428 800 4467 ternae
812 4422 863 4467 hae
871 4424 978 4467 litterae
991 4422 1032 4467 Da
1043 4422 1218 4470 casad19da
1232 4422 1382 4466 Diciembre
1391 4423 1425 4464 rie
1434 4421 1511 4465 1555.

407 4492 419 4525 ⁴
443 4488 482 4533 “Y
493 4491 518 4534 el
528 4493 577 4533 ado
589 4491 642 4535 1555
653 4504 683 4535 eu
696 4495 718 4535 el
729 4504 784 4537 mes
794 4493 825 4540 de
836 4492 958 4543 Octubre,
967 4492 1093 4537 sablendo
1102 4504 1151 4547 que
1161 4495 1186 4536 el
1196 4494 1269 4547 Papa
1281 4492 1360 4537 Paulo
1369 4492 1407 4537 IV
1417 4490 1509 4546 queris
1519 4502 1550 4534 en
1561 4497 1604 4535 to·

365 4562 414 4608 das
423 4572 545 4605 matteras
555 4562 635 4605 baeer
648 4561 777 4607 Cardenal
787 4564 814 4607 al
826 4562 911 4607 Padre
927 4563 1042 4610 Naestro
1053 4562 1168 4617 Lsynez,
1178 4575 1218 4610 me
1233 4564 1286 4617 dito
1296 4562 1407 4607 Nuestro
1419 4562 1503 4607 Padre
1518 4574 1567 4617 que
1577 4564 1602 4607 si

366 4634 391 4675 lo
402 4632 481 4685 luese,
493 4634 518 4676 lo
528 4632 599 4677 serla
610 4634 642 4677 da
651 4640 740 4677 suerte
750 4645 800 4688 que
811 4636 834 4677 el
845 4634 940 4685 mundo
948 4635 1100 4679 entendlese
1110 4638 1182 4680 como
1192 4636 1218 4681 la
1233 4634 1375 4689 Compadla
1389 4634 1518 4687 aceptaba
1534 4636 1601 4679 teies

368 4701 543 4755 dignidsdes.„
554 4700 745 4757 Rrvnoanarsn,
762 4702 828 4746 Vida
839 4704 872 4747 de
884 4704 940 4747 San
951 4704 1070 4758 ignatio,
1080 4705 1121 4747 lib.
1134 4716 1171 4756 ιιι,
1186 4716 1243 4760 cap.
1261 4705 1472 4749 15.-·“Perciocite
1489 4704 1508 4750 lt
1519 4702 1604 4749 Santo
