3717 5400
798 497 863 558 Au.
885 500 956 559 1555
1453 500 1492 559 37
1532 520 1534 523 ·

258 659 298 707 se
312 643 534 723 satisfacere3
550 653 584 708 et
600 645 650 708 ita
665 643 703 708 P.
717 645 925 724 Alphonsus
935 645 1132 725 Salmeron,
1146 645 1296 710 Romam
1307 657 1490 725 evocatuS,

259 750 436 815 Nuneium
457 750 721 832 Apostolicum,
744 750 790 814 ad
809 752 1059 832 Augustanam
1080 752 1234 816 diaetam
1255 753 1412 831 missum,
1433 770 1492 816 co·

259 859 378 922 mitari
394 857 515 938 jussus
531 866 635 922 estet
657 856 739 921 inde
753 859 791 922 iu
805 857 989 922 Poloniam
1004 859 1171 940 progredi
1186 867 1267 940 post
1285 859 1491 940 praedictae

257 965 398 1030 diaetae
412 965 519 1028 finem
537 963 557 1024 ¹.
575 965 630 1029 De
644 965 826 1029 laboribus
841 974 971 1045 autem,
984 983 1073 1046 quos
1087 967 1125 1030 in
1138 984 1182 1030 ea
1201 966 1489 1047 peregrinatione

258 1072 412 1152 pertulit,
429 1072 500 1135 alio
515 1073 594 1134 loco
611 1071 790 1152 agendum
803 1072 871 1136 erit
885 1079 908 1132 ¹.

316 1179 367 1241 67.
412 1179 587 1259 Legatum
602 1178 711 1260 Regis
726 1178 979 1259 Romanorum,
996 1197 1102 1261 quem
1117 1179 1278 1244 Marcum
1297 1182 1462 1244 comitem
1476 1179 1488 1212 ⁸

255 1288 446 1365 vocabant,
464 1287 681 1350 intellectum
696 1295 751 1349 est
765 1303 921 1367 curasse,
944 1297 983 1350 ut
1005 1287 1075 1351 duo
1089 1289 1148 1351 vei
1166 1298 1240 1351 tres
1258 1287 1425 1367 Episcopi
1444 1288 1488 1352 de

254 1403 378 1457 nostra
394 1391 571 1457 Societate
585 1391 718 1472 fierent,
735 1393 799 1457 sed
813 1393 924 1457 adsuit
940 1393 1042 1457 nobis
1056 1392 1242 1474 Dominus,
1265 1405 1300 1458 et
1321 1394 1407 1458 nihil
1428 1395 1487 1458 ille

255 1500 447 1580 impetrare
461 1501 576 1580 potuit
590 1497 612 1563 ⁴.

314 1605 365 1669 68.
409 1606 684 1687 Argentinensis
698 1607 895 1687 Episcopus
910 1606 937 1687 ⁶,
954 1625 1036 1671 cum
1049 1609 1231 1672 civitatem
1247 1625 1349 1672 suam
1363 1609 1484 1672 haere·

253 1713 335 1777 ticis
360 1715 502 1794 plenam
526 1713 676 1793 doleret,
704 1713 840 1777 initium
866 1714 1015 1794 alicujus
1040 1714 1183 1793 collegii
1202 1714 1331 1778 ibidem
1350 1715 1485 1778 institui

252 1819 430 1901 cupiebat,
447 1828 483 1883 et
503 1829 542 1883 ut
557 1821 755 1884 mitteretur
774 1821 931 1885 instabat
949 1818 973 1900 ο;
990 1820 1041 1884 sic
1061 1831 1097 1884 et
1116 1815 1485 1902 Ratisbonensii'Epi·

253 1943 384 2009 scopus
404 1926 426 2006 ²,
448 1927 538 1991 etin
559 1927 720 2007 Ungaria
741 1925 995 2008 Strigoniensis
1015 1927 1317 2009 Archiepiscopus
1343 1926 1367 2008 ⁸,
1390 1937 1426 1992 et
1447 1929 1484 1991 in

254 2033 380 2098 Prusia
395 2033 618 2098 Varmiensis
633 2032 656 2113 ⁹,
680 2035 741 2116 qui
754 2044 792 2098 ut
806 2035 970 2098 columna
990 2034 1165 2116 quaedam
1179 2036 1216 2100 in
1237 2034 1362 2114 Regno
1383 2033 1482 2098 Polo·

251 2142 333 2206 niae
348 2141 557 2205 habebatur:
578 2149 614 2205 et
634 2141 695 2204 aiii
714 2141 793 2205 aliis
813 2141 850 2204 in
871 2141 970 2221 locis,
993 2143 1144 2223 collegia
1162 2143 1398 2224 postulabant;
1420 2143 1484 2206 sed

250 2250 320 2313 hoc
336 2266 430 2312 anno
444 2250 579 2313 nulium
593 2265 716 2312 eorum
730 2249 924 2313 admissum
939 2259 1004 2314 est.
1025 2247 1094 2313 Sed
1108 2248 1152 2313 de
1171 2248 1343 2330 Pragensi
1363 2249 1399 2312 in
1417 2247 1482 2311 Bo·

250 2356 370 2420 hemia
394 2354 622 2435 instituendo,
647 2354 792 2419 Summo
817 2355 987 2420 Pontifice
1011 2357 1048 2420 id
1072 2358 1122 2420 ita
1144 2358 1296 2432 volente,
1320 2366 1354 2419 et
1376 2355 1482 2420 Patre

293 2591 301 2622 ¹
330 2589 445 2634 Nuncius
455 2601 471 2634 s
481 2589 564 2634 Paulo
573 2588 610 2632 IV
621 2589 654 2633 sd
666 2587 786 2633 Disetsm
797 2589 978 2643 Augustsnsm
989 2595 1016 2632 et
1025 2589 1084 2633 iude
1095 2589 1228 2633 Polonism
1239 2589 1332 2633 missus
1342 2589 1391 2633 init
1401 2589 1482 2644 Aioy·

249 2662 304 2707 sius
318 2661 487 2717 Liporusuus.
503 2660 661 2706 Veronensis
679 2661 823 2717 Episcopus
841 2661 853 2682 “
860 2689 902 2705 .....
920 2672 1008 2707 coram
1026 2661 1106 2706 etism
1122 2669 1184 2715 aget
1200 2659 1367 2705 Venerabilis
1386 2659 1482 2705 Frater

250 2735 374 2792 Aloysius
383 2734 527 2788 Episcopus
536 2732 702 2781 Veronensis.
716 2733 758 2777 cul
770 2734 795 2776 in
807 2732 940 2777 Polonlam
954 2739 1044 2778 nostro
1054 2741 1080 2777 et
1091 2732 1165 2776 Sedis
1175 2732 1342 2786 Apostolicue
1353 2732 1448 2777 Nuntio
1466 2743 1482 2776 a

248 2807 324 2851 nohis
340 2806 418 2850 misso
433 2807 459 2849 in
475 2803 605 2848 mandatis
617 2803 733 2848 dedimus
749 2811 778 2849 ut
794 2804 879 2848 isthac
897 2805 947 2847 iter
962 2804 1060 2848 iaceret
1074 2814 1107 2849 sc
1122 2803 1291 2849 Sereulssimo
1310 2803 1482 2849 Romanorum

248 2877 315 2933 Regi
329 2876 427 2932 tibique
442 2885 468 2919 et
485 2876 544 2920 aliis
560 2876 703 2920 Catholicis
718 2876 890 2929 Principibus.
901 2876 944 2930 qui
954 2875 1031 2919 isthic
1041 2884 1110 2928 sunt,
1127 2883 1244 2920 nostrum
1254 2887 1357 2919 sensum
1372 2887 1482 2929 expone·

248 2956 332 2994 reim.
340 2980 353 3001 „
363 2948 460 2992 Paulus
470 2946 507 2991 IV
518 2949 627 2993 Alherto
638 2947 703 2991 Duci
714 2946 854 2997 Bavsrise.
863 2946 878 2989 6
887 2946 949 2999 Julii
960 2948 1020 2999 1555,
1031 2949 1099 3002 opud
1110 2948 1255 2999 iriensem.
1267 2949 1283 2992 1.
1299 2958 1330 2999 c..
1346 2959 1370 2989 ιι.
1386 2958 1482 2990 mv.-

247 3020 316 3065 Enm
326 3032 377 3064 non
386 3020 420 3063 sd
430 3018 552 3063 Disetsm
566 3018 748 3073 Augusteum
763 3018 845 3061 solum
860 3018 904 3061 sed
921 3020 995 3074 qussi
1010 3020 1181 3063 ordinarium
1197 3020 1265 3073 apud
1280 3018 1378 3072 Regem
1393 3017 1482 3062 Ferdi·

246 3092 360 3137 neudum
370 3090 492 3134 Nuntium
509 3090 572 3134 lacit
582 3089 787 3143 Bruunsherger,
797 3090 857 3133 dum
873 3092 919 3134 sit:
935 3090 1029 3134 “Paulo
1044 3090 1082 3134 IV
1096 3091 1123 3135 23
1136 3090 1197 3135 Maii
1210 3091 1262 3134 1555
1275 3092 1367 3141 electo,
1385 3090 1483 3135 Zacha-

245 3165 302 3209 riss
317 3162 432 3207 Deliinus
448 3162 552 3207 nuntius
567 3162 642 3216 petiit
658 3164 687 3204 ut
702 3167 879 3211 revocaretur,
890 3163 915 3206 in
926 3163 999 3205 cuius
1010 3162 1094 3206 vicem
1109 3163 1142 3206 ud
1158 3168 1260 3216 tempus
1269 3162 1393 3217 Aloysius
1406 3161 1481 3217 Lipo·

246 3246 339 3280 mnus
354 3236 480 3279 successit
496 3232 551 3289 (Ss.
569 3233 766 3283 Pallavirr‘nus,
781 3232 899 3277 Historia
917 3234 1026 3278 concilii
1040 3234 1192 3284 TridentIni.
1210 3236 1227 3278 1.
1247 3235 1279 3284 13,
1299 3245 1322 3277 c.
1338 3233 1372 3284 18,
1391 3246 1416 3277 ιι.
1435 3234 1480 3288 2)..

246 3306 331 3352 Beati
339 3306 416 3351 Petri
427 3306 529 3350 canisii
539 3304 673 3359 epistulae
685 3308 711 3347 et
721 3306 792 3357 acta,
802 3312 820 3349 t.
831 3316 848 3357 1,
859 3315 919 3359 pag.
929 3304 977 3357 552,
990 3313 1078 3349 annot.
1090 3307 1110 3348 l.

287 3380 300 3411 ¹
326 3377 406 3429 inire,
418 3376 606 3421 5575851759.

286 3450 299 3483 ³
327 3447 450 3499 Marcum.
462 3447 589 3493 Comitem
599 3448 632 3491 sh
642 3447 722 3491 Arcu.
733 3446 800 3491 Vide
810 3458 898 3501 supra.
906 3458 968 3502 psg.
982 3448 1017 3501 22,
1028 3460 1052 3492 ιι.
1062 3448 1097 3497 35.
1106 3454 1133 3492 et
1149 3448 1301 3500 Ouusnorrr,
1312 3450 1329 3492 1.
1340 3460 1371 3497 c..
1381 3448 1426 3493 115.
1435 3460 1480 3502 xv,

244 3534 270 3567 ιι.
288 3520 580 3565 9.-verum1stehitue
597 3519 623 3564 in
639 3528 704 3563 voce
721 3520 770 3563 hac
791 3518 914 3563 Marcum
931 3519 1028 3574 sliquis
1045 3529 1133 3573 error,
1155 3519 1256 3574 eritque
1269 3520 1312 3564 hic
1325 3521 1369 3565 ille
1386 3520 1481 3574 Scipio,

247 3604 337 3639 comes
346 3596 380 3637 sb
390 3594 470 3643 Arcu.
487 3593 529 3647 qul
543 3591 701 3636 Ferdlnsndi
711 3590 828 3645 Legstus
838 3590 923 3634 iuerat
932 3590 988 3645 jum
997 3601 1065 3634 suno
1077 3590 1129 3634 1555
1142 3590 1281 3643 (Duurrsu,
1294 3590 1421 3644 Beitrage
1431 3602 1482 3633 sur

247 3664 508 3718 Reicnsgesciscste
517 3664 643 3718 15151551,
655 3670 673 3707 t.
685 3676 700 3715 1,
712 3673 772 3717 pag.
782 3660 832 3717 383)
842 3668 951 3716 eratque
961 3662 1040 3705 etism
1050 3674 1117 3707 enno
1124 3662 1178 3705 1560
1186 3662 1409 3717 (Burunsssuoss,
1419 3663 1437 3706 1.
1448 3672 1480 3716 c.,

245 3748 307 3793 pag.
316 3736 366 3787 582.
377 3744 466 3780 snnot.
476 3736 510 3786 2)?

287 3810 299 3842 ⁴
326 3807 393 3851 Vide
409 3808 439 3850 de
455 3808 504 3851 hec
519 3818 557 3860 re,
573 3806 691 3862 quemvis
706 3816 756 3849 uon
771 3805 804 3850 sd
819 3816 858 3857 es.
874 3816 940 3861 quse
954 3804 1003 3848 hoc
1018 3816 1085 3847 anno
1095 3811 1171 3858 gesta
1181 3810 1249 3858 sunt,
1265 3804 1310 3848 sed
1325 3804 1358 3847 ed
1373 3815 1404 3847 ea
1415 3816 1481 3858 quse

243 3890 313 3925 anno
328 3878 496 3934 praecedenti
511 3883 641 3933 spectent,
656 3877 768 3930 litteras,
779 3886 844 3931 ques
853 3876 912 3920 Don
924 3876 954 3919 di
963 3875 1033 3930 (Don
1043 3874 1174 3931 almost)
1185 3874 1270 3918 Lasso
1279 3875 1409 3919 scribebat
1419 3874 1482 3918 Fer·

243 3951 366 4001 dinsndo.
376 3949 551 3994 Romanorum
562 3948 635 4003 Regi,
645 3948 673 3991 22
683 3948 796 4002 Augusti
806 3948 866 3998 1554,
877 3948 947 4003 opud
956 3947 1170 3997 Busuusnsuouu,
1180 3949 1197 3990 1.
1208 3957 1239 3999 c.,
1249 3958 1310 4002 pag.
1319 3946 1417 3990 loo-758.

285 4020 298 4053 ⁸
324 4020 450 4065 Erasmus
463 4030 516 4063 von
526 4019 661 4073 Limburg,
677 4018 820 4073 Episcopus
831 4018 1003 4072 Argentorstl
1022 4018 1410 4072 (italisArgentina.Feunsu1,
1429 4018 1477 4063 Le·

241 4094 322 4137 xicon
332 4091 563 4147 geograpitcum),
573 4090 738 4143 Stresshurg.

283 4163 296 4197 θ
323 4162 362 4207 De
379 4163 411 4207 iis
430 4164 484 4219 egit
501 4162 621 4207 Canislus
637 4162 773 4216 Augustae
791 4174 849 4207 cum
866 4161 1053 4217 christophoro
1070 4162 1227 4217 Weislnger.
1247 4162 1479 4216 Argentoratensis

241 4235 366 4291 Episcopi
379 4235 552 4289 Cancellsrlo,
567 4240 597 4279 ut
609 4234 699 4278 videre
715 4241 755 4278 est
768 4234 835 4288 opud
846 4234 1059 4287 anuusuunonn,
1071 4236 1087 4279 l.
1101 4246 1133 4285 e..
1147 4246 1207 4289 psg.
1220 4233 1268 4287 555,
1286 4234 1329 4289 qui
1341 4244 1401 4288 pag.
1414 4246 1477 4289 seq.,

240 4314 332 4352 sunot.
348 4308 368 4355 5.
384 4308 450 4351 haec
464 4307 497 4351 sd
511 4317 566 4351 rem
580 4306 661 4350 addit:
677 4305 842 4361 “Collegium
858 4306 925 4361 quod
940 4304 1060 4349 Cenisius
1070 4305 1126 4349 lieri
1142 4306 1271 4359 cupiebat,
1286 4308 1320 4349 sb
1337 4305 1435 4357 Josnne
1446 4306 1478 4350 de

241 4376 648 4433 hisnderscheidfilsnirenheim,
664 4378 706 4432 qul
724 4376 833 4421 Erasmo
843 4378 960 4432 proxime
970 4379 1105 4430 successit,
1116 4388 1184 4422 anno
1202 4377 1254 4421 15111
1268 4376 1411 4421 Molshemii
1422 4390 1479 4422 con·

242 4450 328 4495 ditum
343 4460 392 4494 est.
407 4450 468 4505 ipss
483 4456 571 4495 sutem
585 4451 649 4493 urbs
663 4450 855 4504 argentinensis
870 4461 938 4493 enno
952 4451 1054 4494 demum
1071 4449 1125 4494 rost
1137 4450 1274 4504 collegium
1284 4450 1423 4495 Societntis
1437 4461 1479 4495 sc·

240 4521 338 4576 cepit..

284 4594 295 4623 '¹
323 4592 452 4649 Georgius
462 4604 513 4637 von
524 4592 706 4648 Psppenhelm.
1031 4634 1035 4641 .

284 4663 296 4698 ¹
323 4664 448 4709 Nicolsus
458 4664 525 4710 Oleli
534 4664 641 4718 (olaus).
652 4666 719 4710 Vide
730 4676 817 4720 suprs,
828 4673 846 4711 t.
858 4678 893 4719 ιν,
904 4677 965 4721 psg.
976 4666 1023 4713 253.
1033 4678 1058 4709 n.
1067 4665 1116 4711 550.

286 4732 299 4767 ⁹
327 4734 474 4780 Stsuislaus
484 4736 587 4781 Hosius.
599 4736 664 4781 Vide
675 4748 762 4793 supra,
773 4748 792 4781 t.
802 4748 837 4787 rr,
847 4748 906 4792 pag.
919 4738 951 4788 19,
962 4751 987 4781 n.
996 4738 1031 4789 211,
1044 4748 1069 4781 et
1080 4749 1138 4792 psg.
1148 4738 1195 4790 245,
1206 4750 1228 4782 ιι.
1238 4739 1286 4783 539.
