3717 5400
371 438 423 496 lib
827 441 955 499 Cxaox.
977 438 1053 498 Soc.
1074 438 1145 512 Jss.

430 582 500 646 412.
544 581 633 646 Cum
655 593 774 646 autem
798 585 998 648 mitteretur
1019 584 1054 647 in
1076 583 1256 662 oppidum,
1280 583 1323 646 dc
1347 601 1417 663 quo
1438 584 1600 664 superius

370 691 515 754 memini
531 690 552 769 ¹,
568 691 710 754 nomine
735 691 929 770 Berselum,
952 691 988 753 in
1008 691 1163 770 gratiam
1184 691 1351 770 Episcopi
1366 693 1377 721 ¹
1391 707 1433 752 ac
1449 691 1560 754 Ducis
1573 691 1597 769 ³,

367 814 479 878 equus
494 815 563 877 quo
578 799 775 861 vehebatur
789 797 927 876 cecidit,
952 807 986 860 et
1012 815 1095 861 crus
1111 798 1194 860 boni
1217 797 1333 864 Patris
1356 797 1542 877 confregit,
1559 809 1598 860 ut

370 905 570 984 timebatur,
586 913 621 967 et
634 905 684 968 ita
698 907 853 986 oportuit
868 917 906 968 ut
921 906 1097 968 curationi
1111 905 1212 968 daret
1225 922 1371 985 operam
1382 916 1416 968 et
1431 923 1598 970 exercen-

369 1012 437 1076 dae
450 1012 642 1092 patientiae
656 1013 691 1075 in
706 1014 848 1092 magnis
862 1013 1054 1090 doloribus,
1071 1012 1192 1092 inqua
1208 1031 1279 1076 non
1294 1030 1420 1092 parum
1437 1012 1598 1076 aedifica-

369 1120 476 1182 tionis
488 1116 624 1182 ¹nostris
638 1120 827 1198 praestitit.

426 1225 497 1288 413.
540 1225 690 1290 Scholae
704 1237 849 1290 nostrae
864 1227 1081 1291 Mutinenses
1098 1230 1165 1290 hoc
1187 1245 1280 1290 anno
1302 1243 1374 1288 non
1398 1243 1524 1303 parum
1542 1225 1599 1288 de·

365 1334 556 1409 clinarunt,
573 1331 673 1411 cujus
688 1348 797 1396 causa
809 1332 886 1411 suit,
904 1345 1045 1414 praeter
1060 1336 1130 1398 loci
1144 1333 1482 1408 incommoditatem,
1509 1333 1604 1412 quod

369 1441 541 1519 magister
565 1438 722 1521 Joannes
743 1439 909 1503 Valerius
929 1441 1050 1520 (quem
1076 1442 1218 1521 Tybure
1244 1439 1397 1502 diximus
1413 1437 1602 1518 superius⁴

367 1557 515 1611 mortem
530 1549 595 1611 sub
621 1559 829 1610 autumnum
844 1547 946 1625 hujus
962 1548 1045 1611 anni
1060 1547 1201 1626 obiisse)
1218 1549 1276 1627 qui
1294 1547 1429 1626 primae
1455 1546 1598 1609 scholae

367 1663 543 1734 praeerat,
557 1665 698 1733 praeter
713 1655 919 1717 catarrhum
934 1665 967 1716 et
984 1656 1137 1734 pectoris
1153 1654 1164 1685 ³
1188 1655 1358 1729 dolorem,
1385 1654 1597 1732 sanguinem

365 1778 533 1824 evomere
547 1763 663 1824 denuo
675 1771 842 1840 coeperat
858 1762 924 1824 hoc
941 1779 1034 1824 anno
1050 1763 1203 1839 ineunte,
1231 1772 1265 1825 et
1292 1778 1421 1824 venam
1442 1761 1597 1839 pectoris

368 1869 560 1947 abruptam
574 1868 732 1931 medicus
747 1867 942 1944 dubitabat,
956 1878 990 1930 et
1005 1869 1053 1930 ita
1069 1867 1219 1930 Romam
1235 1868 1363 1930 missus
1378 1877 1442 1930 est.
1459 1866 1596 1930 Praeci-

368 1977 430 2055 pui
445 1985 561 2038 autem
577 1973 653 2054 ejus
668 1975 884 2049 scholastici,
902 1975 962 2054 qui
976 1974 1143 2045 Ferraria
1163 1992 1205 2037 eo
1227 1984 1416 2050 venerant,
1441 1973 1596 2050 Gabriel,

369 2081 521 2161 Prosper
536 2091 569 2144 et
585 2079 767 2156 Hercules
785 2079 984 2158 Argentam
1004 2081 1085 2144 inde
1112 2081 1210 2144 missi
1224 2091 1317 2158 sunt;
1332 2081 1438 2144 immo
1459 2089 1493 2142 et
1509 2079 1595 2142 Lae·

367 2190 446 2266 lius;
464 2189 523 2267 qui
550 2203 684 2262 omneS,
701 2199 739 2249 ut
764 2188 919 2251 diximus
934 2190 957 2263 ⁰,
979 2201 1104 2267 postea
1125 2187 1276 2251 Romam
1291 2195 1474 2263 venerunt;
1499 2195 1533 2248 et
1550 2187 1601 2249 ita

368 2294 525 2375 Joannes
539 2293 698 2371 ignatius
713 2293 724 2322 ²
741 2311 821 2356 cum
836 2311 960 2356 earum
972 2294 1175 2357 scholarum
1186 2311 1272 2356 cura
1283 2293 1439 2356 Mutinae
1452 2294 1592 2356 mansit.

428 2400 499 2463 414.
542 2401 613 2464 Alii
628 2401 735 2462 etiam
749 2418 795 2462 ex
809 2400 1035 2479 peritioribus
1052 2401 1210 2464 scholam
1230 2398 1473 2477 deseruerunt,
1496 2399 1597 2479 cujus

369 2509 477 2571 etiam
491 2506 707 2570 existimatio
722 2507 759 2569 iu
773 2508 914 2586 populo,
933 2508 1065 2588 alioqui
1080 2525 1206 2588 parum
1221 2507 1407 2584 benevolo,
1425 2525 1495 2569 non
1514 2524 1596 2569 con-

369 2624 514 2676 servata
529 2623 593 2677 est.
610 2613 749 2676 Etcum
763 2630 828 2676 nec
844 2613 986 2676 domum
1002 2614 1172 2676 baberent
1188 2614 1309 2692 nostri,
1328 2631 1393 2676 nec
1408 2613 1599 2677 ecclesiam

370 2723 429 2785 vel
443 2721 667 2784 mediocriter
682 2721 907 2783 commodam
921 2720 968 2783 ad
986 2737 1090 2783 usum
1109 2730 1253 2785 nostrae
1268 2719 1468 2798 Societati5‚
1489 2731 1525 2782 et
1545 2738 1602 2783 ne·

366 2828 526 2892 cessaria
541 2828 587 2890 ad
601 2828 736 2891 victum
751 2838 849 2890 arcte
862 2826 1192 2907 suppeditarentur,
1221 2826 1259 2891 Ρ.
1285 2828 1444 2906 ignatius
1466 2844 1537 2890 non
1552 2828 1601 2889 l'a·

371 2936 437 2997 cile
456 2934 647 3013 magistros
667 2933 783 3011 magis
807 2933 956 2997 idoneos
982 2951 1063 2997 cum
1088 2935 1183 2997 vitae
1209 2934 1365 3015 periculo
1392 2932 1404 2965 ⁸
1432 2934 1598 2997 censebat

371 3039 640 3122 [mittendos];et
652 3040 702 3102 ita
713 3040 937 3104 occasionem
949 3040 1231 3121 habuerunt‚qui
1242 3040 1391 3103 libenter
1402 3052 1526 3103 contra
1537 3058 1603 3103 nos

369 3148 701 3225 obmurmurabant,
728 3146 867 3212 dicendi
892 3147 987 3226 quod
1017 3157 1268 3227 praeceptores
1294 3164 1366 3209 non
1391 3148 1603 3210 haberemus

369 3254 541 3331 Mutinae,
569 3253 731 3333 quodque
764 3254 1022 3318 conducibilius
1050 3254 1206 3319 futurum
1239 3266 1316 3317 erat
1346 3254 1603 3317 institutionem

364 3361 562 3443 juventutis
575 3378 646 3423 non
661 3359 827 3439 profiteri,
845 3377 952 3440 quam
966 3362 1048 3424 huic
1064 3362 1202 3425 muneri
1222 3370 1388 3442 suscepto
1402 3378 1529 3439 parum
1544 3378 1599 3423 sa·

369 3467 546 3545 tissacere3
563 3484 628 3529 nec
643 3466 785 3529 interim
799 3466 843 3530 de
859 3469 935 3529 loco
951 3478 985 3530 et
1010 3468 1089 3530 aliis
1109 3467 1320 3531 necessariis
1336 3466 1380 3529 ad
1396 3468 1485 3529 haec
1506 3467 1595 3530 litte·

369 3574 465 3638 raria
480 3574 652 3637 exercitia
667 3573 853 3636 commode
868 3573 1058 3637 tractanda
1075 3576 1207 3637 nostris
1217 3574 1495 3653 prospiciebant.

430 3680 500 3744 415.
543 3680 823 3759 Diligentissime
837 3681 979 3760 quidem
1001 3698 1022 3742 a
1045 3681 1177 3744 nostris
1194 3681 1294 3744 locus
1309 3680 1437 3761 aliquis
1458 3698 1601 3760 quaere-

369 3789 525 3867 rebatur;
538 3787 604 3851 secl
617 3798 654 3849 ut
678 3788 842 3868 superius
865 3789 1084 3851 intellectum
1104 3798 1158 3851 est
1183 3786 1211 3867 ⁹,
1236 3804 1443 3851 successum
1467 3788 1603 3868 perexi-

412 4030 419 4058 ¹
450 4026 667 4081 Paaltbmffls.

411 4101 423 4130 ¹
449 4098 609 4149 Mutinensis,
621 4098 647 4141 ln
657 4097 732 4151 cnjus
742 4096 854 4139 dioecesi
864 4106 903 4139 est
914 4096 1059 4141 Bressello.
1071 4096 1137 4141 Vide
1147 4108 1234 4153 supra,
1247 4108 1306 4152 pag.
1318 4097 1366 4152 itt,
1378 4097 1460 4142 11398.

410 4170 423 4201 ¹
450 4169 529 4213 Ducis
538 4168 688 4222 Ferrariae,
699 4167 740 4223 qui
752 4176 777 4210 et
787 4166 959 4212 Mutinensem
969 4168 1089 4214 ducatum
1100 4170 1214 4214 tenebat.
1225 4168 1292 4213 Vide
1302 4180 1388 4223 supra,
1406 4175 1425 4211 t.
1440 4179 1475 4222 iv,
1492 4181 1553 4224 pag.
1564 4170 1604 4225 98,

372 4255 398 4287 a.
410 4240 458 4295 too,
466 4248 554 4285 aanor.
563 4242 585 4282 4.

414 4315 426 4345 ⁴
453 4310 653 4366 Pag.53.n.106.

414 4383 426 4415 ⁵
452 4381 751 4435 listraoetsangutnrs.

413 4454 425 4487 ⁶
453 4453 544 4507 Supra,
556 4464 615 4507 pag.
627 4454 673 4506 135,
686 4466 709 4497 u.
720 4453 769 4497 384.

412 4526 423 4556 ⁷
451 4523 517 4567 Vide
529 4534 616 4577 supra,
627 4530 646 4567 t.
657 4535 694 4579 rr,
705 4536 764 4579 pag.
773 4526 808 4568 97.
819 4532 907 4568 annot.
917 4525 940 4570 i.

413 4597 425 4627 Ι
452 4595 517 4637 Vide
528 4596 682 4648 praesertlm
693 4608 780 4650 supra,
793 4607 811 4640 t.
821 4608 858 4650 ιιι,
866 4608 925 4651 pag.
939 4596 985 4647 153,
998 4610 1021 4639 n.
1032 4596 1080 4639 30⁹.

413 4666 425 4696 ¹¹
454 4666 509 4718 Pap
529 4664 568 4707 137
578 4674 602 4708 et
615 4667 660 4718 188,
672 4678 696 4711 n.
707 4666 805 4711 387390
