3717 5400
789 498 853 556 Au.
875 499 947 560 1555
1428 500 1479 557 221

308 643 379 706 637.
424 641 498 707 Sub
527 643 665 707 initium
694 651 812 707 autem
840 643 975 724 Aprilis
1004 644 1174 708 remissus
1198 653 1253 706 est
1280 641 1482 723 Syracusas

252 751 346 814 idem
359 749 398 813 P.
414 751 570 832 Joannes
584 749 767 831 Philippus
786 751 806 829 ¹,
823 752 884 831 qui
898 751 1104 815 concionari
1119 752 1235 830 coepit
1250 762 1285 815 et
1300 762 1412 818 totam
1426 770 1484 816 ur-

252 859 332 921 bem
346 857 575 921 vehementer
590 873 827 932 commovere,
844 875 935 937 quae
955 875 1084 937 urgere
1105 861 1222 938 coepit
1242 859 1385 924 Patrem
1398 859 1482 923 Pro-

253 964 444 1028 vincialem
467 972 504 1027 ut
529 965 638 1027 alium
662 964 886 1028 sacerdotem
911 982 953 1028 eo
974 966 1130 1029 mitteret
1154 976 1190 1029 et
1213 977 1483 1048 praeceptorem

254 1073 373 1150 etiam,
395 1072 456 1152 qui
480 1088 632 1151 graecas
651 1073 789 1136 litteras
808 1081 843 1136 et
863 1073 993 1136 latinas
1012 1074 1174 1150 doceret;
1191 1072 1266 1154 jam
1285 1075 1379 1138 enim
1399 1091 1484 1155 qua·

254 1188 334 1242 tuor
348 1195 489 1242 menses
504 1180 644 1258 elapsos
665 1195 745 1242 esse
770 1180 921 1242 dicebat.
942 1179 1127 1243 Nitebatur
1148 1181 1289 1261 quidem
1304 1199 1416 1261 usque
1438 1181 1484 1244 ad

254 1285 495 1366 Septembrem
521 1285 637 1350 studia
660 1285 800 1349 differre
820 1287 913 1350 idem
934 1286 1183 1360 Provinciam,
1211 1289 1274 1351 sed
1299 1289 1328 1352 si
1355 1287 1390 1351 id
1410 1305 1484 1350 non

254 1403 375 1474 posset
391 1393 559 1471 obtineri,
582 1393 764 1456 constituit
785 1403 824 1456 ut
845 1394 914 1456 duo
934 1395 1172 1474 mitterentur,
1193 1397 1284 1458 alter
1302 1393 1484 1473 sacerdos,

254 1503 344 1564 alter
358 1509 579 1580 praeceptor,
603 1499 665 1562 sed
685 1501 764 1562 loco
785 1499 901 1564 Patris
926 1500 1060 1564 Velver
1082 1501 1248 1565 Messana
1271 1502 1399 1564 missus
1418 1501 1483 1564 fuit

254 1606 292 1671 P.
310 1606 462 1670 Michael
477 1607 521 1669 de
536 1606 755 1684 Laetavalle,
772 1607 964 1686 sabaudus,
981 1609 1041 1688 qui
1056 1608 1164 1671 etiam
1174 1609 1279 1672 valde
1291 1608 1487 1688 Syracusa·

257 1715 313 1778 nis
327 1723 453 1794 gratus
468 1713 533 1776 suit
548 1717 569 1772 ¹.

314 1822 386 1886 638.
429 1820 538 1886 Suam
553 1823 779 1886 devotionem
795 1841 838 1885 ea
852 1824 982 1886 civitas
997 1824 1162 1903 operibus
1177 1823 1384 1901 testabatur;
1400 1838 1484 1885 nam

256 1930 390 1994 reditus
402 1931 596 2009 promissos
611 1930 761 2008 privatis
777 1931 1012 2010 eleemosynis
1027 1938 1221 2007 auxerunt,
1247 1939 1282 1992 et
1296 1929 1488 2008 magistros

258 2037 399 2117 quidem
413 2053 525 2116 usque
541 2036 586 2098 ad
601 2035 842 2116 Septembrem
857 2036 992 2100 differri
1008 2055 1121 2118 aequo
1136 2037 1255 2099 animo
1266 2037 1421 2098 tulerunt
1433 2051 1440 2114 ;
1453 2044 1488 2098 et

261 2143 387 2207 nobilis
403 2143 546 2222 quidam
561 2142 629 2219 vir,
646 2143 885 2206 molendinum
899 2144 1078 2222 quoddam
1093 2161 1164 2206 non
1179 2143 1300 2222 exigui
1318 2143 1489 2205 momenti

259 2251 390 2315 nostris
405 2248 544 2330 adjecit,
562 2258 596 2312 et
612 2251 753 2313 vineam
769 2250 901 2313 nobilis
911 2251 1085 2331 quaedam
1100 2250 1255 2314 foemina
1269 2249 1376 2327 dedit,
1393 2265 1484 2329 quae

259 2360 324 2422 toti
345 2357 505 2436 Collegio
532 2357 653 2419 vinum
679 2358 818 2421 abunde
833 2358 1074 2420 necessarium
1101 2359 1302 2437 praeberet,
1326 2356 1433 2420 immo
1455 2366 1489 2418 et

261 2465 340 2529 aliis
352 2467 458 2528 etiam
473 2463 557 2527 illud
573 2465 863 2528 communicaret.

316 2571 388 2634 639.
434 2571 553 2634 Tertia
580 2571 795 2651 Septembris
821 2573 993 2650 magister
1017 2571 1193 2650 Georgius
1218 2572 1389 2649 Mercat0,
1416 2588 1488 2634 ma·

259 2679 369 2759 gister
385 2678 536 2743 Michael
552 2677 640 2759 Spes
656 2695 737 2743 cum
751 2677 906 2743 Antonio
921 2679 1011 2743 Filia
1023 2678 1046 2759 ⁸,
1062 2678 1228 2742 Messana
1243 2697 1265 2741 a
1277 2677 1315 2741 P.
1333 2678 1495 2742 Antonio

259 2786 412 2850 Vinckio
427 2787 473 2849 ad
488 2784 735 2866 Syracusanas
750 2788 892 2849 scholas
909 2786 1144 2850 instituendas
1170 2787 1269 2848 missi
1294 2794 1375 2849 sunt
1390 2783 1413 2864 ⁴,
1430 2787 1490 2865 qui

258 2910 397 2958 summa
411 2910 493 2957 cum
508 2894 755 2973 expectatione
771 2894 864 2957 illius
880 2894 1037 2957 civitatis
1051 2912 1155 2957 suum
1177 2892 1330 2956 officium
1349 2891 1491 2956 inchoa-

260 3014 353 3081 runt,
369 3013 404 3064 et
418 3001 488 3065 20.a
502 3000 558 3064 dic
571 3000 735 3064 Octobris
754 3002 791 3064 in
806 3000 1012 3065 Cathedrali
1036 3004 1167 3081 templo
1188 3000 1360 3079 magister
1380 2998 1490 3064 Geor·

260 3111 342 3189 gius
356 3108 515 3172 Mercato
535 3108 732 3171 orationem
754 3109 876 3171 habuit
899 3109 945 3171 ad
965 3107 1162 3171 studiorum
1183 3117 1217 3171 et
1241 3108 1326 3170 novi
1344 3106 1493 3187 Collegii

259 3217 408 3293 initium;
426 3225 460 3279 et
475 3216 629 3278 laetitiae
645 3216 786 3293 signum
801 3214 885 3278 fecit
898 3216 1027 3278 civitas
1052 3225 1087 3277 et
1112 3231 1368 3295 campanarum
1389 3215 1494 3293 pulsu

259 3334 293 3387 et
305 3324 411 3386 etiam
428 3323 718 3385 bombardorum.

318 3429 390 3493 oto.
433 3428 582 3492 Scholae
598 3427 739 3508 quidem
755 3446 825 3493 nort
837 3440 940 3492 erant
952 3430 1186 3493 concinnatae
1201 3438 1239 3490 ut
1249 3428 1420 3491 lectiones
1431 3444 1498 3507 pro

259 3548 381 3601 nostro
398 3554 495 3601 more
511 3536 545 3599 in
568 3536 619 3598 eis
637 3536 711 3599 fieri
732 3546 891 3616 possent;
920 3555 965 3600 ne
990 3548 1108 3600 tamen
1131 3536 1254 3599 dilatio
1280 3536 1492 3616 obloquendi

260 3646 484 3711 occasionem
500 3643 673 3723 aliquibus
688 3644 799 3721 daret,
817 3655 851 3706 et
870 3661 914 3706 ne
937 3644 1046 3723 aliqui
1071 3641 1325 3705 adolescentuli
1351 3652 1491 3721 tempus

263 3753 432 3817 inutiliter
447 3759 601 3813 tererent
624 3748 636 3780 ⁵
661 3751 795 3829 primae
817 3751 942 3813 classis
962 3759 1171 3829 praeceptor
1193 3766 1274 3811 cum
1293 3764 1425 3827 magna
1451 3748 1498 3810 ci-

406 3886 463 3899 -q

346 3960 409 4003 Cum
418 3960 498 4007 socio,
507 3958 545 4001 alt
557 3957 700 4007 aaronita,
712 3957 727 3999 l.
738 3967 768 4007 c..
779 3968 835 4011 cap.
850 3967 886 4007 tv,
905 3969 927 4000 n.
948 3955 1107 3999 xxvia—llic
1118 3962 1206 3999 autem
1220 3954 1305 3998 soclus
1318 3954 1408 4008 procul
1419 3953 1496 3997 dublo

265 4044 323 4078 esse
335 4032 438 4077 videtur
449 4030 542 4073 Petrus
553 4029 656 4076 Belver.
667 4040 712 4071 seu
723 4028 829 4081 Velver,
841 4028 871 4071 de
883 4040 933 4082 quo
944 4029 1020 4073 inira.

305 4106 316 4137 ¹
344 4104 427 4157 Huius
438 4108 512 4153 nesta
524 4106 549 4143 et
561 4100 674 4143 virtutes
685 4100 740 4143 iuse
751 4100 917 4154 prosequitur
929 4101 1074 4150 Aecum,
1085 4100 1102 4143 l.
1112 4110 1127 4142 e
1136 4130 1142 4153 ,
1152 4104 1222 4153 part.
1233 4108 1250 4141 1.

305 4177 317 4209 ³
344 4176 418 4220 Filia
430 4175 564 4229 perspicue
575 4180 615 4217 est
626 4172 651 4215 in
663 4172 711 4215 Ms.

305 4251 317 4282 ὁ
343 4248 434 4291 Plures
444 4250 580 4289 enumerat
595 4244 740 4293 ΑουιικιΑ,
752 4245 767 4287 l.
780 4254 957 4297 c.,cttp.1v,n.
969 4255 1051 4293 xxva,
1059 4255 1137 4287 unum
1146 4243 1244 4287 omittit
1252 4240 1500 4298 eorumqbosnoml·

266 4325 312 4365 nst
323 4319 465 4363 Potancus.
483 4318 529 4361 Ait
545 4317 620 4367 enlm,
638 4326 671 4358 ex
690 4314 811 4358 Condreu
829 4316 917 4359 codice
933 4317 1062 4359 scribens:
1077 4316 1251 4359 “concinnato
1266 4316 1347 4369 igitur
1360 4322 1498 4369 utcumque

262 4388 584 4442 aedilicio.Domenecltlus
596 4387 743 4440 tribusillis,
751 4398 814 4441 quos
825 4387 1129 4441 praemiserattcassino.
1138 4388 1194 4441 ejus
1201 4388 1279 4438 socio,
1289 4393 1316 4432 et
1325 4387 1504 4442 Laetavalle),

262 4476 310 4508 sex
321 4464 386 4508 allos
398 4462 522 4517 postridie
533 4460 632 4504 calend.
643 4459 804 4513 Septembris
817 4459 938 4503 Messana
954 4466 1079 4503 evocatos
1094 4459 1203 4512 addidit,
1221 4458 1251 4503 P.
1266 4458 1426 4503 Dominicum
1443 4459 1499 4502 Col·

262 4538 343 4580 linum
353 4534 525 4585 sacerdotem
537 4530 678 4585 Georgium
696 4529 848 4583 Mercatura,
859 4530 1013 4575 Michaelem
1030 4530 1156 4585 Spezium,
1168 4530 1294 4582 Jounnem
1308 4530 1446 4585 ignatium.
1460 4531 1499 4585 ju·

263 4608 358 4656 olores.
369 4607 411 4660 qul
422 4605 519 4648 sobolis
536 4610 696 4658 praeessenq
709 4600 835 4645 Ubertum
847 4602 939 4645 Chetel
951 4610 977 4645 et
988 4602 1174 4645 Thomusinum
1185 4601 1382 4655 Messanensem,
1393 4603 1500 4655 fratros,

264 4690 328 4733 quos
339 4678 509 4732 Coaeljulores
520 4674 685 4728 terrrporales
696 4684 828 4727 vocamus,
839 4674 881 4727 qui
893 4674 1042 4717 domesticis
1053 4675 1184 4728 absequiis
1194 4674 1287 4717 darent
1298 4684 1427 4729 operum„

308 4751 320 4782 ⁵
347 4750 577 4805 llaqnaerercnl.
