3717 5400
347 471 407 532 ⁴272
812 473 939 533 Canon.
959 473 1039 532 Soc.
1059 473 1129 546 Jas.

349 627 449 678 ceret
465 616 502 678 P.
520 615 696 696 Canisius,
713 627 817 698 prout
832 618 900 698 ipsi
915 617 1096 681 videretur
1115 616 1295 698 expedire,
1318 615 1470 696 injunxit
1496 615 1515 680 ¹.
1540 616 1586 680 Et

354 733 391 786 ut
406 724 691 803 imprimerentur
706 725 742 788 in
756 725 899 788 modum
915 723 1103 788 enchiridii
1118 725 1262 788 decreta
1274 724 1425 788 Concilii
1437 723 1581 790 Triden-

355 831 420 893 tini
435 832 456 904 ¹,
474 831 670 910 Evangelia
685 841 720 895 et
742 832 920 911 Epistulae
943 833 1054 894 totius
1076 831 1159 893 anni
1179 849 1225 894 ex
1244 830 1398 893 editione
1421 832 1581 910 vulgata,

349 953 434 1000 cum
453 937 598 1000 scholiis
618 947 653 1000 et
674 937 965 1001 annotationibus
991 937 1159 1000 brevibus
1174 948 1300 1000 contra
1325 938 1532 1000 lutheranos
1557 935 1582 1015 ³,

353 1044 459 1106 libelli
471 1045 575 1106 etiam
588 1045 779 1124 precatorii
795 1043 818 1122 ⁴,
831 1045 1081 1124 compendium
1093 1045 1277 1108 doctrinae
1289 1044 1505 1107 christianae
1516 1061 1582 1124 pro

354 1151 510 1228 puerulis
526 1150 537 1180 ³
552 1162 586 1213 et
607 1151 677 1214 alia
697 1152 881 1232 quaedam,
899 1151 944 1214 ad
965 1168 1056 1231 quae
1076 1151 1185 1214 ctiam
1199 1149 1237 1212 P.
1262 1148 1459 1214 Gaudanus
1480 1167 1584 1214 suam

351 1273 502 1335 operam
517 1257 679 1321 conferre
694 1258 854 1321 debebat.
871 1257 914 1320 Et
931 1269 968 1322 ut
985 1260 1150 1337 puerulos
1165 1258 1209 1320 de
1225 1267 1498 1337 praeceptorum
1510 1274 1583 1320 ma·

351 1364 458 1426 nibus
473 1365 636 1444 eriperet,
654 1366 814 1428 scholam
832 1363 1001 1442 infimam,
1024 1379 1062 1427 ut
1082 1364 1245 1444 superius
1264 1365 1470 1426 dictumest
1490 1362 1514 1442 ⁸,
1535 1364 1583 1427 in·

354 1558 447 1602 ibidem
459 1569 526 1602 anno
538 1558 596 1611 1575;
608 1559 709 1601 demum
719 1569 786 1602 anuo
795 1557 848 1602 1582
858 1559 995 1602 illustriori
1007 1558 1173 1612 inscriptione
1181 1557 1353 1602 Parisinuses.
1362 1557 1474 1612 Scripsit
1484 1568 1584 1612 qnoque

354 1627 519 1683 opusculum
532 1631 565 1672 ele
582 1630 763 1673 Consolatione
779 1630 989 1684 Agonieantium
1004 1641 1066 1673 crem
1083 1629 1261 1673 elucidatione
1275 1628 1385 1673 Missae.
1402 1629 1501 1673 ibidem
1516 1629 1584 1683 apud

349 1701 470 1745 eumdem
479 1712 547 1745 anno
559 1701 618 1756 1559,
629 1713 686 1746 cum
700 1702 810 1747 Parisiis
820 1712 887 1745 anno
903 1702 956 1744 1553
964 1701 1114 1755 prodiisset.
1129 1700 1240 1755 Scripsit
1256 1702 1335 1746 etiem
1345 1708 1429 1756 super
1442 1702 1584 1756 epistolam

352 1771 435 1816 Pauli
443 1773 478 1815 ad
490 1773 635 1825 Romanos,
644 1774 670 1816 in
680 1785 730 1828 quo
741 1773 933 1817 Commentario
943 1773 1068 1817 haereses
1079 1773 1161 1817 nostri
1177 1774 1302 1828 temporis
1313 1780 1452 1828 expugnat.
1466 1773 1584 1817 venetiis

352 1842 403 1886 1571
416 1849 442 1886 et
452 1843 571 1897 Lugduni
583 1845 672 1887 eodem
682 1856 749 1888 anno
763 1845 831 1898 apud
845 1844 1013 1888 Gallielmum
1030 1843 1363 1888 Ronillium.-Guilielmus
1378 1844 1584 1897 Einsengrenius

352 1915 434 1968 iuquit
445 1915 600 1969 vignerium
610 1916 635 1960 in
650 1928 738 1960 omnes
749 1916 881 1970 Epistoias
891 1915 967 1960 Pauli
979 1917 1124 1970 scripsisse.
1144 1915 1258 1960 Vivebat
1275 1927 1342 1960 anno
1353 1915 1478 1960 ista-De
1493 1927 1524 1960 eo
1541 1914 1584 1959 Mr-

349 1997 441 2042 nanus,
453 1985 493 2030 De
503 1989 680 2041 scriptoribus
689 1999 759 2032 saec.
768 1988 794 2031 X
800 1987 842 2038 VI,
852 1999 908 2042 cap.
917 1989 1091 2041 triphoniae,
1101 1987 1141 2030 De
1149 1987 1217 2029 viris
1226 1987 1387 2039 illustribus,
1395 1996 1464 2042 part.
1474 2000 1501 2042 ιι,
1510 1989 1554 2031 lib.
1561 1991 1583 2038 o,

352 2057 496 2101 Lusrranus
511 2060 536 2102 in
547 2059 712 2103 Bibliotheca
724 2059 842 2114 Ordinis,
858 2061 901 2104 iol.
919 2060 966 2113 157,
979 2059 1070 2104 errus
1081 2059 1211 2112 Ssaausrs,
1220 2061 1264 2103 lib.
1275 2071 1310 2113 rr,
1326 2060 1508 2104 Bibliothecae
1519 2059 1584 2102 San·

354 2133 422 2181 atae,
433 2131 561 2174 Aurasius
571 2131 726 2175 Possevrnus
737 2121 924 2186 inapparatu,
936 2141 956 2174 t.
966 2142 994 2183 ιι,
1005 2131 1047 2174 iol.
1058 2131 1223 2184 ibi.„-Hunc
1231 2130 1343 2185 Gallam,
1354 2133 1473 2176 “natural
1482 2133 1513 2174 de
1522 2130 1584 2175 Gre-

351 2201 419 2246 nade
433 2203 510 2244 sobre
521 2205 544 2244 el
555 2202 669 2256 Gerous,
680 2215 710 2246 en
722 2207 747 2247 la
758 2203 868 2248 diocesis
879 2203 910 2245 de
920 2201 1039 2254 Tolosa...
1055 2202 1118 2247 iacit
1128 2202 1272 2258 Biograjie
1288 2204 1456 2247 eclesiastica
1473 2201 1584 2256 comple·

353 2276 393 2324 ia,
403 2279 422 2316 t.
433 2285 494 2326 xxx,
504 2285 566 2328 pag.
577 2274 624 2322 258.
639 2276 683 2318 ubi
694 2277 773 2319 etiam
787 2275 869 2319 addit:
881 2273 936 2318 “En
947 2274 1000 2318 1527
1010 2275 1141 2318 enseilaba
1151 2275 1276 2328 teologia,
1286 2275 1395 2319 catedra
1405 2286 1454 2329 qne
1470 2285 1520 2317 aun
1530 2274 1584 2318 des·

349 2347 496 2399 empeilaba
507 2357 538 2388 en
549 2345 607 2388 1550.
618 2345 657 2389 No
666 2357 693 2390 se
708 2348 770 2390 sabe
781 2347 880 2390 caindo
892 2347 1058 2400 murid,pero
1069 2357 1101 2388 no
1111 2357 1139 2388 se
1149 2346 1217 2389 duda
1228 2356 1277 2399 que
1288 2346 1362 2388 viria
1379 2357 1429 2389 aun
1441 2357 1472 2388 en
1484 2345 1585 2398 1553„-

352 2415 393 2460 En
404 2417 506 2460 titulum
517 2417 643 2460 secundae
653 2417 774 2461 editionis
785 2417 951 2468 Parisiensis,
964 2418 1038 2471 cujas
1048 2427 1098 2460 non
1109 2417 1225 2459 meminit
1233 2417 1386 2460 Aureliana:
1399 2416 1585 2460 Institutiones

349 2487 388 2530 ad
398 2490 489 2530 natur.
500 2491 525 2530 et
536 2487 626 2532 christ.
635 2488 876 2542 philosophiam&
887 2488 1078 2532 scholasticam
1088 2487 1261 2540 theologiam,
1270 2499 1303 2531 ex
1312 2498 1417 2532 sacrar.
1427 2488 1584 2532 litterarum

347 2561 377 2602 et
388 2559 560 2602 conciliorum
577 2561 750 2613 authoritate,
764 2562 931 2614 praesertim
943 2561 971 2603 d.
994 2559 1091 2602 Tornae
1107 2559 1172 2614 Apu.
1190 2560 1288 2602 erudit.
1305 2559 1487 2612 confirmatae.
1499 2559 1584 2613 Paris,

349 2629 383 2674 G.
393 2628 529 2674 Thiebout.
541 2631 601 2684 1554,
612 2632 656 2676 iol.

391 2701 589 2755 Sounsavoaau,
600 2706 617 2747 i.
628 2716 659 2753 c.¹
672 2713 688 2747 t.
699 2715 727 2755 ιι,
738 2706 785 2747 col.
795 2704 843 2753 618,
855 2704 919 2747 haec
935 2704 1024 2747 habet:
1036 2704 1069 2746 “h
1080 2705 1093 2733 *
1104 2703 1143 2747 De
1152 2705 1316 2749 consolandis
1330 2706 1455 2759 aegrotis,
1465 2716 1585 2759 praeser-

350 2776 398 2818 tim
410 2775 471 2819 vnbi
479 2776 539 2829 (sici
549 2776 580 2819 de
591 2777 662 2819 vitae
671 2776 790 2829 pericvlo
800 2776 899 2828 agitvr,
910 2775 937 2818 in
946 2786 1024 2819 vsvm
1034 2776 1201 2819 sacerdotem
1212 2783 1237 2818 et
1255 2777 1442 2829 ministrarem,
1453 2778 1497 2831 qvi
1512 2777 1584 2821 circa

348 2856 447 2901 aegros
456 2854 596 2891 versantur
608 2848 632 2891 in
643 2846 767 2901 hospitali
779 2846 859 2901 Regio
870 2846 973 2890 Vienne
984 2848 1117 2900 Austriae,
1132 2849 1257 2891 salutaris
1268 2850 1386 2892 formula.
1399 2847 1425 2891 S.
1436 2849 1453 2891 l.
1463 2854 1488 2891 et
1499 2860 1529 2900 a,
1539 2850 1584 2899 υ,

349 2918 380 2962 ii.
388 2917 416 2961 ab
425 2919 537 2961 aelia-a
548 2918 631 2974 infin:
642 2918 687 2963 Mlt
700 2918 771 2961 Rbm.
784 2916 866 2961 libila.
875 2917 944 2974 May.
955 2919 1025 2971 gnad
1037 2920 1088 2962 und
1098 2919 1266 2973 Privilegien.
1278 2919 1431 2963 Gedruckht
1448 2932 1480 2963 zu
1490 2918 1585 2964 Wieun

352 2990 378 3033 in
388 2988 537 3034 osterreich
547 2991 629 3034 durch
639 2990 749 3033 Michael
760 2990 934 3033 Zimmermun
947 2992 972 3032 ia
984 2989 1008 3033 S.
1023 2992 1098 3033 Anna
1109 2989 1168 3033 Hos.
1181 2992 1215 3033 im
1225 2990 1270 3042 Jar
1281 2991 1483 3043 let..,-:Noune
1493 2991 1536 3034 hic
1544 2998 1583 3035 eet

346 3062 472 3107 editionis
481 3063 553 3105 iocus
571 3070 597 3106 et
607 3062 789 3114 anunsil-“Ce
802 3064 868 3105 livre
883 3072 1029 3105 commence
1047 3074 1101 3115 par:
1117 3062 1188 3106 Petri
1205 3062 1302 3106 Cauisii
1318 3062 1414 3107 Sacrae
1427 3062 1585 3116 Theologiae

351 3134 473 3178 Docturis
484 3135 516 3178 ad
530 3134 709 3179 Christianum
723 3136 847 3177 lectorem
866 3134 896 3177 de
914 3134 964 3177 hac
979 3136 1090 3177 tormala
1108 3134 1247 3188 praelatio.
1257 3134 1294 3179 Le
1312 3134 1378 3178 Pero
1394 3134 1487 3178 Michel
1504 3134 1584 3179 Denis

349 3216 428 3259 pense
438 3217 487 3259 que
498 3206 616 3250 canisius
626 3214 667 3249 est
676 3208 786 3250 l'auteur
798 3206 828 3249 de
839 3212 896 3249 tout
908 3207 1050 3259 l'ouvrage:
1060 3207 1094 3249 du
1111 3206 1201 3258 moins,
1213 3207 1230 3249 il
1241 3219 1258 3263 y
1269 3216 1313 3250 eat
1329 3218 1377 3249 une
1391 3207 1490 3259 grande
1500 3213 1585 3261 parm„

352 3274 468 3321 -Eritne
476 3279 541 3323 haec
551 3278 680 3323 Formuia
690 3280 839 3332 opusculum
851 3276 977 3330 Viguerir,
989 3279 1061 3333 cujus
1072 3278 1187 3321 meminit
1199 3279 1352 3328 Acarnana,
1363 3279 1492 3323 aCauisio
1502 3291 1586 3323 emen·

349 3350 448 3400 datum,
458 3356 571 3397 auctum.
582 3356 628 3393 aut
638 3352 732 3393 saltem
741 3350 904 3403 praelatione
916 3348 1014 3393 Canisll
1025 3349 1187 3393 decoratum?
1194 3350 1248 3394 Nos
1256 3351 1401 3405 quaestioni
1412 3351 1471 3394 hnic
1481 3362 1586 3405 respon-

346 3420 412 3465 dere
421 3430 472 3463 non
483 3422 606 3473 valemus,
616 3422 676 3475 qula
685 3429 805 3465 neutrum
816 3420 969 3473 opusculum
979 3421 1101 3465 vidimus.

391 3491 401 3524 ⁸
429 3490 541 3541 Nullum.
552 3493 619 3546 quod
629 3493 750 3545 sciamus,
762 3490 859 3536 Caninii
877 3500 949 3545 opus.
963 3493 1021 3535 sive
1031 3491 1138 3541 editum.
1148 3492 1204 3535 sive
1223 3492 1355 3546 ineditum,
1367 3493 1429 3537 hulc
1444 3492 1585 3547 theologici

347 3563 505 3617 compendii
514 3563 682 3617 descriptioni
699 3564 857 3607 adamussim
873 3562 1021 3616 respondet,
1037 3563 1087 3605 nisi
1098 3564 1164 3606 torte
1176 3564 1237 3607 iliud
1253 3564 1319 3618 quod
1331 3562 1425 3618 Capita
1443 3565 1582 3610 doctrinae

349 3635 504 3679 chistianae
513 3642 540 3677 et
550 3634 693 3679 Palaestra
703 3635 821 3678 hominis
831 3635 956 3679 catholici
967 3635 1021 3687 ipse
1034 3635 1190 3688 appellavit.

392 3706 404 3739 Ι
430 3706 572 3760 Nequidem
581 3708 629 3749 hoc
641 3718 657 3751 a
668 3706 772 3751 Canisio
781 3707 879 3751 iactum
891 3707 1003 3751 videtur.

390 3777 403 3811 ⁸
429 3776 542 3832 Egregie
554 3778 602 3821 hoc
611 3779 744 3832 praestitit
755 3776 874 3823 canisius
885 3779 911 3823 in
922 3790 1000 3831 opere
1019 3778 1170 3833 “Epistoiae
1185 3782 1212 3823 et
1228 3778 1389 3833 Evangelia,
1402 3790 1472 3832 quae
1483 3786 1536 3834 per
1550 3785 1585 3824 to

347 3853 409 3893 turn
417 3860 520 3893 annum
532 3850 679 3893 secunaum
690 3849 803 3894 Missale
813 3850 969 3893 Romanurn
982 3863 1010 3893 rn
1020 3850 1144 3895 Ecclesia
1154 3851 1291 3904 leguntur:
1305 3852 1369 3894 locis
1383 3850 1537 3895 Bibliorurn
1548 3852 1584 3896 ad

349 3922 503 3974 anarginem
521 3921 646 3975 adjectis,
656 3924 680 3965 et
697 3923 879 3973 quarumdam
894 3932 991 3965 vocum
1007 3924 1192 3966 obscuriorum
1208 3924 1444 3976 interpretatione.
1461 3922 1586 3969 Praeiixs

350 3999 411 4037 sunt
422 3993 564 4037 summaria
573 4004 619 4037 seu
630 4000 784 4046 argumenta
793 4005 840 4047 per
850 3994 959 4038 Petrum
973 3994 1107 4037 canisium
1108 4024 1151 4039 .....
1164 3995 1304 4047 coniecta..

390 4064 402 4095 ί
430 4064 567 4109 Praestitit
578 4072 603 4109 et
614 4065 662 4109 hoc
674 4064 793 4109 Canisius
802 4066 890 4110 libello
901 4066 1055 4109 “Lectiones
1066 4069 1091 4109 et
1101 4066 1272 4109 Precationes
1283 4064 1498 4111 Ecclesiasticus.
1515 4066 1585 4121 Opus

350 4146 445 4181 riorum
454 4144 481 4178 et
491 4136 645 4190 frugiferam
654 4138 739 4190 plane,
750 4137 775 4181 ln
790 4148 864 4181 usum
874 4138 1022 4181 scholarum
1034 4138 1222 4181 catholicarum
1240 4138 1402 4191 omniumque
1418 4138 1528 4191 pietatis
1543 4152 1586 4182 ve·

347 4218 396 4252 rae
406 4206 600 4261 studiosorum„⁸
611 4208 689 4263 qaod,
700 4208 777 4262 iuxta
789 4207 991 4263 Souasnvocaa,
1001 4210 1019 4251 l.
1031 4219 1062 4259 c..
1072 4209 1120 4253 col.
1131 4208 1180 4258 557,
1193 4220 1209 4251 ιι
1229 4208 1249 4259 7,
1261 4207 1328 4251 idem
1342 4217 1382 4251 est
1397 4219 1427 4251 ac
1436 4208 1587 4255 Institutio-

352 4289 399 4323 ues
411 4281 437 4321 et
448 4280 660 4323 exercitamenta
671 4279 837 4323 christianae
847 4280 972 4333 pietatis.

389 4350 402 4384 ὓ
430 4350 498 4395 Nota
509 4356 567 4395 sunt
578 4353 633 4395 orbi
644 4351 740 4395 Canisii
752 4352 864 4397 summa
874 4351 1022 4397 Doctrinae
1032 4351 1199 4397 christianae
1204 4358 1256 4406 per
1264 4354 1436 4405 quaestiones
1445 4354 1550 4399 tradita
1560 4358 1586 4399 et

347 4424 380 4465 in
388 4432 467 4465 usum
478 4422 644 4467 christianae
651 4424 814 4477 pueritiae...
828 4424 910 4476 edita,
924 4426 1031 4479 ejusque
1043 4423 1226 4467 Catechismus
1238 4430 1355 4478 parvus,
1365 4424 1478 4479 itemque
1490 4428 1587 4477 minor,

344 4502 375 4537 ec
387 4494 491 4539 taudem
503 4494 639 4537 minimus.
649 4494 716 4537 Vide
727 4494 925 4541 Sonusnvoaar..
935 4497 953 4539 l.
965 4506 997 4549 e..
1007 4503 1032 4539 et
1043 4494 1256 4548 Baaaasaaacan,
1266 4493 1437 4549 Entstehung
1447 4497 1504 4539 aad
1514 4500 1586 4541 erste

350 4563 536 4618 Entwichlung
546 4566 596 4609 aer
611 4566 804 4611 Katechisneen
818 4568 867 4611 ries
877 4568 979 4620 seligere
997 4568 1097 4611 Petrus
1112 4566 1247 4617 canisius,
1262 4573 1287 4610 et
1305 4578 1372 4621 quae
1389 4568 1456 4611 idem
1472 4568 1587 4613 Bnauns·

348 4646 450 4681 auena
461 4635 540 4681 habet
551 4638 575 4681 ln
586 4637 618 4679 B.
629 4638 660 4681 P.
671 4638 747 4682 Petri
757 4638 860 4683 canisii
870 4638 1015 4693 Epistulae
1025 4644 1051 4684 et
1061 4640 1136 4693 Ama,
1145 4651 1208 4695 pag.
1216 4638 1265 4691 alb.
1275 4646 1365 4686 annot.
1375 4642 1396 4686 t.

390 4704 403 4741 θ
430 4708 495 4762 Peg.
506 4708 553 4762 22⁶,
564 4720 588 4753 n.
598 4708 647 4753 653.
