3717 5400
803 499 866 558 An.
889 499 960 558 1555
1447 495 1507 554 329

327 646 399 711 882.
443 647 611 727 Quandiu
634 646 901 727 provocationis
929 647 1068 709 litterae
1097 661 1170 708 non
1197 652 1299 706 erant
1327 649 1503 719 extortae,

268 771 377 818 suasu
386 755 583 818 amicorum
596 754 819 818 intermissae
828 753 971 816 fuerunt
977 751 1220 816 confessiones
1231 749 1325 830 apud
1333 747 1504 813 Sanctum

270 861 487 926 Germanum
503 863 524 941 ¹,
541 880 612 925 non
627 862 743 926 minus
758 870 877 924 tamen
890 861 969 924 aliis
980 859 1122 941 pietatis
1134 859 1301 939 operibus
1316 855 1429 919 nostri
1444 856 1503 917 da·

270 969 357 1034 bant
371 986 529 1049 operam,
546 970 613 1050 piis
639 969 796 1033 consiliis
810 979 845 1032 et
866 966 1170 1032 exhortationibus
1187 966 1316 1028 multos
1332 962 1502 1044 juvando;

271 1077 365 1158 apud
380 1076 538 1141 infirmos
552 1077 672 1156 etiam,
691 1077 774 1140 dum
789 1077 947 1139 animam
961 1085 1119 1154 agerent,
1142 1071 1384 1154 pernoctando
1404 1080 1440 1133 et
1457 1070 1506 1132 ad

270 1184 459 1247 transitum
475 1184 521 1247 ad
535 1184 716 1247 meliorem
732 1183 842 1247 vitam
859 1201 920 1246 eos
941 1181 1159 1262 adjuvand0;
1175 1190 1210 1243 et
1229 1181 1312 1259 quia
1327 1194 1449 1241 rarum
1470 1190 1507 1239 et

273 1291 478 1354 inusitatum
493 1303 570 1354 erat
584 1289 786 1370 hujusmodi
808 1309 897 1372 opus
922 1290 1066 1371 pietatis
1083 1290 1197 1368 gratis
1212 1287 1354 1350 omnino
1373 1283 1506 1348 exhibi-

272 1409 358 1476 tum,
376 1398 425 1460 ita
441 1415 594 1478 magnae
609 1398 866 1462 aedificationis
882 1398 1044 1462 omnibus
1059 1407 1146 1461 erat.

332 1504 402 1568 883.
447 1505 528 1585 ipse
556 1515 673 1568 autem
703 1505 740 1568 P.
773 1505 990 1569 Paschasius
1017 1521 1199 1584 nunquam
1226 1503 1343 1566 minus
1367 1500 1507 1564 otiosus

274 1611 355 1688 fuit,
381 1629 489 1692 quam
508 1629 590 1676 cum
613 1613 680 1676 hoc
704 1615 816 1676 otium
835 1613 902 1693 ipsi
922 1611 1118 1692 iniunctum
1142 1623 1206 1674 est.
1223 1609 1432 1672 Monialium
1456 1607 1506 1669 in·

273 1719 375 1782 terim
395 1719 643 1798 frequentabat
662 1720 888 1798 monasteria,
906 1736 996 1799 quas
1010 1721 1157 1782 multum
1173 1718 1209 1781 in
1224 1713 1509 1780 confessionibus

274 1843 397 1888 earum
427 1826 611 1889 audiendis
640 1837 673 1888 et
702 1827 736 1888 in
771 1827 1077 1889 exhortationibus
1103 1825 1291 1905 promovit.
1324 1822 1506 1886 Invisebat

267 1933 400 2008 ,eodem
413 1943 572 2012 tempore
586 1950 658 2010 eos,
673 1935 734 2013 qui
745 1933 780 1996 in
793 1951 975 1997 carcerem
987 1933 1139 2014 conjecti
1151 1941 1263 2007 erant,
1279 1941 1351 1993 tam
1362 1929 1509 2007 Episco-

277 2050 393 2120 patuS,
409 2057 516 2119 quam
532 2038 695 2117 Senatus,
713 2057 793 2102 cum
809 2040 966 2104 maxima
985 2041 1186 2103 vinctorum
1206 2048 1267 2100 aut
1288 2037 1337 2099 ibi
1351 2037 1507 2100 detento·

274 2163 355 2209 rum
368 2146 624 2225 consolatione;
642 2146 736 2226 apud
750 2164 840 2227 quos
857 2147 1048 2227 aliquando
1062 2146 1381 2222 sacrumfaciebat;
1394 2152 1429 2205 et
1439 2141 1507 2205 fre-

276 2264 424 2332 quenter
447 2253 587 2316 illorum
608 2254 850 2318 confessiones
870 2254 1052 2332 audiebat;
1079 2262 1114 2316 et
1139 2270 1270 2332 magna
1295 2253 1331 2314 in
1351 2251 1510 2331 ipsorum

276 2358 433 2422 moribus
448 2360 744 2441 metamorphosis
756 2362 835 2424 visa
846 2361 921 2424 fuit.
936 2361 980 2424 Et
991 2361 1192 2441 hujusmodi
1203 2378 1245 2422 eo
1256 2369 1415 2438 tempore
1428 2374 1509 2436 age·

275 2466 415 2544 bantur,
440 2483 508 2546 quo
530 2465 686 2530 nondum
709 2477 812 2530 erant
833 2469 998 2531 obtentae
1019 2468 1159 2531 litterae
1181 2465 1448 2548 provocationis
1463 2463 1510 2526 ad

275 2571 458 2636 Summum
474 2571 691 2651 Pontificem;
707 2575 770 2638 sed
785 2575 889 2638 simul
904 2585 1010 2655 atque
1025 2576 1103 2638 illas
1119 2575 1279 2652 obtinuit,
1295 2575 1378 2637 licet
1397 2571 1510 2635 recla-

277 2680 456 2743 mantibus
469 2680 593 2745 amicis
605 2691 639 2744 et
654 2683 811 2761 pericula
823 2683 952 2763 gravia
967 2683 1149 2747 imminere
1164 2681 1373 2761 dicentibus,
1390 2679 1510 2743 omnia

277 2789 366 2852 haec
383 2789 626 2869 postponenda
641 2790 763 2854 divino
779 2791 907 2853 honori
923 2802 1120 2869 censentes
1137 2808 1181 2853 ac
1195 2790 1316 2853 divina
1332 2806 1394 2868 spe
1414 2788 1510 2864 freti,

279 2912 402 2958 rursus
418 2894 463 2957 ad
478 2894 648 2959 Sanctum
663 2895 882 2961 Germanum
897 2898 1034 2961 reversi
1053 2908 1146 2976 sunt,
1168 2908 1203 2960 et
1224 2896 1375 2959 instituti
1400 2894 1512 2957 nostri

282 3002 401 3065 munia
416 3020 482 3082 pro
498 3003 633 3066 viribus
648 3003 745 3066 obire
761 3003 976 3068 nitebantur.

338 3108 409 3171 884.
453 3108 522 3172 Sed
536 3127 607 3172 non
619 3112 724 3191 pauci
740 3128 873 3189 eorum,
891 3112 950 3193 qui
963 3112 1009 3175 ad
1021 3122 1163 3175 nostros
1177 3108 1348 3174 accedere
1363 3126 1514 3172 consue·

278 3225 415 3293 verant,
433 3215 668 3280 confessionis
682 3229 718 3281 et
734 3219 993 3282 communionis
1008 3219 1137 3298 gratia,
1160 3228 1195 3281 et
1214 3236 1259 3281 ex
1277 3215 1516 3280 familiaribus

277 3322 461 3403 colloquiis
476 3340 547 3385 non
563 3324 712 3403 exiguos
727 3340 939 3404 progressus
954 3326 991 3388 in
1003 3326 1133 3406 pietate
1144 3324 1271 3387 fecisse
1283 3322 1508 3399 videbantur,

279 3440 352 3492 tam
364 3430 434 3492 viri
449 3447 555 3510 quam
570 3430 758 3509 foeminae,
776 3431 937 3495 deterriti
952 3449 1104 3495 censura
1119 3431 1287 3512 Episcopi
1300 3442 1334 3494 et
1350 3446 1516 3511 quorum·

324 3744 331 3775 ¹
361 3742 409 3785 “Et
420 3742 517 3786 benche
528 3752 574 3785 con
585 3745 669 3786 buoua
679 3744 838 3787 conscientia
849 3745 890 3788 noi
901 3745 1048 3789 heuescimo
1058 3750 1147 3800 poturo
1157 3745 1255 3789 andare
1265 3756 1282 3789 a
1293 3742 1374 3787 Sento
1383 3742 1517 3787 Germano

282 3813 430 3867 peraudire
441 3814 595 3857 confessioni
605 3821 631 3857 et
642 3816 832 3859 communicare
843 3817 953 3859 secondo
968 3816 987 3859 ii
996 3823 1128 3868 consueto,
1144 3817 1296 3860 nondimeno
1309 3827 1360 3859 non
1374 3815 1456 3858 siamo
1472 3825 1515 3857 an·

283 3886 339 3929 dati
350 3888 452 3938 (contra
463 3886 480 3928 ii
492 3886 541 3929 mio
553 3886 673 3940 giudicio)
684 3897 730 3940 per
741 3888 850 3941 qualche
862 3895 956 3942 tempo,
968 3889 1079 3933 secondo
1089 3890 1107 3931 ii
1118 3889 1249 3943 conseglio
1260 3888 1291 3931 de
1306 3897 1382 3931 uros.r
1394 3886 1514 3938 Picardo,

283 3958 371 4001 dottor
384 3958 506 4011 theologo
517 3958 600 4001 arnico
611 3958 679 4001 della
691 3957 860 4013 Compagnia,
871 3965 897 4003 et
906 3960 932 4004 dl
941 3962 1013 4005 molti
1024 3962 1085 4005 altri
1096 3961 1172 4005 amici
1184 3962 1274 4014 nostri,
1284 3960 1350 4003 insin
1359 3971 1375 4004 a
1385 3965 1459 4003 tento
1466 3957 1515 4001 che

284 4030 439 4083 siapassato
457 4030 474 4072 ii
491 4030 573 4083 primo
589 4028 663 4072 iuoco
675 4038 700 4073 et
716 4030 814 4083 grande
832 4031 928 4086 impeto
945 4034 1010 4084 loro,
1028 4034 1098 4087 quoii
1113 4033 1237 4077 diceuano
1248 4034 1328 4077 chesi
1339 4030 1488 4077 andassimo
1499 4040 1517 4073 a

283 4102 333 4144 Sao
347 4100 478 4145 Germano
489 4108 514 4144 et
526 4100 583 4165 iare.
593 4102 703 4145 secondo
714 4102 730 4146 ii
741 4102 827 4157 solito,
839 4109 907 4148 tutto
918 4106 936 4148 il
947 4116 1039 4148 comuu
1049 4108 1141 4159 popolo
1152 4107 1262 4149 sarebhe
1273 4112 1364 4148 contra
1380 4105 1406 4147 di
1420 4103 1470 4157 noi,
1489 4110 1516 4145 ct

282 4184 310 4216 se
322 4173 574 4226 scandalizzarebhe,
585 4174 681 4227 perche
692 4176 709 4217 ii
722 4174 839 4219 Vescono
850 4188 897 4230 per
907 4176 980 4220 darei
991 4177 1096 4221 fastidio
1108 4179 1232 4230 potrebbe
1241 4178 1271 4220 de
1282 4178 1358 4230 fatto,
1368 4176 1448 4219 etiam
1456 4184 1517 4229 pen·

283 4246 360 4289 dente
371 4245 554 4298 appellatione,
570 4246 803 4290 excommunicarci
821 4252 847 4290 et
862 4248 1007 4292 attaccarcl
1023 4250 1238 4293 excommunicati
1254 4261 1301 4305 per
1316 4250 1436 4303 compita:
1453 4248 1519 4291 etsi

282 4324 373 4371 questo
384 4316 444 4359 fossi
456 4318 509 4359 cosi
520 4322 588 4360 tutto
600 4317 617 4360 ii
628 4318 745 4371 simplice
764 4326 789 4361 et
806 4318 944 4373 ignorante
959 4322 1052 4374 popolo
1067 4322 1089 4364 si
1105 4322 1348 4365 scandalizznrebbe
1365 4321 1390 4364 dl
1401 4321 1451 4364 noi.
1467 4320 1519 4364 Nol

281 4390 417 4444 sappinmo
427 4389 476 4431 che
493 4387 523 4430 de
539 4388 597 4443 jure
608 4400 657 4432 non
672 4392 797 4444 potrebbe
812 4394 1057 4445 excommunicarci,
1072 4400 1097 4436 et
1113 4395 1198 4437 chesi
1214 4396 1238 4437 io
1254 4394 1363 4445 facesse,
1375 4394 1458 4436 laeua
1474 4403 1516 4434 ex·

282 4460 512 4504 communicatione
523 4462 633 4503 sarebbe
644 4463 715 4505 nulla
726 4470 751 4505 et
761 4463 818 4506 idco
828 4474 878 4507 non
890 4464 1012 4516 timenda,
1024 4472 1050 4508 et
1067 4466 1108 4508 noi
1125 4467 1210 4509 securi
1222 4466 1247 4509 in
1258 4464 1429 4517 conscientia;
1445 4475 1487 4507 mn
1498 4465 1518 4507 ii

284 4534 376 4588 popolo
386 4543 435 4575 non
447 4534 590 4586 saperebbe
602 4539 669 4577 tutto
680 4541 794 4588 questo„
806 4534 832 4577 Ρ.
844 4535 1002 4580 Paschasius
1013 4537 1099 4589 Broet,
1111 4538 1278 4582 ibid-Unde
1289 4538 1355 4581 satis
1370 4537 1452 4591 liquet
1468 4536 1518 4580 Pa·

285 4613 351 4648 trem
363 4604 441 4647 Broet
453 4615 502 4646 non
514 4610 568 4647 tum
579 4606 852 4651 excommunicationis
863 4614 889 4651 et
900 4619 1069 4652 censurarum
1077 4612 1110 4653 ab
1121 4609 1393 4665 Episcopoparlsiensi
1403 4612 1517 4653 latarum

286 4684 355 4720 metu
367 4687 444 4731 quam
455 4676 546 4719 timore
555 4686 586 4719 ne
597 4678 748 4721 scandalum
758 4680 844 4732 pusilli
856 4686 1018 4735 paterentur,
1029 4683 1062 4724 ab
1074 4682 1191 4726 adeundo
1202 4684 1235 4728 ad
1245 4688 1347 4735 tempus
1358 4680 1383 4725 S.
1394 4680 1521 4725 Germani

288 4748 366 4792 aedes
377 4754 405 4791 ut
416 4746 561 4791 ministeria
572 4748 607 4791 lbi
618 4754 761 4801 exerceret,
772 4749 925 4795 deterritum
936 4752 1023 4796 fuisse.
