3717 5400
806 511 871 568 Art.
894 509 964 568 Μ)
1436 511 1507 570 {iffi

263 669 346 716 nem
369 654 529 732 gentium
554 653 751 734 Collegium
775 653 835 720 ga
858 655 1040 720 Vincentii
1061 653 1334 735 praeferendum
1354 655 1499 720 videba-

260 773 334 838 tur,
350 760 409 824 ubi
424 761 531 825 etiam
542 762 775 826 salubriorem
790 779 868 826 esse
883 769 1005 826 aerem
1016 761 1235 841 experientia
1249 762 1412 826 docebat.

330 867 418 931 1705.
461 867 649 932 Penuriam
672 887 792 934 rerum
806 870 1092 934 necessariarum
1111 869 1148 934 in
1163 869 1231 932 hoc
1249 867 1408 947 Collegio
1429 867 1489 933 Sal

265 972 447 1040 Vincentii
461 975 574 1038 nostri
589 975 798 1052 sentiebant;
816 985 851 1040 et
865 975 900 1040 id
916 977 952 1038 in
967 993 1077 1038 causa
1088 975 1154 1039 fuit
1168 986 1207 1039 ut
1222 974 1502 1056 Piratiningam,

267 1099 361 1146 anno
377 1083 581 1161 praeterito,
599 1083 711 1146 nostri
730 1101 751 1146 a
770 1080 807 1145 P.
829 1082 996 1162 Nobrega
1017 1082 1118 1178 missi
1138 1081 1283 1156 fuerint;
1302 1084 1384 1163 quia
1398 1082 1499 1162 puori

266 1188 537 1267 brasiliensium,
561 1205 651 1270 quos
672 1207 794 1254 secum
815 1189 1005 1268 habebant,
1030 1189 1171 1254 facilius
1191 1190 1237 1252 ab
1258 1189 1416 1269 ipsorum
1437 1205 1497 1270 pa·

259 1295 427 1367 ,rentibus
456 1295 503 1360 ibi
532 1297 723 1361 sustentari
751 1303 927 1377 poterant,
956 1297 1016 1377 qui
1042 1312 1173 1376 magno
1198 1313 1280 1359 cum
1304 1296 1427 1359 labore
1450 1296 1505 1364 ad.

261 1401 331 1468 S.¹¹²
355 1401 584 1468 Vincentium
598 1405 803 1468 necessaria
817 1403 864 1468 ad
879 1404 1015 1468 victum
1029 1404 1276 1484 deportabant.

330 1509 419 1574 1706.
462 1510 538 1574 Rex
551 1508 1503 1591 quidemjusseratnostrisnecessariasubministrari·,

262 1617 329 1680 sed
340 1617 415 1697 ejus
427 1617 587 1682 Ducatus
599 1619 811 1698 praefectae,
826 1616 967 1682 Blasius
977 1616 1124 1682 Chubas
1136 1614 1158 1695 ¹,
1172 1635 1242 1680 non
1254 1616 1498 1696 exequebatur

266 1723 376 1804 Regis
403 1728 639 1788 voluntatem:
666 1743 731 1788 nec
756 1727 872 1788 solum
898 1724 1148 1788 substrahebat
1177 1724 1251 1786 suis
1279 1722 1505 1803 temporibus

262 1849 358 1913 quae
374 1831 491 1896 danda
507 1833 638 1896 nostris
653 1843 766 1910 erant,
783 1832 846 1896 sed
860 1849 952 1913 quae
968 1831 1014 1896 ad
1034 1829 1101 1895 Dei
1122 1830 1307 1894 servitium
1326 1842 1359 1892 et
1380 1829 1497 1894 aedifi·

261 1939 444 2003 tationem
459 1941 701 2020 proximorum
717 1939 941 2018 pertinebant
955 1937 1126 2018 impedire
1138 1938 1263 2000 solitus
1274 1947 1362 2011 erat;
1375 1953 1498 2016 quam·

267 2046 324 2110 vis
340 2048 478 2110 occulte
493 2047 527 2109 id
543 2048 686 2124 laceret,
704 2058 738 2111 et
754 2047 789 2110 in
805 2047 945 2128 publico
959 2063 998 2108 se
1021 2045 1185 2124 amicum,
1208 2056 1353 2125 propter
1377 2044 1501 2124 populi

267 2155 443 2228 timorem,
459 2155 591 2218 nostris
605 2155 818 2233 ostenderet;
835 2166 869 2217 et
888 2152 1150 2235 quodammodo
1171 2160 1355 2232 praestare
1377 2151 1503 2214 existi*

265 2261 386 2325 mahat
400 2261 506 2324 Pater
520 2260 687 2341 Nobrega
702 2270 740 2324 ut
755 2278 884 2325 novem
899 2275 1040 2337 aureos,
1054 2275 1144 2340 quos
1154 2258 1304 2338 singulis
1315 2257 1499 2321 mensibus

269 2368 502 2448 accipiebant,
516 2369 765 2448 relinquerent,
779 2384 823 2431 ne
835 2367 912 2432 Rex
923 2367 1145 2430 existimaret
1155 2367 1289 2429 nostris
1298 2382 1377 2428 esse
1389 2364 1497 2428 abun·

267 2472 311 2538 de
326 2485 565 2555 prospectum,
582 2493 663 2539 curn
679 2474 796 2538 adhuc
810 2474 944 2554 exigua
964 2473 1024 2537 illa
1044 2472 1228 2553 pecuniola
1251 2473 1342 2535 male
1360 2481 1397 2534 et
1413 2487 1503 2535 sero

266 2583 478 2658 solveretur,
495 2593 534 2644 ut
549 2583 612 2646 vix
627 2581 671 2644 ad
685 2582 839 2646 mediam
853 2589 991 2662 partem
1007 2581 1229 2656 educeretur;
1245 2578 1342 2641 etita
1353 2577 1399 2640 ad
1411 2577 1497 2641 civi·

261 2700 375 2753 -tatem
392 2688 545 2769 Paragai
561 2689 698 2770 aliquos
713 2708 757 2753 ex
773 2687 943 2753 fratribus
957 2686 1147 2751 mittendos
1158 2685 1397 2764 existimabat,
1410 2702 1495 2747 nam

262 2814 312 2861 ex
328 2798 562 2877 eleemosynis
578 2796 716 2860 difficile
731 2805 895 2877 poterant
909 2794 1116 2859 sustentari.

328 2903 416 2968 1707.
460 2903 858 2967 Narratetiamsemina
870 2900 1044 2984 quaedam
1056 2901 1315 2965 dissensionum
1326 2899 1417 2962 inter
1428 2898 1496 2963 Lu·

261 3012 400 3077 silanos
427 3010 487 3075 S.¹i
515 3012 694 3075 Vincentii
716 3024 751 3075 et
777 3011 999 3075 Castellanos
1024 3008 1180 3073 civitatis
1210 3007 1374 3086 Paragai,
1400 3006 1496 3087 quod

264 3118 400 3184 scilicet
415 3118 570 3183 Thomas
585 3118 628 3183 de
641 3118 740 3195 Sosa,
755 3118 983 3182 Gubernator
994 3116 1177 3187 Brasiliae,
1193 3115 1365 3193 quosdam
1377 3113 1501 3193 hispa-

260 3244 339 3305 -nos,
357 3227 417 3307 qui
432 3244 494 3307 per
510 3244 678 3306 magnum
693 3226 833 3303 flumen,
852 3224 945 3305 quod
961 3232 1093 3287 vocant
1109 3222 1199 3285 dela
1211 3220 1338 3298 Plato,
1350 3220 1396 3283 ad
1407 3220 1491 3284 civi·

259 3342 372 3397 tatem
394 3332 548 3411 Paragai
567 3334 768 3411 tendebant,
793 3332 883 3395 etin
903 3330 1057 3412 quodam
1081 3339 1187 3411 portu
1212 3328 1384 3391 Brasiliae
1409 3344 1494 3407 quo·

259 3441 453 3505 dammodo
483 3441 610 3520 perditi
638 3440 896 3517 versabantur,
926 3438 972 3501 ad
1006 3435 1071 3501 S.¹¹¹
1101 3435 1331 3499 Vincentium
1366 3432 1499 3498 adduci

262 3548 392 3625 voluit;
409 3548 500 3611 inter
516 3566 605 3627 quos
620 3557 721 3610 erant
737 3546 902 3610 mulieres
917 3544 1091 3626 quaedam
1106 3542 1253 3619 nobiles,
1271 3540 1318 3604 ad
1332 3556 1422 3622 quas
1436 3556 1493 3605 co·

260 3654 442 3719 mitandas
461 3664 495 3717 et
521 3654 748 3717 adducendas
768 3654 897 3717 missus
915 3653 1031 3717 suerat
1052 3649 1089 3714 P.
1111 3647 1321 3713 Leonardus
1346 3645 1499 3726 Nugnea

263 3760 309 3824 ab
323 3760 447 3824 eodem
462 3760 598 3825 Thoma
612 3762 656 3824 de
672 3760 762 3824 Sosa
776 3756 799 3837 ¹,
816 3768 851 3823 et
866 3761 959 3823 intra
974 3768 1056 3821 octo
1070 3772 1211 3820 menses
1229 3772 1267 3817 se
1287 3754 1495 3818 facultatem

258 3884 285 3931 a
303 3866 401 3947 Rege
418 3867 656 3948 Portugalliae
672 3870 705 3931 ci
724 3869 916 3933 missurum
937 3860 1175 3946 [promiserat]
1199 3871 1237 3926 ut
1260 3862 1422 3925 terrestri
1440 3861 1494 3925 iti·

263 3992 347 4039 nere
363 3976 408 4039 ad
423 3975 606 4039 'civitatem
622 3975 776 4053 Paragai
787 3983 932 4056 possent
943 3970 1139 4049 discedere,
1155 3979 1190 4033 et
1203 3978 1322 4032 tamen
1333 3969 1495 4047 elapsum

260 4079 333 4161 jam
350 4094 427 4145 erat
444 4083 631 4145 triennium
647 4094 680 4146 et
696 4100 738 4145 ea
757 4082 909 4145 facultas
928 4080 1087 4143 nondum
1106 4085 1266 4141 venerat.
1287 4076 1343 4139 Ex
1358 4073 1415 4137 his
1430 4074 1492 4137 ita-

261 4205 330 4270 que
347 4188 456 4269 aliqui
472 4189 544 4253 sere
560 4188 818 4269 desperabundi
842 4188 887 4253 ad
907 4188 1015 4251 alium
1034 4184 1223 4267 quemdam
1238 4192 1380 4264 portum
1395 4181 1494 4245 inha-

260 4295 414 4359 bitatum
430 4296 664 4375 magniscam
685 4294 852 4375 periculis
871 4312 909 4358 se
930 4295 1167 4357 contulerunt.
1190 4290 1261 4355 Alii
1281 4290 1493 4353 etiamtunc
1522 4370 1526 4377 Ι

261 4403 357 4483 apud
379 4402 443 4467 S.¹¹¹
465 4402 692 4467 Vincentium
714 4402 963 4484 expectabant,
985 4410 1021 4465 et
1041 4398 1210 4481 quidquid
1229 4397 1419 4476 habebant,
1439 4397 1493 4461 vi·

262 4578 474 4588 *—

302 4676 312 4711 ¹
341 4676 384 4721 sle
395 4682 528 4733 perspicue
541 4680 565 4722 in
577 4690 614 4721 ms
626 4690 631 4731 ;
643 4680 724 4722 eritne
736 4677 853 4722 Chanes?

303 4750 315 4783 ²
342 4750 409 4795 Vide
420 4762 507 4807 supra,
519 4760 537 4795 t.
550 4762 586 4803 ιιι,
597 4764 658 4806 pag.
668 4752 716 4805 t7t,
726 4763 742 4794 ιι
760 4749 821 4795 loll.
