3717 5400
332 506 388 569 686
789 507 917 568 ennon.
938 508 1016 567 Soc.
1035 511 1106 582 jus.

333 654 449 717 insuia
473 652 702 734 naufragium
728 653 873 733 fecerat,
904 654 1174 732 construxisset,
1205 662 1242 717 et
1265 670 1327 718 eos
1347 655 1497 734 populos
1516 655 1566 720 ad

332 759 465 825 Christi
484 761 691 841 religionem
710 760 963 840 convertisset;
983 761 1044 842 qui
1064 761 1227 842 quamvis
1254 779 1276 824 a
1295 761 1478 825 saracenis
1504 769 1559 841 ty·

331 868 480 932 rannide
496 868 655 949 oppressi
667 867 726 932 diu
738 867 879 944 fuerint,
892 869 1070 932 neminem
1080 867 1239 949 ipsorum
1249 867 1295 931 ad
1309 884 1412 932 suam
1424 876 1563 933 sectam

332 991 488 1056 unquam
503 974 705 1039 traduxisse
723 974 913 1040 ferebatur.

395 1081 483 1146 1898.
526 1082 614 1146 Tres
630 1099 741 1146 naves
761 1082 914 1146 habebat
929 1083 1092 1162 ecclesia,
1109 1083 1255 1163 antiquo
1268 1099 1378 1159 more,
1395 1097 1497 1166 piuro
1508 1081 1559 1144 in·

331 1197 385 1253 ter
404 1205 444 1252 se
465 1189 617 1276 invicem
640 1189 837 1268 distinctaS,
860 1198 895 1252 et
919 1197 1043 1270 portas
1063 1189 1209 1254 totidem
1234 1189 1417 1252 habentes.
1444 1187 1562 1268 Prope

331 1291 499 1377 templum
515 1305 593 1360 erat
607 1297 858 1360 coemeterium
874 1295 978 1360 valde
993 1313 1172 1376 magnum,
1182 1295 1216 1359 in
1230 1294 1330 1376 cuius
1344 1295 1498 1359 circuitu
1508 1295 1561 1358 in·

265 1443 274 1466 .
331 1401 505 1467 cedebant
519 1421 585 1484 pro
599 1402 773 1468 defunctis
792 1402 939 1483 orando,
961 1411 996 1467 et
1016 1403 1136 1483 ligneo
1156 1401 1309 1484 quodam
1324 1403 1563 1466 instrumento

331 1509 409 1575 loco
432 1526 628 1589 campanae
648 1509 833 1591 pulsando:
855 1509 1033 1574 habebant
1051 1510 1158 1574 etiam
1182 1509 1445 1591 baptisterium3
1468 1508 1564 1574 ethi

332 1617 537 1681 sacerdotes
562 1617 708 1698 capillos
733 1617 904 1697 oblongos
922 1625 958 1680 et
979 1616 1025 1680 ad
1049 1617 1283 1697 posteriorem
1309 1625 1446 1697 partem
1472 1613 1559 1694 reje-

333 1733 410 1788 ctos
434 1740 532 1787 more
555 1740 787 1787 nazareorum
809 1722 1003 1800 habebant,
1028 1733 1064 1786 et
1089 1740 1154 1804 pro
1175 1723 1292 1798 lectis,
1319 1722 1468 1803 pellibus
1485 1723 1559 1802 qui·

331 1830 495 1908 busdam,
518 1830 616 1893 victu
635 1830 742 1893 etiam
763 1839 798 1893 et
816 1829 948 1893 vestitu
966 1846 1123 1912 paupere
1142 1828 1333 1893 admodum
1354 1829 1558 1892 utebantur.

330 1937 404 2001 Nec
419 1937 552 2002 reditus
567 1946 627 2001 aut
643 1938 712 2000 ulla
728 1935 868 2000 stabilia
882 1938 975 2000 bona
990 1935 1229 2018 possidebant,
1242 1936 1305 1999 sed
1320 1935 1558 2015 eleemosynis

331 2043 554 2122 victitabant,
575 2061 663 2124 quas
682 2043 856 2122 derebus,
874 2060 966 2124 quae
984 2043 1032 2106 ibi
1051 2043 1086 2105 in
1101 2060 1167 2106 usu
1182 2054 1275 2122 sunt,
1291 2042 1426 2106 scilicet
1441 2041 1557 2120 lactis,

335 2151 465 2230 carnia,
482 2159 516 2214 et
536 2150 761 2214 charicarum
778 2148 798 2226 ¹,
820 2150 1108 2225 emendicabant;
1130 2157 1166 2212 et
1186 2157 1305 2213 tamen
1326 2165 1389 2212 eos
1408 2149 1563 2229 populus

333 2273 550 2338 magnopere
565 2258 812 2321 venerabatur.

395 2362 482 2428 1899.
527 2362 625 2429 Gens
639 2364 698 2427 iila
714 2365 792 2427 aliis
806 2363 949 2443 quidem
963 2361 1050 2425 cibis
1064 2370 1175 2440 caret,
1189 2361 1252 2425 sed
1266 2362 1390 2426 vaccis
1400 2379 1444 2426 ac
1455 2379 1558 2443 peco

330 2471 428 2535 ribus
450 2480 485 2535 et
507 2471 640 2552 optima
662 2489 754 2552 aqua
772 2469 941 2548 abundat,
963 2478 997 2533 et
1017 2475 1099 2532 aere
1120 2467 1253 2531 salubri
1271 2467 1415 2532 fruitur:
1442 2468 1563 2549 pisces

330 2578 531 2643 maritimos
545 2577 719 2660 quosdam
732 2578 840 2641 etiam
854 2576 1049 2657 piscantur.

394 2683 482 2749 1900.
525 2683 667 2749 Nullum
681 2684 911 2765 interpretem
925 2681 964 2748 P.
980 2682 1187 2748 Gonzalvus
1207 2681 1369 2746 invenire
1388 2681 1503 2762 potuit
1518 2691 1560 2746 ut

330 2794 490 2859 cumillis
504 2804 639 2873 ageret,
656 2801 690 2857 et
705 2802 823 2857 tamen
838 2792 1051 2855 videbantur
1066 2791 1098 2854 ei
1113 2789 1159 2853 ad
1174 2789 1293 2853 omnia
1311 2790 1405 2853 bona
1424 2790 1558 2870 parati,

330 2901 361 2965 si
381 2900 459 2982 quis
480 2918 542 2965 eos
563 2878 753 2979 docuisset}
773 2898 836 2963 sed
857 2899 941 2980 quia
962 2915 1050 2962 auro
1072 2906 1106 2961 et
1126 2905 1275 2976 argento
1296 2906 1463 2960 externos
1485 2913 1558 2961 non

328 3007 493 3087 invitant,
511 3007 555 3070 ab
571 3006 733 3070 omnibus
749 3006 926 3071 contemni
940 3006 1119 3069 videntur.

392 3112 481 3177 1901.
524 3113 649 3178 Gavisi
660 3124 743 3177 sunt
755 3122 872 3176 autem
883 3129 1100 3194 magnopere
1112 3129 1193 3176 cum
1207 3111 1400 3192 imaginem
1413 3110 1452 3174 B.
1466 3108 1559 3174 Tho-

329 3238 420 3300 mae,
446 3237 552 3301 quam
572 3222 685 3284 nostri
706 3220 877 3299 ferebant,
899 3218 1004 3283 simul
1028 3236 1111 3282 cum
1132 3218 1210 3283 aliis
1232 3218 1284 3282 eis
1306 3217 1558 3296 ostenderunt;

329 3328 417 3392 nihii
431 3328 525 3392 enim
539 3329 610 3391 tale
625 3344 780 3408 unquam
795 3327 971 3391 viderant.
987 3327 1027 3391 In
1041 3344 1083 3390 ea
1103 3326 1255 3389 ecclesia
1278 3325 1390 3389 altare
1408 3323 1446 3387 P.
1460 3323 1558 3388 Gon·

330 3436 455 3499 zalvus
476 3434 633 3499 extruxit
657 3444 691 3497 et
711 3432 925 3499 Sanctorum
945 3431 1159 3512 imaginibus
1184 3432 1343 3511 ornavit,
1369 3440 1404 3495 et
1425 3430 1558 3494 Missae

330 3541 545 3607 sacrificium
570 3541 708 3619 obtulit;
732 3550 766 3604 et
786 3540 824 3604 Β.
838 3541 1034 3619 Apostolus
1059 3538 1189 3602 multos
1208 3538 1444 3602 commovisse
1461 3536 1558 3600 vide·

330 3649 435 3713 batur
447 3666 492 3712 ex
506 3648 573 3727 his,
590 3648 651 3727 qui
666 3648 702 3711 in
717 3648 822 3711 classi
841 3646 1043 3711 veniebant.

392 3753 481 3819 1902.
525 3753 614 3819 Cum
634 3764 715 3819 octo
735 3754 809 3818 dies
829 3754 866 3816 in
884 3752 1083 3817 Sochotora
1104 3752 1329 3830 mansissent,
1351 3767 1414 3831 per
1432 3750 1557 3815 fauces

330 3862 440 3926 maris
455 3861 566 3926 Rubri
586 3862 678 3926 ultra
697 3860 812 3926 Adem
828 3859 1021 3941 progressi,
1042 3859 1132 3923 duas
1151 3874 1264 3921 naves
1283 3873 1445 3937 magnas,
1466 3872 1559 3937 quas

329 3969 504 4050 galeones
531 3977 674 4047 vocant,
705 3967 830 4031 obvias
858 3967 1076 4045 habuerunt,
1106 3982 1255 4045 quarum
1284 3964 1397 4028 altera
1425 3980 1558 4043 magna

329 4075 445 4155 valde,
462 4086 497 4140 et
512 4076 621 4139 armis
636 4085 819 4139 turcarum
834 4074 1019 4152 instructa,
1031 4083 1066 4135 et
1082 4070 1216 4135 divitiis
1230 4072 1345 4152 plena,
1362 4088 1408 4134 ex
1423 4069 1556 4133 Tauas·

329 4184 467 4249 charim
481 4182 493 4214 ⁸
508 4182 710 4247 veniebant.
727 4180 828 4261 Cepit
844 4192 963 4244 autem
978 4178 1153 4259 cupiditas
1173 4178 1301 4241 milites
1320 4194 1452 4241 navem
1466 4176 1559 4240 hanc

330 4290 574 4371 aggrediendi,
588 4297 624 4353 et
635 4288 680 4351 ad
692 4286 767 4369 ejus
779 4287 924 4368 puppim
935 4286 988 4351 sic
999 4294 1238 4364 accesserunt,
1252 4292 1291 4348 ut
1305 4299 1431 4365 parum
1443 4284 1559 4348 abfue-

370 4530 380 4565 ¹
408 4528 451 4574 Sic
462 4530 488 4573 in
502 4540 558 4584 ms.;
577 4540 676 4583 verum,
692 4538 749 4573 cum
764 4527 869 4573 litterae
882 4525 1171 4580 &adimplentibus
1186 4524 1251 4569 haec
1266 4525 1419 4579 deprompta
1433 4530 1501 4580 sunt,
1516 4524 1559 4567 ba·

329 4602 409 4647 beant
418 4600 520 4649 datfllr',
529 4601 633 4646 videtur
643 4600 685 4644 bic
695 4600 858 4644 scribendum
868 4600 1049 4652 caryotarum.

369 4673 381 4706 ¹
410 4672 461 4727 Sic;
472 4672 517 4717 seri
527 4683 609 4727 neque
620 4672 645 4717 ln
655 4671 755 4715 chartis
766 4680 922 4725 expressum,
934 4678 981 4713 nec
991 4668 1060 4723 apud
1070 4668 1208 4714 historicos
1217 4673 1387 4713 memoratum
1396 4666 1472 4722 hujus
1481 4666 1560 4711 nomi·

328 4744 369 4788 nis
378 4744 463 4789 locum
473 4743 626 4799 reperiruus.
