3717 5400
803 482 868 541 Au.
890 482 960 541 1555
1444 485 1497 545 423

258 629 404 709 ingredi
419 628 601 692 constituit
620 628 685 691 sub
710 629 924 707 annifinem,
952 630 1118 709 quamvis
1145 630 1357 710 ingressum,
1378 640 1416 693 ut
1437 649 1493 694 ne·
1526 640 1529 646 ’

258 737 363 816 gotia
379 736 573 816 expediret,
591 737 847 817 aliquantulum
862 736 1010 802 distulit.

327 844 414 909 1132.
457 843 513 907 Ex
530 844 645 908 tribus
666 844 761 921 aliiS,
792 844 853 923 qui
877 844 1122 923 spiritualibus
1147 844 1326 909 exercitiis
1352 844 1494 909 suerunt

264 951 406 1030 exculti,
422 968 514 1015 unus
529 950 835 1015 Carthusiensium
850 950 1030 1031 Ordinem,
1048 952 1118 1016 duo
1135 953 1195 1015 alii
1215 950 1431 1017 Societatem
1444 954 1495 1016 in·

260 1059 381 1133 gressi
395 1069 489 1137 sunt,
509 1076 659 1138 quorum
679 1060 769 1122 alter
788 1057 853 1122 luit
874 1058 1075 1122 Matthaeus
1095 1057 1138 1123 de
1159 1058 1342 1139 DuegnaS,
1363 1058 1407 1123 D.
1425 1059 1496 1123 Ro·

259 1166 375 1229 derici
390 1166 434 1229 de
448 1164 630 1244 Duegnas,
641 1166 703 1245 qui
716 1164 875 1244 Collegio
885 1164 1147 1245 Methymnensi
1161 1166 1300 1230 initium
1310 1166 1457 1231 dederat
1473 1167 1494 1246 ¹,

264 1273 368 1352 filius,
383 1273 504 1336 latinis
519 1282 554 1336 et
572 1272 714 1351 graecis
738 1272 865 1336 litteris
889 1283 925 1336 et
939 1272 1142 1336 liberalibus
1157 1272 1264 1336 etiam
1290 1274 1426 1338 artibus
1440 1275 1496 1337 in·

259 1391 433 1446 structus.

326 1487 415 1552 1133.
456 1486 581 1568 Populi
605 1496 724 1552 autem
744 1488 837 1551 illius
862 1485 1031 1565 Senatus,
1058 1488 1120 1567 qui
1144 1487 1275 1551 nostris
1303 1488 1494 1569 aliquando

258 1596 422 1675 graviter
433 1595 702 1671 adversabatur,
715 1594 866 1658 mutavit
877 1593 1088 1657 sententiam
1099 1603 1134 1657 et
1147 1594 1302 1658 animum
1315 1604 1350 1658 et
1361 1596 1493 1659 nostris

268 1701 356 1765 nihil
383 1703 604 1782 petentibus,
630 1720 704 1765 non
728 1701 943 1765 mediocrem
969 1701 1077 1765 tritici
1101 1703 1364 1782 eleemosynam
1389 1700 1494 1765 dedit.

268 1808 477 1873 Delectatus
489 1810 555 1873 fuit
570 1827 639 1872 non
655 1809 881 1873 mediocriter
895 1808 1048 1888 populus
1067 1806 1191 1873 officiis
1211 1808 1341 1872 divinis
1357 1805 1379 1887 ¹,
1405 1825 1496 1890 quae

267 1915 306 1979 P.
324 1916 537 1981 Franciscus
551 1915 722 1980 mediocri
740 1925 824 1979 tono
846 1915 1030 1981 decantari
1052 1900 1345 1997 praescripserat,
1369 1925 1403 1979 et
1425 1934 1496 1980 mo·

267 2032 438 2088 numento
453 2022 465 2053 ³
479 2024 586 2087 etiam
602 2022 775 2086 consecto.

331 2130 418 2194 1134.
462 2130 657 2211 Colloquiis
670 2129 831 2209 privatiS,
848 2146 1033 2193 carcerum
1049 2139 1084 2193 et
1098 2129 1401 2194 xenodochiorum
1415 2129 1496 2193 visi·

262 2239 418 2312 tatione,
434 2248 468 2301 et
483 2237 745 2301 confessionum
765 2237 959 2300 ministerio
978 2235 1005 2315 ⁴,
1029 2238 1178 2317 pacibus
1197 2239 1439 2319 conciliandiS,
1462 2252 1497 2304 et

263 2346 440 2427 proximis
460 2344 602 2409 demum
620 2343 787 2424 iuvandis
808 2361 871 2424 per
893 2344 962 2407 alia
982 2345 1124 2424 pietatis
1143 2346 1272 2426 officia,
1294 2356 1496 2411 nostrorum

261 2470 376 2534 opera
391 2453 457 2516 hoc
473 2468 567 2515 anno
578 2452 906 2531 methymnensibus
921 2451 1079 2531 perutilis
1091 2452 1167 2515 fuit.
1180 2452 1298 2532 Ipsum
1310 2464 1428 2517 tamen
1440 2472 1496 2518 ae·

263 2559 423 2624 dificium
437 2577 508 2622 non
523 2575 741 2639 magnopere
755 2568 959 2639 promotum
979 2567 1043 2637 est,
1061 2560 1226 2639 quamvis
1241 2558 1314 2640 jam
1331 2562 1374 2624 ab
1396 2563 1496 2627 initio

265 2668 355 2731 >anni
368 2666 517 2731 materia
532 2666 710 2746 lignorum
730 2682 773 2728 ac
792 2664 949 2746 lapidum
965 2675 1184 2747 comportata
1201 2668 1316 2746 suerit,
1332 2678 1367 2732 et
1389 2669 1495 2734 etiam

269 2775 307 2838 in
324 2791 518 2855 progressu
536 2773 685 2852 Collegii
711 2790 799 2852 opus
823 2773 1029 2837 surrexerit.
1056 2772 1261 2854 Adjuvabat
1285 2786 1404 2840 autem
1429 2777 1496 2841 hoc

264 2899 358 2962 opus
373 2881 518 2961 egregie
532 2879 578 2944 D.
594 2880 772 2944 Antonius
787 2880 830 2943 de
842 2879 988 2957 Acosta,
1006 2889 1080 2944 tam
1094 2882 1283 2946 multorum
1298 2882 1448 2948 liliorum
1460 2885 1496 2948 in

266 2987 446 3053 Societate
470 2997 572 3069 pater
591 2985 616 3065 ⁸,
638 2995 673 3050 et
692 2987 752 3050 alii
771 2987 902 3067 privati
927 2998 1156 3066 mercatores,
1183 2991 1347 3069 quamvis
1373 3007 1497 3055 omnes

265 3095 460 3175 defatigari
482 3093 555 3174 jam
580 3093 804 3173 videbantur;
827 3111 869 3158 eo
889 3103 1006 3157 tamen
1028 3111 1117 3175 opus
1142 3096 1351 3175 perductum
1373 3107 1437 3177 est,
1458 3109 1497 3162 ut

268 3203 399 3282 hyeme
415 3202 518 3282 huius
533 3201 617 3264 anni
631 3200 785 3264 habitari
799 3216 905 3280 posse
919 3201 1111 3265 videretur.

327 3310 373 3374 Et
388 3308 476 3372 haec
492 3309 535 3372 de
547 3307 809 3388 Methymnensi
823 3306 993 3386 Collegio.

512 3735 577 3799 DE
598 3733 831 3800 COLLEGIO
853 3734 1251 3804 VALLISOLETANO

332 4060 419 4124 1¹35.
462 4059 500 4122 P.
516 4058 672 4141 Joannes
687 4057 730 4120 de
745 4056 1017 4121 Valderrabano
1032 4057 1113 4120 huic
1135 4058 1294 4140 Collegio
1316 4071 1493 4143 praeerat,

261 4168 428 4249 quamvis
443 4167 519 4247 ipse
535 4164 784 4242 Prouincialis,
801 4163 839 4226 P.
856 4162 988 4236 Araoz,
1004 4165 1133 4229 ibidem
1149 4183 1280 4246 magna
1295 4179 1395 4248 parte
1410 4171 1495 4234 anni

305 4446 312 4476 ¹
342 4443 409 4488 Vide
419 4454 507 4498 supra,
519 4451 537 4486 t.
550 4453 576 4494 n,
586 4454 647 4498 pag.
659 4443 706 4496 lli,
717 4454 741 4488 n.
751 4443 803 4487 273.

303 4516 317 4548 ἲ
344 4515 654 4560 Hebdomadeeeanctae.

305 4585 316 4616 ἵ
342 4586 392 4632 Ubi
403 4587 543 4641 repositum
554 4592 594 4629 est
605 4586 646 4630 die
655 4585 821 4639 Jorissanctl
832 4587 988 4632 Venerabile
999 4588 1203 4634 Sacramentum.
1515 4631 1518 4638 r

303 4659 317 4691 ⁴
343 4657 433 4703 Verba
443 4658 509 4702 baec
519 4661 545 4701 et
555 4659 754 4713 confessionum
766 4660 918 4703 ministerio
928 4661 1033 4714 scripsit
1044 4661 1076 4704 ud
1087 4662 1197 4714 paginae
1209 4673 1281 4706 oram
1289 4663 1343 4717 ipse
1355 4663 1492 4710 Polancus.

304 4732 319 4765 ὅ
346 4731 673 4786 νίᾱεειιρη,ριῑ.422,η.
687 4731 745 4776 liiii.
1383 4739 1386 4752 ·
