3717 5400
800 446 865 506 Aa.
886 431 958 505 labb
1447 437 1503 502 727

263 592 410 659 domuin
434 600 594 657 nostram
618 596 779 672 denerat,
804 602 840 655 ct
865 608 972 674 quam
997 592 1108 656 multa
1125 590 1220 655 bona
1242 608 1287 655 ex
1302 591 1371 655 hoc
1391 608 1500 671 opere

265 700 325 782 pio
340 703 573 782 sequerentur
583 700 616 763 ei
630 704 858 780 exponentes,
872 700 1099 780 postularunt
1113 706 1151 763 ut
1165 698 1230 761 sub
1246 698 1364 779 aliqua
1382 702 1499 779 poena

265 807 469 889 prohiberet
480 824 523 870 ne
538 808 617 887 quis
631 806 784 870 infantes
794 804 995 886 huiusmodi
1007 804 1196 883 occideret,
1210 805 1273 869 sed
1285 805 1438 869 deterret
1451 804 1496 869 ad

265 914 456 996 hospitale,
484 913 577 995 quod
601 901 806 978 Ludovicus
830 912 1058 977 confecturus
1083 917 1180 991 erat,
1210 912 1272 993 qui
1302 912 1422 977 statim
1453 910 1498 975 ad

262 1017 360 1085 aliud
385 1020 643 1104 conficiendum
667 1028 701 1084 et
726 1016 1014 1100 praeparandum
1038 1019 1132 1082 mille
1157 1033 1285 1083 aureos
1311 1019 1416 1083 dedit.
1444 1016 1496 1083 lbi

262 1128 360 1191 ellim
392 1136 580 1192 curaturos
598 1141 677 1191 esse
695 1131 838 1191 nostros
870 1134 909 1189 ut
928 1126 1169 1207 nutrirentur;
1205 1135 1240 1189 et
1260 1125 1289 1189 si
1318 1126 1496 1191 accideret

263 1235 420 1315 aliquem
442 1234 602 1315 ipsorum
626 1233 728 1313 morl,
750 1238 872 1297 eorum
888 1232 1027 1296 animas
1042 1234 1192 1297 'salutern
1215 1242 1399 1298 aeternam
1413 1250 1496 1297 con·

267 1351 492 1422 sequuturas.

323 1446 414 1512 2043.
458 1447 529 1513 Res
543 1446 675 1529 placuit
690 1464 907 1529 magnopere
922 1446 1024 1527 Regi,
1041 1447 1101 1528 qui
1115 1454 1285 1526 magnum
1306 1452 1496 1529 peccatum

263 1558 343 1619 esse
358 1554 597 1620 arbitrabatur
611 1555 765 1619 infantes
780 1554 956 1634 oc'cidere;
973 1562 1008 1618 et
1022 1558 1094 1617 non
1109 1556 1224 1619 soluta
1237 1552 1401 1635 iussitire
1415 1556 1495 1637 quis

261 1662 496 1742 occideretur,
512 1661 577 1725 sed
589 1648 751 1744 promisit
766 1678 804 1726 se
818 1662 975 1725 nutrices
993 1662 1158 1725 daturum
1172 1658 1218 1725 ad
1233 1660 1385 1725 infantes
1401 1663 1496 1727 alen·

262 1766 345 1849 dos,
369 1770 469 1833 etsie
493 1768 698 1833 Ludovicus
718 1767 834 1849 Bungi
855 1768 1070 1831 commorari
1094 1767 1262 1831 decrevit.
1290 1766 1335 1831 Et
1354 1779 1498 1849 praeter

263 1874 477 1956 baptismum
492 1875 733 1955 parvulorum,
750 1874 907 1938 nutrices
922 1874 1029 1937 etiam
1045 1872 1090 1937 ad
1106 1873 1287 1937 Christum
1300 1891 1495 1939 conversae

264 1972 546 2062 baptizabantur3
562 1982 658 2045 etad
676 1987 846 2061 magnam
864 1979 1146 2044 aedificationem
1165 1980 1274 2045 totius
1287 1982 1495 2062 provinciae

260 2088 467 2168 japonensis
481 2088 550 2152 hoc
564 2089 659 2169 pium
675 2104 764 2169 opus
779 2087 898 2151 cessit

322 2194 524 2259 autunto
549 2204 604 2259 est
623 2196 681 2259 ille
702 2194 916 2272 Ludovicua,
945 2193 987 2257 de
1009 2208 1078 2275 quo
1100 2195 1206 2274 paulo
1232 2200 1314 2258 ante
1339 2172 1492 2261 diximus

260 2302 356 2382 quod
370 2303 515 2367 miserat
533 2302 604 2367 duo
621 2302 730 2366 millia
751 2299 995 2365 aureorumP.
1019 2298 1246 2365 Melchiotii
1268 2301 1358 2365 Curn
1374 2312 1492 2369 autem

259 2410 355 2491 apud
364 2410 589 2492 japonenses,
602 2409 683 2473 licet
695 2408 824 2472 medici
835 2407 1073 2487 inveniantur,
1090 2407 1248 2487 chirurgi
1263 2410 1349 2472 nulli
1361 2417 1491 2490 essent,

259 2517 351 2580 haec
366 2533 426 2580 ars
441 2516 612 2580 Ludovici
628 2515 750 2596 magni
764 2514 881 2593 fiebat,
897 2530 980 2578 curn
993 2514 1203 2595 praesertim
1218 2530 1297 2578 earn
1317 2534 1362 2579 ex
1377 2516 1489 2580 chari-

258 2632 335 2687 tate
347 2623 540 2687 liberaliter
557 2630 751 2695 exerceret.
771 2622 817 2687 Et
838 2624 945 2703 paulo
966 2629 1046 2702 post
1065 2622 1102 2684 in
1120 2618 1334 2685 Societatem
1356 2622 1492 2703 ingres·

258 2749 334 2811 suS,
360 2732 544 2812 perutilem
569 2748 715 2812 operam
736 2731 844 2794 etiam
868 2731 906 2794 in
931 2728 1099 2793 sanandis
1124 2730 1264 2794 animae
1284 2731 1488 2796 vulneribus

259 2838 382 2902 multis
395 2838 572 2919 praestitit
586 2841 609 2900 ¹.

319 2944 410 3008 2045.
454 2943 612 3008 Venerat
626 2943 684 3008 bic
696 2944 733 3008 in
748 2946 920 3029 Japonem
934 2944 970 3008 in
985 2943 1071 3008 navi
1091 2939 1248 3008 Eduardi
1267 2945 1311 3008 de
1333 2944 1448 3010 Gama
1463 2945 1486 3027 ³,

256 3051 360 3131 cujus
373 3050 531 3115 Eduardi
544 3052 780 3133 eleemosynis
794 3051 927 3115 nostris
951 3051 1154 3114 necessaria
1175 3052 1399 3132 suppeditata
1417 3053 1490 3117 iue-

257 3166 353 3239 runt,
368 3158 532 3240 quamvis
551 3169 586 3223 et
606 3159 746 3223 aliunde
765 3160 873 3222 etiam
893 3157 1051 3222 subsidia
1073 3158 1191 3239 aliqua
1206 3160 1422 3240 acciperent,
1444 3161 1489 3224 ab

255 3265 384 3330 eodem
398 3267 505 3330 etiam
523 3265 691 3330 Eduardo
712 3273 849 3342 curata,
875 3273 909 3328 et
924 3281 1005 3328 curn
1020 3276 1094 3328 tam
1114 3265 1233 3329 multis
1249 3267 1352 3330 annis
1372 3283 1417 3330 ex
1437 3267 1488 3331 ln·

255 3375 317 3436 dia
336 3373 424 3439 nihil
442 3376 664 3453 accepissent
685 3371 709 3450 ⁴,
732 3389 835 3436 neca
857 3369 1111 3452 japonensibus
1134 3371 1333 3452 judicarent
1358 3373 1490 3438 inendi·

256 3479 412 3544 candum
426 3497 516 3558 esse,
534 3481 601 3544 hac
616 3479 754 3544 ratione
769 3479 891 3543 divina
905 3478 1129 3559 providentia
1145 3479 1276 3543 nostris
1291 3483 1487 3561 prospexit.

317 3585 410 3650 2046.
452 3587 569 3686 Bungi
581 3596 681 3651 tanto
693 3604 773 3650 cum
787 3585 930 3687 fervore
944 3586 990 3650 ad
1005 3585 1150 3650 Missam
1162 3587 1374 3652 audiendam
1389 3605 1489 3654 acce·

256 3691 405 3769 debant,
423 3703 461 3757 ut
475 3711 519 3756 ex
534 3694 662 3756 vicinis
676 3694 762 3757 locis
780 3692 856 3772 ejus
871 3689 933 3757 ⁸et
953 3693 1134 3757 concionis
1154 3694 1350 3758 audiendae
1370 3697 1488 3776 gratia

255 3801 506 3879 convenirent,
533 3809 567 3863 et
587 3800 728 3880 quidem
748 3809 855 3864 noctu
875 3799 1111 3880 praecedente
1129 3800 1224 3864 domi
1244 3807 1388 3866 nostrae
1409 3798 1486 3868 do'r·

255 3907 429 3986 miebant3
449 3916 484 3971 et
505 3907 567 3971 alii
585 3907 675 3971 duas
693 3908 802 3972 boras
826 3916 909 3971 ante
931 3909 1045 3970 lucem
1065 3907 1282 3972 accedebant
1307 3909 1344 3973 u't
1368 3911 1487 3976 locum

254 4013 439 4078 haberent.

295 4244 303 4290 ί
331 4253 399 4300 Vide
408 4265 496 4312 snpra,
507 4266 568 4312 pag.
579 4255 629 4309 721.
640 4268 666 4302 n.
676 4252 741 4303 2024.

293 4324 316 4390 4
333 4327 415 4384 tinius
424 4330 515 4374 fratria
526 4331 646 4375 vitamet
658 4340 701 4375 rea
714 4330 807 4386 tetum
819 4323 956 4376 enar'ra'rit
967 4329 995 4375 P.
1005 4323 1186 4386 Natanrlmc,
1204 4331 1321 4377 i'arones
1332 4333 1442 4380 ilustres
1452 4335 1486 4380 de

249 4401 281 4445 la
297 4401 444 4457 cvrnpaata
459 4403 493 4447 de
506 4403 598 4460 Jaesus,
612 4405 653 4448 ed.
669 4405 751 4460 antiq.
766 4403 936 4451 Matritensis.
951 4411 971 4448 t.
985 4414 1003 4459 t,
1020 4415 1081 4460 pag.
1100 4403 1148 4458 7183
1166 4415 1250 4450 norae
1262 4403 1415 4462 Bllbatnsla,
1431 4416 1450 4454 t.
1468 4419 1487 4462 t.

251 4485 315 4530 pag.
327 4475 373 4520 160.

294 4547 306 4579 ³
332 4547 399 4592 Vide
409 4560 497 4605 snpra,
508 4561 569 4606 pag.
577 4549 627 4604 721,
636 4561 662 4594 n.
672 4548 738 4596 2021.

295 4619 307 4652 ⁸
333 4615 401 4664 Vide
410 4629 498 4676 supra,
508 4621 630 4678 pamm,
638 4634 664 4668 n.
673 4619 736 4668 2019.

294 4689 307 4724 ⁸
333 4691 404 4746 Scit..
417 4693 519 4740 illane.
