3717 5400
803 464 869 524 Au.
890 462 961 524 1555
1444 461 1497 522 681

269 631 352 677 nem
373 612 521 677 reddere
540 621 726 690 noverant,
750 609 844 692 quod
864 602 1033 677 mu'lti‘ex
1052 597 1214 689 antiquis
1226 608 1431 672 christianis
1449 606 1499 672 fa·

272 735 353 786 cere
367 737 439 783 non
454 721 502 782 ita
517 719 730 800 potuissene
746 725 780 780 et
795 732 875 780 eum
890 726 1010 782 tamen
1024 717 1138 780 nostri
1159 726 1232 779 tam
1247 715 1352 795 pauci
1367 723 1502 794 essent,

271 827 415 891 minime
431 827 466 890 id
480 833 663 907 praestare
681 817 893 906 potuissent,
914 825 982 888 nisi
1002 825 1087 887 boni
1104 825 1155 886 illi
1174 823 1255 902 viri,
1277 840 1366 901 quos
1385 815 1503 886 instar

272 933 500 998 eremitarum
515 949 594 996 esse
609 933 770 1014 superius
789 931 943 995 diximus
959 930 981 1010 ¹,
1001 931 1070 994 hoc
1089 930 1203 994 officio
1217 930 1367 994 docendi
1381 931 1505 993 multis

273 1041 310 1105 in
334 1039 423 1104 locis
444 1039 556 1103 functi
575 1049 709 1118 essent;
731 1053 819 1118 quos
845 1055 926 1101 cum
952 1056 998 1101 ex
1014 1037 1275 1118 probatissimis
1296 1035 1505 1100 christianis

274 1147 312 1210 P.
329 1147 505 1210 Henricus
519 1145 677 1226 eligeret,
694 1155 898 1208 nostrorum
912 1145 1097 1225 penuriam
1112 1137 1308 1224 supplebat.

336 1251 423 1316 1884.
466 1253 614 1316 Multum
629 1251 799 1333 temporis
813 1269 856 1315 ac
871 1268 980 1315 curae
996 1269 1099 1315 mane
1115 1268 1157 1314 ac
1171 1251 1315 1330 vesperi
1325 1247 1446 1331 pueris
1458 1267 1505 1313 ac·

273 1360 400 1441 puellis
422 1359 645 1423 instituendis
666 1359 902 1438 tribuebatur,
924 1369 959 1422 et
978 1359 1023 1422 ab
1043 1358 1245 1422 hominibus
1267 1357 1501 1438 provectiori·

273 1469 339 1531 bus
363 1477 479 1530 aetate
503 1467 686 1546 utriusque
708 1483 815 1530 sexus
839 1465 932 1529 ratio
953 1466 1060 1530 etiam
1079 1465 1263 1529 doctrinae
1284 1463 1504 1528 christianae

274 1574 494 1654 exigebatur3
521 1583 555 1638 et
580 1574 632 1637 sic
656 1573 900 1638 inculcabatur
924 1572 1015 1636 haec
1039 1569 1120 1636 fidei
1148 1572 1322 1648 doctrina,
1353 1580 1393 1634 ut
1421 1571 1503 1634 licet

275 1697 398 1745 crasso
413 1681 605 1744 admodum
620 1689 739 1744 essent
753 1680 908 1759 ingenio,
924 1695 997 1742 non
1011 1688 1156 1760 possent
1171 1679 1374 1743 necessaria
1390 1678 1436 1742 ad
1448 1694 1505 1740 sa-

275 1789 383 1853 lutem
397 1772 575 1884 ignorare.

340 1893 428 1958 1885.
472 1887 717 1959 Etldomlnicis
731 1894 854 1958 diebus
867 1895 951 1974 viri,
963 1893 1088 1959 diebus
1099 1893 1240 1958 sabbati
1250 1894 1427 1972 mulieres,
1443 1909 1504 1954 ex-

276 2004 458 2086 plicationi
483 2003 732 2084 mysteriorum
754 2002 855 2066 Fidei
877 2004 1083 2081 intererant,
1105 2012 1140 2066 et
1160 2001 1364 2082 frequentes
1384 1997 1429 2061 ad
1449 2015 1504 2062 ec·

278 2111 406 2174 clesias
420 2109 637 2174 accedebant
654 2120 688 2174 et
709 2126 774 2174 sua
793 2125 942 2174 munera
967 2109 1182 2188 offerebant;
1204 2117 1239 2171 et
1258 2107 1443 2188 aliquoties
1467 2107 1506 2169 in

277 2219 351 2280 suis
363 2218 497 2280 morbis
507 2217 576 2281 hac
587 2219 724 2281 ratione
736 2235 757 2280 a
768 2216 911 2282 Christo
922 2218 1086 2281 sanitatis
1096 2217 1229 2280 donum
1240 2215 1455 2294 obtinebant3
1469 2222 1506 2276 et

277 2325 313 2388 in
328 2323 403 2388 dies
418 2325 534 2404 magis
549 2323 735 2389 mendacia
748 2325 935 2405 gentilium
949 2334 985 2388 et
1003 2323 1086 2389 fidei
1107 2323 1293 2387 veritatem
1312 2336 1505 2402 cognosce·

277 2431 373 2495 bant.
391 2425 644 2496 Prima'riorum
665 2442 784 2495 autem
803 2433 965 2496 virorum
984 2433 1122 2512 aliquos
1135 2430 1226 2494 filios
1241 2430 1286 2492 ad
1307 2429 1505 2508 Collegium

278 2537 378 2602 Goae
392 2539 451 2601 vel
465 2537 640 2602 Chaulani
650 2537 688 2602 P.
698 2538 875 2602 Henricus
885 2540 1060 2619 mittebat;
1072 2555 1156 2602 nam
1166 2536 1301 2602 referre
1313 2536 1505 2616 plurimum

280 2643 520 2709 arbitrabatur
545 2655 583 2710 ut
608 2647 737 2711 ibidem
760 2647 810 2711 iili
834 2647 1121 2726 instituerentur,
1148 2646 1209 2727 qui
1233 2645 1374 2726 populis
1402 2652 1506 2708 erant

278 2753 487 2833 praefuturi,
504 2762 542 2815 ut
556 2754 608 2817 sic
622 2770 739 2817 mores
755 2755 950 2819 christiana
964 2754 1149 2834 Religione
1169 2752 1298 2833 dignos
1320 2751 1505 2827 discendo,

278 2870 315 2925 et
330 2861 440 2925 verbo
456 2871 490 2925 et
505 2862 666 2941 exemplo
685 2862 837 2925 caeteris
852 2863 1043 2943 praeirent.

343 2966 431 3031 1886.
474 2967 563 3032 Cum
585 2968 767 3047 regionem
792 2969 885 3032 hanc
907 2979 1031 3033 turcae
1052 2977 1295 3046 vastaverant,
1318 2967 1426 3031 etiam
1445 2965 1506 3029 ho·

278 3076 417 3157 spitale,
434 3076 528 3157 quod
550 3076 586 3139 in
609 3075 738 3157 oppido
754 3076 936 3157 primario,
953 3078 1095 3140 nomine
1109 3076 1289 3151 Punicale,
1305 3074 1506 3138 institutum

270 3190 366 3262 erat,
383 3184 644 3247 combuserant.
660 3182 737 3247 Hoc
753 3184 861 3247 etiam
876 3182 913 3246 P.
931 3183 1108 3247 Henricus
1128 3180 1428 3246 reaedificandum
1448 3197 1508 3243 cu·

278 3292 372 3355 ravit
387 3302 421 3355 et
441 3292 478 3356 in
497 3290 621 3354 eodem
637 3308 813 3372 pauperes
827 3301 1059 3369 aegrotantes
1080 3289 1329 3370 excipiendos,
1351 3297 1386 3351 et
1406 3287 1453 3350 ad
1471 3285 1508 3348 id

278 3400 523 3479 eleemosynas
538 3398 743 3479 quaerebat;
760 3415 851 3479 quae
866 3398 985 3461 omnia
1000 3414 1082 3461 cum
1097 3412 1235 3460 summa
1254 3394 1374 3475 populi
1390 3392 1511 3456 aedifi·

279 3506 420 3569 catione
435 3504 577 3569 fiebant.

343 3610 431 3673 1887.
473 3611 562 3675 Fere
578 3629 718 3691 semper
733 3621 851 3677 autem
867 3610 1044 3676 residebat
1058 3612 1095 3674 in
1114 3610 1182 3674 hoc
1202 3609 1330 3691 oppido
1345 3606 1508 3671 Punicali

281 3717 319 3782 P.
337 3717 524 3797 HenricuS,
548 3718 642 3799 quod
662 3718 815 3782 adversa
833 3720 1001 3783 valetudo
1022 3718 1222 3782 discursum
1245 3734 1308 3797 per
1322 3717 1399 3779 loca
1414 3714 1513 3777 illius

281 3806 440 3905 regionis
456 3826 674 3905 prohibebat.
691 3826 743 3889 Eo
759 3835 878 3890 tamen
893 3844 939 3889 ex
953 3826 1111 3890 omnium
1127 3825 1405 3888 christianorum
1418 3821 1508 3885 locis

282 3932 326 3995 de
352 3932 426 3995 suis
450 3932 603 4012 negotiis
628 3932 844 4011 referebant,
872 3944 906 3996 et
926 3935 982 3997 ille
1003 3949 1213 4013 responsum
1234 3930 1315 3995 inde
1342 3928 1512 3993 omnibus

281 4039 442 4103 mittebat
456 4048 502 4116 et,
521 4039 552 4101 si
573 4040 657 4118 quid
676 4058 765 4121 opus
785 4049 874 4118 erat,
897 4040 1118 4119 providebat.
1139 4038 1219 4104 Uno
1239 4038 1295 4101 die
1316 4034 1512 4117 aliquando

281 4164 326 4210 ex
341 4156 493 4228 quatuor
507 4155 541 4210 et
556 4163 619 4209 sex
640 4146 729 4210 locis
748 4148 887 4212 litteras
908 4148 1118 4229 accipiebat,
1139 4147 1176 4209 in
1196 4146 1319 4224 lingua
1334 4142 1509 4207 malabari

280 4254 446 4333 scriptas,
461 4263 496 4316 et
514 4253 550 4315 in
565 4254 689 4317 eadem
704 4255 824 4319 statim
839 4255 1055 4335 respondere
1074 4270 1222 4317 necesse
1236 4261 1325 4316 erat.
1347 4250 1393 4314 Et
1411 4249 1509 4313 domi

280 4360 433 4424 habebat
449 4359 564 4423 virum
579 4360 768 4441 quemdam
780 4360 994 4441 indigenam,
1010 4362 1105 4426 bono
1120 4359 1265 4441 ingenio
1279 4368 1313 4421 et
1337 4356 1509 4421 memoria

324 4638 334 4672 ¹
363 4638 561 4694 caunacopotas
574 4640 690 4696 intellige
700 4652 745 4684 seu
757 4640 946 4697 Cantemus,
955 4641 987 4685 de
998 4640 1091 4696 quim
1104 4648 1189 4683 sermo
1201 4638 1256 4693 iam
1265 4636 1351 4681 faetus
1364 4640 1406 4679 est
1420 4644 1514 4691 supra,

283 4718 301 4755 t.
313 4720 340 4765 n,
349 4722 410 4766 pag.
420 4710 469 4766 760,
479 4712 527 4755 snb
537 4712 648 4757 medium
658 4724 683 4757 n.
692 4712 740 4765 m,
751 4719 777 4759 et
788 4720 805 4757 t.
817 4724 853 4762 ιν,
861 4724 922 4769 pag.
932 4713 982 4769 667,
990 4725 1015 4758 n.
1027 4713 1088 4760 1⁴88.
