3717 5400
369 446 426 505 m
830 445 959 505 Cuaox.
981 448 1057 505 Soc.
1079 448 1149 519 Jns.

369 592 498 671 ditem,
514 604 550 655 et
567 564 644 657 suis
660 594 866 657 ministeriis
888 594 1069 671 vacando,
1092 592 1267 657 mendacii
1289 609 1333 655 ac
1357 590 1524 655 vanitatis
1541 609 1613 655 ru—

368 700 664 777 moresincertos‚
677 701 737 781 qui
748 712 821 764 tam
833 703 904 763 late
914 702 1095 781 patebant,
1105 702 1358 765 convincerent
1379 710 1414 762 et
1425 698 1602 777 iniustitia.

368 806 476 871 etiam
492 808 782 871 adversariorum
796 810 832 870 in
853 806 1031 871 Societate
1052 809 1104 870 sic
1123 807 1290 871 tratanda
1308 806 1525 871 declaranda
1544 808 1596 869 vi·

368 913 531 977 debatur.

430 1020 519 1083 1083.
561 1020 652 1085 Cum
666 1020 866 1101 hujusmodi
881 1024 1067 1085 tumultum
1082 1020 1120 1083 P.
1134 1020 1264 1085 Strada
1276 1019 1522 1084 Barchinonae
1533 1038 1597 1085 au·

365 1127 515 1191 divisset
529 1138 564 1189 et
580 1126 617 1190 P.
630 1126 806 1209 joannem
824 1128 969 1191 Cheralt
983 1146 1026 1191 eo
1045 1131 1052 1158 ¹
1070 1128 1226 1193 misisset
1242 1136 1279 1191 ut
1300 1128 1352 1190 eis
1366 1127 1498 1207 aliquid
1517 1128 1596 1191 snb·

365 1233 447 1297 sidii
461 1235 582 1312 serret;
597 1234 781 1314 ingressus
790 1234 849 1297 ille
860 1234 1188 1315 Caesaraugustam
1199 1252 1281 1297 cum
1289 1244 1424 1314 peteret
1436 1234 1480 1297 de
1492 1234 1597 1298 domo

366 1338 555 1405 Societatis
567 1342 665 1425 jesu,
681 1343 941 1422 responderunt
956 1342 990 1405 ei
1003 1342 1166 1423 quidam:
1189 1341 1300 1405 “Ecce
1314 1343 1374 1405 illa
1390 1341 1517 1405 domus
1528 1352 1607 1420 est,
1665 1360 1670 1369 ·

365 1449 487 1529 inqua
502 1449 553 1512 illi
563 1449 783 1526 babitabant,
800 1449 917 1528 etjam
932 1468 977 1513 ex
994 1450 1197 1528 Aragoniae
1208 1465 1321 1527 regno
1332 1466 1395 1511 eos
1406 1447 1594 1527 eJecerunt,

366 1566 400 1619 et
411 1555 569 1635 insignia
579 1556 737 1635 regiam
748 1556 1073 1636 vides,inipsorum
1085 1557 1191 1620 domo
1198 1555 1594 1636 posuerunt„.Progres·

364 1678 428 1726 sus
447 1663 596 1725 ulterius
613 1674 648 1725 et
663 1664 756 1725 alios
776 1663 1015 1741 interrogans,
1033 1662 1187 1739 “Nonne,
1204 1662 1329 1743 inquit,
1344 1663 1388 1725 de
1400 1662 1594 1743 Ignatirms

364 1770 555 1851 loqueris?„
571 1770 636 1847 (sic
650 1772 745 1832 enim
758 1780 902 1832 nostros
912 1768 1222 1850 Caesaraugustae
1236 1770 1436 1847 vocabant).
1453 1768 1594 1835 ²Nullus

365 1877 704 1941 eorumrelictusest
715 1875 1035 1957 Caesaraugustae,
1045 1886 1079 1939 et
1091 1895 1136 1941 ex
1149 1878 1227 1957 ipso
1236 1862 1361 1957 Regno
1369 1876 1590 1955 suntejecti,

364 1984 529 2048 Afflictus
542 1984 598 2047 bis
612 1984 794 2064 responsis
810 1983 847 2047 P.
864 1982 1009 2047 Cheralt
1022 1982 1215 2049 Dominam
1229 1983 1442 2047 Aldunziam
1456 1983 1592 2047 Gonza·

364 2093 418 2154 lez
433 2090 458 2171 ',
474 2092 628 2154 nobilem
642 2091 831 2155 foeminam
846 2103 881 2154 et
902 2090 1090 2155 Societatis
1108 2102 1252 2155 nostrae
1272 2092 1438 2155 devotam
1457 2090 1554 2169 adiit,
1571 2111 1591 2153 a

368 2217 440 2281 qua
453 2200 576 2263 didicit
589 2199 707 2279 quoin
722 2208 818 2263 statu
831 2216 891 2261 res
909 2210 1023 2277 erant,
1047 2211 1082 2263 et
1102 2216 1246 2263 manere
1260 2199 1401 2263 Patrem
1422 2200 1605 2263 Tablares,

369 2307 464 2388 apud
478 2304 683 2386 Pro-regem
697 2306 870 2369 intellexit
884 2304 908 2384 ³3
924 2323 1006 2369 nam
1024 2308 1181 2387 aequiori
1195 2308 1315 2369 animo
1336 2307 1370 2369 id
1385 2306 1520 2369 serebat
1533 2325 1599 2387 pon

361 2415 478 2495 pulus,
495 2414 577 2494 quia
592 2413 798 2476 nominatus
807 2413 899 2475 inter
910 2414 1238 2477 excommunicatos
1252 2431 1322 2476 uon
1333 2412 1460 2489 luerat,
1472 2430 1601 2493 quam·-

363 2522 499 2585 visnec
520 2520 654 2600 ipsein
679 2519 857 2599 publicum
882 2520 956 2582 lere
981 2520 1156 2599 prodibat,
1184 2521 1292 2583 immo
1317 2520 1518 2583 admonitus
1537 2532 1602 2583 est·

360 2628 437 2710 ipse
451 2624 490 2689 Ρ.
506 2626 652 2691 Cheralt
666 2644 711 2689 ne
726 2626 783 2689 cui
803 2625 1022 2706 significaret
1038 2644 1076 2689 se
1097 2628 1142 2690 de
1161 2625 1339 2690 Societate
1360 2638 1483 2689 nostra
1499 2642 1600 2706 esse,

359 2753 404 2798 ne
419 2735 463 2798 de
478 2735 551 2797 vita
576 2735 851 2813 periclitaretur,
868 2735 1018 2798 tumultu
1034 2735 1151 2814 aliquo
1166 2734 1261 2815 apud
1278 2735 1406 2814 vulgus
1420 2735 1588 2812 excitato;

359 2853 395 2906 et
407 2841 550 2906 tandem
573 2859 655 2904 cum
679 2838 784 2904 Patre
804 2840 976 2904 Tablares
1001 2843 1178 2922 loquutus,
1205 2853 1239 2904 et
1264 2840 1469 2920 aPro·rege
1483 2842 1591 2904 etiam

361 2965 484 3012 mensa
499 2957 682 3027 exceptus
703 2949 875 3011 intellexit
898 2948 1030 3028 aliquid
1055 2949 1236 3026 expectari
1255 2967 1275 3010 a
1299 2949 1398 3012 curia
1418 2947 1590 3030 Principis

358 3057 530 3140 Joannae,
547 3066 582 3118 et
595 3055 735 3118 interim
751 3057 861 3119 latere
880 3056 988 3118 etiam
1003 3057 1077 3136 ipse
1097 3055 1216 3120 debuit
1236 3057 1273 3120 in
1292 3055 1397 3120 domo
1417 3056 1597 3135 quadam..

357 3163 415 3226 ubi
430 3161 621 3228 Comitissa
635 3161 860 3240 Rivagorzae
874 3179 955 3224 eum
969 3163 1121 3242 excepit.

420 3268 507 3334 1084.
552 3267 746 3349 Postquam
761 3267 798 3331 P.
816 3268 953 3332 Roman
969 3270 1014 3332 ad
1038 3270 1174 3333 curiam
1193 3287 1232 3332 se
1256 3271 1454 3334 contulerat
1468 3281 1506 3333 ut
1521 3270 1586 3333 ali-

358 3376 443 3458 quid
468 3375 614 3440 remedii
636 3376 825 3453 inveniret‚
851 3376 983 3440 nostris
1008 3395 1053 3440 ex
1076 3378 1162 3440 urbe
1187 3375 1310 3456 ejectis
1330 3377 1390 3440 alii
1408 3377 1527 3440 nuncii
1541 3378 1596 3440 ad‘

357 3483 519 3548 eamdem
547 3483 683 3545 curiam
715 3483 814 3546 missi
841 3483 995 3546 fuerunt.
1026 3483 1195 3562 Princeps
1222 3493 1341 3546 autem
1370 3484 1462 3564 ipsa,
1496 3500 1586 3564 quae

357 3607 488 3670 magno
499 3606 581 3653 cum
594 3588 735 3652 fervore
746 3599 780 3652 et
792 3591 934 3670 quidem
946 3607 1052 3654 manu
1066 3591 1207 3670 propria
1220 3590 1411 3670 scripserat
1425 3589 1586 3670 Pro-regi

356 3710 391 3762 et
405 3697 699 3776 Archiepiscopo,
716 3697 845 3760 acerbe
860 3696 1050 3760 admodum
1066 3696 1211 3770 serebat,
1227 3697 1318 3760 sicut
1331 3709 1367 3760 et
1382 3707 1457 3760 tota
1472 3698 1596 3775 curia,

355 3803 450 3885 quod
465 3802 578 3882 Regia
593 3803 788 3866 auctoritas
803 3812 876 3866 tam
892 3820 1017 3882 parum
1036 3805 1208 3883 potuisset
1223 3802 1316 3883 apud
1337 3803 1594 3884 Archiepisco=

355 3929 440 3994 pum
460 3918 495 3973 et
509 3907 687 3974 Abbatem
702 3907 890 3988 Veruelae,
906 3908 981 3989 ejus
997 3910 1180 3974 Vicarium
1195 3911 1418 3988 Generalem;
1434 3921 1469 3973 et
1480 3908 1585 3989 jussit

355 4018 447 4098 capi,
463 4018 494 4080 si
510 4016 578 4078 alia
593 4017 654 4078 via
667 4015 743 4079 fieri
759 4033 832 4078 non
847 4027 984 4096 posset,
1001 4034 1064 4097 per
1080 4016 1308 4098 inquisitores
1329 4021 1424 4094 (narn
1439 4017 1585 4082 dederat

352 4122 511 4188 Nuucius
530 4121 760 4201 Apostolicus
780 4123 826 4186 ad
846 4123 881 4187 id
906 4124 1122 4201 facultatem)
1145 4141 1223 4202 eoS,
1240 4124 1300 4204 qui
1315 4126 1496 4205 praecipui
1510 4123 1581 4188 lue·

354 4303 479 4312 ----
497 4301 565 4308 --.-

396 4399 403 4430 ¹
435 4397 683 4451 Caesaraugustam.

394 4469 406 4502 ¹
433 4468 499 4512 Vide
511 4479 596 4522 supra.
609 4469 774 4523 praesertim,
786 4477 804 4512 t.
814 4481 838 4521 rr,
850 4479 875 4514 et
888 4470 982 4515 Carras
993 4472 1026 4515 de
1038 4471 1092 4515 San
1103 4469 1220 4528 Ignaclo,
1231 4474 1335 4528 passim.

393 4539 406 4570 ³
432 4539 457 4584 lr
472 4551 529 4583 cum
543 4539 603 4582 aliis
618 4539 830 4594 Caesaraugusta
845 4549 994 4586 excesserat
1009 4550 1036 4587 et
1050 4543 1186 4590 Pedrolarn
1201 4545 1278 4599 ierat,
1290 4545 1334 4589 sed
1346 4545 1586 4602 Caesaraugustam

354 4611 445 4658 atatim
458 4611 535 4655 redllt
550 4609 576 4653 lu
591 4623 664 4655 suam
679 4613 855 4664 Provinciam,
871 4613 1047 4659 castellanam
1062 4615 1170 4670 scilicet,
1186 4616 1357 4672 prolecturus.
1374 4619 1507 4673 Ant-uuaz,
1517 4619 1534 4662 l.
1549 4629 1588 4668 c„

354 4696 411 4738 cap.
422 4683 458 4726 ta.
469 4681 507 4726 Cl.
518 4683 596 4725 etiam
607 4694 686 4738 supra
698 4684 776 4740 dicta,
787 4697 848 4741 pag.
862 4686 911 4740 389,
922 4697 946 4730 n.
960 4687 1018 4732 1053.
