3717 5400
792 500 856 560 Au.
878 500 949 561 iit'r')
1429 498 1489 560 719

256 646 461 710 carnalibus
485 645 592 726 gulae
611 662 654 710 ac
673 644 828 710 libidinis
847 646 945 710 vitiis
967 646 1200 726 abstinerent;
1221 662 1305 709 nam
1324 645 1418 725 quod
1438 646 1486 709 ad

259 753 403 833 negotia
418 753 627 834 temporalia
642 754 768 817 attinet
782 763 817 817 et
831 764 927 817 artes
942 752 1180 832 mechanicas,
1194 754 1272 833 plus
1283 752 1372 817 satis
1383 761 1488 817 erant

258 860 502 941 perspicaces3
516 859 579 925 sed
593 860 630 923 in
643 861 750 925 rebus
765 860 811 925 ad
825 860 982 925 animam
995 860 1251 942 pertinentibus
1264 860 1357 925 mira
1377 858 1415 923 in
1434 860 1487 923 eis

260 967 417 1031 caecitas
438 976 528 1041 erat,
547 985 640 1051 quae
658 968 740 1034 inde
759 979 876 1032 ortum
895 968 1027 1032 habere
1046 966 1248 1047 videbatur,
1270 966 1364 1047 quod
1387 985 1490 1048 prae·

259 1082 315 1137 ter
328 1075 422 1138 hanc
435 1074 559 1151 vitam,
575 1076 708 1139 nullam
722 1075 829 1139 aliam
842 1082 1043 1155 expectent,
1059 1092 1125 1138 nec
1145 1073 1259 1139 Deum
1280 1072 1488 1139 Creatorem

260 1197 380 1245 rerum
395 1190 604 1262 agnoscant,
625 1191 660 1244 et
678 1180 758 1245 ideo
781 1182 986 1245 sacerdotes
1005 1180 1100 1263 apud
1120 1197 1183 1246 eos
1198 1180 1413 1261 contemptui
1427 1180 1488 1243 ha·

259 1287 398 1364 bentur,
415 1288 506 1352 inter
517 1304 606 1369 quos
620 1288 755 1351 nullum
767 1288 944 1351 eruditum
955 1286 1115 1351 invenire
1126 1288 1239 1368 potuit
1249 1286 1288 1350 P.
1302 1285 1490 1365 Melchior,

262 1410 375 1474 aquo
396 1395 441 1458 de
459 1394 618 1475 ipsorum
637 1403 737 1458 secta
761 1393 982 1459 edoceretur.
1009 1393 1166 1476 Quisque
1192 1412 1256 1459 sua
1278 1393 1372 1457 idola
1393 1392 1493 1457 domi

261 1499 379 1580 habet,
402 1500 539 1565 adillos
552 1502 685 1565 nullam
706 1503 904 1566 orationem
923 1501 1087 1577 fundunt,
1108 1501 1171 1565 sed
1191 1500 1492 1581 subfumigatione

262 1606 417 1687 quadam
443 1625 566 1672 eorum
595 1610 752 1673 contenti
781 1617 874 1673 sunt.
904 1607 1066 1673 Sortibus
1099 1617 1219 1673 tamen
1247 1607 1491 1690 superstitiose

262 1714 452 1779 admodum
467 1714 627 1794 credunt,
641 1715 706 1780 sed
720 1716 907 1796 siquando
922 1715 1062 1796 decepti
1084 1714 1227 1795 suerint,
1247 1714 1342 1778 idola
1356 1730 1496 1795 poenas

261 1822 374 1901 luunt,
389 1839 480 1902 quae
494 1822 639 1902 egregie
652 1821 804 1885 fustibus
815 1822 980 1885 caedunt.
994 1820 1176 1886 Miraculis
1189 1838 1232 1885 ea
1243 1838 1332 1902 gens
1344 1837 1491 1902 prorsus

263 1936 298 1992 et
316 1928 489 2010 singulari
513 1928 618 1992 vitae.
634 1930 797 2009 exemplo
822 1928 982 2008 indigere
1007 1928 1205 2009 videbatur,
1230 1938 1269 1992 ut
1291 1927 1337 1991 ad
1360 1926 1494 1991 Christi

262 2034 378 2115 fidem,
395 2035 493 2099 vitiis
510 2036 655 2111 relictis,
672 2032 894 2099 accederent.

323 2140 414 2206 2014.
457 2141 595 2222 Septies
610 2152 671 2206 aut
684 2160 727 2206 eo
742 2142 896 2223 amplius
910 2142 1066 2223 quotidie
1081 2141 1284 2222 comedunt,
1301 2151 1335 2206 et
1350 2141 1386 2205 in
1400 2140 1492 2207 dele·

264 2250 476 2315 ctationibus
499 2250 606 2331 gulae
630 2267 674 2313 ac
698 2250 855 2329 veneriS,
881 2250 1128 2331 epicureorum
1153 2266 1264 2329 more,
1284 2250 1494 2315 felicitatem

264 2356 429 2421 videntur
443 2359 669 2422 constituere.
689 2357 734 2421 Et
753 2356 800 2421 ad
819 2358 908 2421 haec
931 2358 1019 2420 vitia
1039 2355 1177 2421 accedit
1193 2374 1301 2420 usura
1321 2357 1492 2420 latissime

266 2474 410 2543 patens;
425 2473 460 2527 et
475 2464 532 2527 his
546 2464 655 2528 armis
670 2462 822 2527 daemon
836 2464 967 2528 atrium
987 2481 1090 2527 suum
1110 2463 1196 2528 iilud
1216 2462 1381 2542 custodit,
1398 2463 1495 2544 quod,

265 2569 407 2635 Christo
421 2570 526 2635 facile
540 2581 634 2635 esset
653 2587 873 2653 expugnare,
889 2571 921 2634 si
939 2571 1050 2653 oculis
1071 2570 1337 2635 misericordiae
1351 2570 1492 2667 prqvin·

265 2678 341 2742 cias
356 2678 435 2742 illas
454 2678 657 2759 respiceret.

324 2785 417 2850 2015.
459 2785 519 2850 Bis
531 2785 570 2849 P.
582 2786 753 2850 Melchior
764 2785 988 2851 Chantouem
1001 2786 1099 2851 venit
1111 2785 1227 2850 exilio
1241 2793 1359 2866 portu,
1375 2785 1412 2849 in
1423 2803 1497 2868 quo

265 2893 431 2974 diximuS,
448 2901 685 2958 mercaturam
700 2911 722 2956 a
737 2894 899 2958 lusitanis
917 2903 952 2958 et
967 2893 1053 2958 sinis
1071 2894 1232 2957 exerceri
1249 2893 1270 2956 ¹.
1286 2891 1404 2958 Primo
1420 2894 1493 2975 qui·

265 3001 346 3066 dem
365 3001 541 3064 nitebatur
556 3002 754 3082 quemdam,
775 3000 996 3066 Matthaeum
1017 2999 1060 3065 de
1079 2999 1176 3064 Brito
1195 3001 1351 3079 nomine,
1374 3000 1496 3064 lusita-

264 3125 350 3172 num
364 3126 409 3172 ex
423 3107 628 3172 carceribus
643 3126 686 3172 ac
700 3108 872 3172 servitute
884 3109 1069 3188 redimere,
1082 3124 1162 3171 cum
1175 3107 1255 3170 aliis
1269 3107 1491 3188 quibusdam,

265 3215 382 3298 quiin
401 3213 524 3279 eadem
546 3215 691 3280 civitate
711 3215 748 3278 in
760 3213 922 3278 custodia
946 3214 1086 3294 publica
1105 3213 1326 3278 tenebantur.
1343 3213 1494 3278 Curavit

266 3332 385 3387 autem
405 3320 635 3386 Mandarinus
654 3338 778 3386 coram
798 3338 837 3383 se
858 3321 981 3384 venire
1002 3319 1237 3399 Matthaeum,
1263 3321 1324 3400 qui
1346 3322 1498 3401 pedibus

264 3429 381 3508 nudiS,
393 3429 469 3492 sine
481 3428 584 3509 pileo,
597 3429 759 3491 manibus
771 3427 877 3490 simul
887 3425 1076 3506 colligatis
1090 3426 1198 3505 venit;
1211 3435 1247 3489 et
1259 3445 1304 3490 ex
1315 3425 1390 3506 ejus
1403 3428 1496 3492 collo

265 3535 386 3599 tabula
397 3535 572 3614 quaedam
584 3533 770 3615 pendebat,
782 3551 875 3615 quae
886 3531 1054 3596 delictum
1068 3530 1143 3612 ejus
1154 3533 1388 3614 describebat;
1400 3551 1494 3599 com·

266 3640 375 3723 pedes
394 3643 500 3705 etiam
519 3639 839 3718 habebat'ierre0s;
859 3637 1017 3720 pendens
1039 3649 1159 3703 autem
1179 3639 1238 3703 illa
1257 3639 1379 3704 tabula
1394 3658 1496 3704 reum

267 3747 392 3812 mortis
406 3749 504 3811 illum
518 3764 597 3811 esse
614 3747 850 3827 significabat.

326 3853 418 3918 2016.
460 3853 513 3917 Eo
533 3862 692 3935 tempore
711 3855 807 3934 capti
824 3853 965 3918 fuerant
983 3853 1031 3932 hi,
1053 3869 1122 3934 quo
1137 3851 1267 3917 bellum
1285 3854 1377 3918 inter
1397 3855 1498 3918 sinas

268 3971 303 4026 et
316 3962 492 4027 lusitanos
506 3971 594 4025 erat.
610 3959 764 4025 Ferebat
784 3970 903 4026 autem
916 3960 954 4026 Ρ.
972 3959 1144 4024 Melchior
1162 3960 1317 4024 adhunc
1340 3971 1375 4024 et
1396 3962 1494 4042 quin·

266 4085 336 4151 que
361 4067 450 4133 aiios
464 4066 689 4132 redimendos
709 4068 841 4150 aliquid
860 4068 1017 4147 ambrae,
1033 4083 1116 4130 nam
1136 4065 1315 4132 ferebatur
1328 4067 1496 4133 Sinarum

267 4175 345 4240 Rex
367 4175 508 4255 magnis
529 4175 697 4256 praemiis
718 4175 910 4257 propositis
931 4175 967 4239 id
988 4191 1170 4256 quaerere,
1195 4175 1290 4255 quod
1312 4175 1358 4238 ad
1382 4175 1496 4240 vitam

265 4282 530 4364 prorogandam
557 4283 705 4346 multum
729 4282 891 4346 conferre
916 4281 1159 4358 intellexisset,
1185 4281 1217 4345 si
1241 4299 1283 4346 eo
1309 4298 1391 4347 cum
1415 4283 1497 4346 aliis

265 4389 478 4471 quibusdam
491 4389 598 4453 rebus
609 4399 850 4455 vescerentur.

326 4496 419 4562 2017.
461 4494 624 4561 Secundo
639 4497 742 4562 rediit
757 4515 837 4564 eum
852 4499 946 4563 mille
958 4507 993 4564 et
1005 4497 1207 4580 quingentis
1219 4497 1358 4564 ducatis
1374 4507 1497 4564 mutuo

308 4737 319 4773 ¹
346 4737 412 4784 Vide
423 4749 510 4794 supra,
519 4749 579 4794 pag.
589 4739 638 4797 715,
648 4750 672 4785 n.
683 4738 747 4785 2000.
