3717 5400
806 492 869 550 Au.
892 491 963 552 1555
1442 491 1503 552 633

266 635 501 699 christianam
525 638 787 719 suscipiendam
812 651 924 702 erant.
953 640 1042 702 Cum
1067 639 1229 702 lusitanis
1257 637 1390 719 aliquid
1410 638 1500 701 boni

267 742 386 821 fiebat,
403 744 519 807 minus
534 754 651 808 tamen
664 761 770 826 quam
786 747 860 828 ipse
875 746 913 809 P.
929 745 1135 809 Ludovicus
1150 745 1307 825 optabat.

331 849 419 914 1730.
463 850 645 916 Profectus
670 864 723 916 est
751 864 871 917 autem
897 871 942 916 ex
971 853 1116 917 civitate
1144 850 1341 916 Salvatoris
1370 869 1500 916 versus

268 954 333 1021 S.¹²²
347 957 577 1023 Vincentium
592 961 691 1024 initio
707 961 839 1024 mensis
853 961 1015 1043 Januarii
1032 960 1058 1039 '3
1075 959 1137 1022 sed
1152 959 1236 1040 quia
1254 959 1359 1022 navis
1378 959 1501 1023 multis

269 1063 305 1127 in
327 1065 415 1128 locis
435 1067 615 1146 haerebat,
637 1068 704 1130 sub
724 1067 858 1148 Aprilis
873 1068 979 1131 finem
996 1068 1090 1130 ultra
1110 1067 1327 1146 praesidium
1344 1065 1501 1147 Spiritus

269 1166 392 1234 Sancti
407 1189 598 1252 progressa
613 1190 685 1236 non
700 1171 827 1237 luerat.
843 1173 894 1238 lbi
908 1172 946 1236 P.
963 1173 1169 1237 Ludovicus
1189 1172 1448 1253 praedicationi
1462 1183 1499 1235 ct

269 1261 555 1342 confessionibus
581 1278 884 1360 Quadragesimae
921 1279 1107 1345 audiendis
1142 1297 1290 1359 operam
1321 1278 1432 1359 dedit,
1462 1291 1501 1342 et

268 1382 307 1450 P.
323 1383 442 1448 Blasio
462 1385 667 1466 Laurentio,
683 1404 788 1468 quem
802 1387 838 1450 in
856 1387 924 1452 hoc
940 1387 1116 1468 praesidio
1132 1387 1268 1450 invenit
1290 1403 1371 1450 cum
1385 1385 1500 1464 socio,

269 1490 305 1552 in
319 1491 387 1570 piis
398 1491 598 1574 hujusmodi
611 1494 793 1558 laboribus
808 1495 940 1558 auxilio
956 1495 1031 1558 suit.

333 1596 420 1662 1731.
465 1591 679 1664 Obs'ervavit
690 1611 808 1665 autem
819 1602 915 1683 quod
930 1602 1074 1682 egregie
1087 1601 1291 1682 praedictus
1306 1599 1343 1663 P.
1357 1599 1503 1664 Blasius

273 1721 376 1767 suum
396 1705 551 1770 officium
569 1723 648 1770 cum
669 1709 795 1771 incolis
814 1707 890 1788 ejus
909 1709 1029 1789 oppidi
1051 1717 1273 1786 exercuerat,
1294 1717 1330 1770 et
1350 1707 1502 1771 mutatio

272 1827 410 1874 morum
434 1813 470 1875 in
499 1814 624 1876 melius
649 1813 802 1878 fructum
828 1815 1106 1896 praedicationis
1131 1824 1167 1879 et
1190 1823 1499 1877 sacramentorum

200 1959 210 1972 -
269 1918 489 2006 ostendebat.
507 1921 595 1986 Cum
610 1921 877 1986 brasiliensibus
892 1930 1011 1985 tamen
1025 1921 1072 1984 ad
1091 1921 1126 1984 id
1146 1937 1257 2001 usque
1273 1913 1412 2000 tempus
1425 1937 1498 1984 non

269 2025 415 2104 perinde
437 2027 567 2092 utiliter
588 2030 727 2093 versari
748 2023 941 2110 potuerat,
956 2028 1038 2109 quia
1062 2029 1186 2108 procul
1211 2029 1361 2090 aberant
1386 2028 1430 2091 ab
1454 2045 1503 2092 eo

270 2143 386 2213 portu,
407 2151 472 2197 nec
493 2135 608 2198 minus
627 2155 648 2198 a
664 2138 847 2200 voluntate
863 2153 947 2200 suos
961 2135 1052 2199 filios
1071 2136 1306 2199 instituendos
1321 2135 1498 2214 tradendi;

270 2249 305 2302 et
320 2241 567 2322 suspicabatur
587 2242 626 2306 P.
639 2243 841 2306 Ludovicus
860 2241 965 2322 hujus
985 2243 1037 2305 rei
1059 2259 1206 2305 causam
1225 2260 1314 2320 esse,
1336 2241 1431 2323 quod
1445 2243 1495 2304 illi

270 2346 434 2411 timerent
449 2366 493 2412 ne
508 2349 650 2413 lusitani
670 2349 760 2413 lilios
779 2350 815 2413 in
835 2350 1043 2413 servitutem
1065 2349 1284 2428 redigerent3
1300 2366 1383 2412 nam
1404 2348 1497 2412 haec

271 2453 447 2534 cupiditas
467 2457 701 2521 lusitanorum
726 2457 886 2520 homines
912 2457 948 2519 in
969 2457 1180 2520 servitutem
1204 2455 1387 2535 redigendi
1407 2457 1497 2518 satis

271 2561 433 2625 barbaris
456 2563 525 2626 illis
543 2565 728 2644 explorata
743 2573 831 2628 erat.
857 2560 962 2627 Servi
979 2572 1100 2626 tamen
1118 2563 1352 2626 lusitanorum
1371 2562 1496 2626 ordine

270 2669 357 2732 satis
378 2669 564 2733 commodo
586 2671 816 2750 docebantur,
840 2671 953 2736 donec
974 2671 1040 2735 sub
1060 2669 1252 2734 adventum
1267 2669 1305 2734 P.
1321 2669 1495 2735 Ludovici

273 2776 400 2841 bellum
419 2794 500 2841 cum
519 2778 785 2842 brasiliensibus
804 2780 881 2857 geri
901 2787 1065 2859 coeptum
1079 2788 1148 2855 est;
1164 2777 1307 2859 quidam
1327 2778 1420 2841 enim
1435 2794 1497 2858 po-

272 2884 343 2963 puli
355 2885 626 2964 brasiliensium,
640 2903 728 2965 quos
744 2884 962 2965 Tamagr'os’
975 2896 1117 2961 vocant,
1131 2886 1306 2967 quaedam
1318 2887 1398 2949 loca
1412 2885 1496 2948 huic

272 2991 402 3072 oppido
421 2992 540 3055 vicina
562 2994 769 3057 invaserant
789 3003 823 3055 et
849 3002 984 3073 septem
1007 2994 1170 3057 homines
1192 3004 1317 3072 captos
1342 2992 1495 3056 abduxe-

270 3108 363 3177 rant,
387 3100 551 3179 quamvis
573 3101 690 3162 nullus
711 3114 833 3163 eorum
855 3100 1031 3164 lusitanus
1056 3110 1145 3178 erat,
1167 3110 1202 3163 et
1222 3117 1314 3163 unus
1335 3102 1431 3163 solus
1450 3115 1497 3161 ex

271 3214 372 3282 patre
393 3206 545 3269 lusitano
570 3216 604 3268 et
631 3216 743 3270 matre
768 3205 954 3286 brasiliea;
981 3215 1015 3269 et
1039 3205 1178 3270 videtur
1198 3208 1267 3270 hoc
1292 3206 1497 3287 permisisse

272 3310 446 3376 Dominus
464 3322 502 3377 ut
521 3313 761 3377 excitarentur
776 3331 797 3376 a
812 3314 1051 3394 negligentiae
1068 3324 1104 3377 et
1123 3314 1282 3377 incuriae
1301 3330 1425 3377 somno
1447 3315 1497 3376 lu·

271 3420 388 3497 sitani,
403 3422 568 3500 quamvis
583 3439 624 3484 ea
640 3422 676 3483 in
691 3420 836 3499 regione
850 3421 938 3483 nihil
952 3419 988 3482 in
1003 3420 1103 3484 bellis
1117 3422 1266 3500 gravius
1285 3437 1364 3483 esse
1383 3421 1498 3484 soleat

272 3544 378 3606 quam
393 3529 593 3607 expectatio
609 3528 782 3592 adventus
797 3527 968 3604 hostium,
985 3544 1076 3608 quae
1090 3528 1260 3607 impedire
1275 3528 1364 3591 solet
1379 3545 1422 3591 ne
1436 3527 1497 3591 ho·

272 3635 384 3697 mines
399 3635 443 3697 ad
459 3654 542 3699 suos
559 3632 713 3717 [adeant]
730 3652 838 3714 agros
853 3635 983 3713 (rosas
997 3635 1152 3712 vocant),
1169 3636 1206 3697 in
1220 3635 1347 3714 quibus
1357 3634 1498 3699 radices

273 3742 353 3805 illae
368 3744 591 3824 proveniunt,
609 3742 795 3823 exquibus
814 3742 918 3821 panis
938 3740 1125 3805 conficitur
1139 3738 1162 3820 ⁸,
1178 3758 1244 3804 nec
1264 3742 1499 3821 piscationem

273 3858 475 3913 exerceant.

337 3956 422 4019 1732.
467 3956 519 4021 Ea
535 3958 635 4037 regio
650 3956 802 4038 Spiritus
822 3956 944 4020 Sancti
961 3955 1087 4019 fertilis
1107 3954 1296 4018 admodum
1317 3965 1387 4032 est,
1408 3966 1443 4019 et
1462 3956 1501 4019 in

271 4080 341 4145 qua
356 4064 496 4127 facilius
511 4064 773 4128 brasiliensium
786 4064 847 4128 filil
863 4064 910 4127 ali
925 4080 1031 4145 quam
1052 4064 1089 4125 in
1103 4063 1198 4125 nullo
1213 4062 1283 4125 alio
1298 4063 1377 4126 loco
1393 4064 1506 4127 totius

270 4170 444 4235 Brasiliae
459 4181 619 4252 possent;
642 4182 676 4235 et
696 4173 834 4235 incolae
854 4170 929 4250 ejus
945 4170 1064 4252 oppidi
1083 4171 1167 4233 laeti
1187 4169 1379 4235 admodum
1397 4181 1500 4235 erant

269 4280 365 4361 quod
386 4290 528 4361 praeter
550 4282 741 4359 metallum,
764 4280 860 4359 quod
882 4280 976 4341 intra
997 4278 1113 4357 ipsum
1135 4277 1242 4341 etiam
1265 4277 1434 4359 oppidum
1452 4280 1506 4341 in-

272 4397 418 4452 ventum
442 4386 557 4449 luerat
583 4396 617 4449 et
641 4396 827 4466 argentum
852 4404 930 4449 esse
952 4384 1190 4464 existimabat,
1212 4395 1247 4448 et
1265 4395 1407 4467 praeter
1428 4403 1505 4450 ma·

313 4590 322 4626 ⁰
351 4591 418 4637 Vide
428 4602 517 4649 supra,
526 4592 642 4647 pugeio,
654 4606 678 4637 n.
689 4592 750 4637 1725.

313 4665 324 4699 Ι
350 4664 650 4710 Vasconcmtosscrlblt
667 4664 801 4721 Tamoyos.

310 4738 324 4772 ⁸
350 4737 417 4783 Vlde
427 4747 515 4793 supra,
527 4742 545 4781 t.
556 4748 573 4791 r,
584 4748 643 4791 pag.
652 4737 701 4789 tta.
711 4748 735 4783 a.
747 4738 795 4783 tta.
