3717 5400
844 491 909 551 Au.
932 491 1002 550 1555
1483 486 1537 546 501

349 634 437 699 1365.
482 634 562 699 Duo
574 636 789 712 sacerdotes,
802 636 840 699 P.
854 636 985 700 Paulus
994 635 1083 699 acP.
1095 633 1298 714 Rodriguez
1311 632 1331 713 ¹,
1342 634 1538 697 tantumibi

301 751 421 823 eraut,
437 754 578 823 praeter
594 745 682 808 duos
697 747 755 807 vel
769 753 841 807 tres
856 744 987 808 fratres
1006 744 1128 820 laicoS,
1150 761 1221 806 non
1243 752 1363 805 tamen
1385 740 1535 805 inerudi-

305 858 378 929 tos;
400 851 551 913 caeteris
575 862 694 915 autem
719 860 884 931 praeerat
909 848 948 915 P.
974 850 1132 933 Joannes
1157 848 1298 912 Paulus.
1326 848 1394 913 Ubi
1415 857 1536 911 autem

298 955 342 1019 P.
359 956 514 1040 Joannes
530 957 661 1022 Paulus
680 957 875 1022 valetudini
904 967 1095 1038 utcumque
1113 957 1179 1020 suit
1196 956 1390 1033 restitutus,
1413 972 1534 1035 quam-

304 1063 361 1126 vis
376 1063 533 1128 nondum
551 1066 730 1128 videretur
746 1076 983 1147 opportunum
1004 1065 1073 1128 illis
1093 1065 1256 1142 dominiS,
1277 1064 1394 1143 coepit
1414 1074 1534 1125 tamen
1628 1090 1633 1098 ·

296 1171 538 1235 concionandi
551 1171 703 1236 officium
718 1184 753 1237 et
765 1172 998 1236 christianam
1009 1172 1209 1235 doctrinam
1218 1168 1423 1235 declarandi
1435 1186 1536 1232 erret²

297 1292 394 1355 cere;
412 1286 445 1340 et
462 1295 542 1341 cum
557 1296 577 1341 a
593 1278 742 1359 prandio
758 1279 947 1343 conciones
962 1279 1178 1342 christianae
1197 1277 1380 1341 doctrinae
1394 1276 1531 1350 fierent,

299 1401 372 1446 non
393 1386 507 1448 solum
522 1386 673 1466 populus
690 1386 855 1466 frequens
878 1386 1014 1464 aderat,
1041 1385 1104 1450 sed
1118 1386 1226 1448 etiam
1240 1385 1307 1464 ipsi
1328 1382 1447 1447 Duces
1460 1382 1531 1446 Me·

294 1490 471 1571 thymnae
482 1500 516 1555 et
527 1490 681 1556 Comites
692 1491 836 1556 Nieblae
849 1503 884 1556 et
896 1493 1139 1555 ecclesiastici.
1154 1489 1235 1554 Duo
1248 1503 1367 1554 autem
1379 1508 1423 1553 ex
1435 1488 1531 1552 audi-

295 1598 448 1678 toribus
459 1600 518 1679 qui
529 1598 741 1663 Societatem
755 1600 978 1680 expetebant,
992 1599 1095 1662 electi
1106 1598 1294 1662 etadmissi
1304 1596 1457 1677 fuerunt,
1471 1598 1530 1677 qui

299 1704 475 1785 Hispalim
486 1706 685 1770 transmissi
696 1716 788 1781 sunt;
803 1724 887 1769 nam
900 1716 1071 1771 venerant
1080 1706 1126 1769 ad
1136 1704 1201 1769 S.¹¹¹
1211 1705 1345 1768 Lucam
1354 1704 1420 1767 ΡΡ.
1436 1701 1529 1767 Gon·

294 1814 397 1875 zalez
411 1824 446 1875 et
460 1813 569 1876 Avila
585 1814 651 1877 hoc
666 1814 780 1894 primo
794 1832 880 1877 vere
895 1824 929 1877 et
944 1816 1092 1877 multum
1106 1814 1268 1876 utilitatis
1282 1830 1405 1876 eorum
1420 1829 1529 1892 opera

300 1920 461 1999 plurimis
471 1922 596 1996 attulit,
610 1921 672 1984 scd
682 1922 891 2002 praesertim
901 1921 1059 1985 Ducibus
1068 1938 1110 1985 ac
1121 1919 1527 2001 Comitibuspraedictis;

295 2036 335 2087 -et
350 2026 386 2089 iu
401 2026 515 2091 reditu
535 2047 656 2093 eorum
676 2030 754 2092 illos
774 2029 928 2093 novitios
946 2028 1121 2109 Hispalim
1146 2046 1267 2091 secum
1291 2029 1526 2091 adduxerunt.

295 2132 378 2197 Non
403 2134 580 2199 habebant
610 2136 722 2199 nostri
751 2136 933 2217 proprium
946 2138 1056 2199 ullum
1069 2138 1239 2199 sacellum
1254 2137 1311 2198 vel
1326 2136 1527 2214 ecclesiam,

294 2241 362 2303 sed
381 2241 418 2304 in
433 2243 558 2305 alienis
577 2254 803 2307 sacramenta
814 2254 849 2307 et
874 2243 1024 2306 verbum
1038 2242 1105 2305 Dei
1124 2244 1380 2324 proponebant.
1397 2241 1528 2305 Actum

296 2356 355 2411 est
370 2365 456 2429 ergo
483 2351 525 2413 de
545 2352 676 2413 sacello
699 2352 881 2430 erigenda,
902 2349 1002 2429 cujus
1023 2360 1126 2430 porta
1147 2366 1273 2412 versus
1298 2350 1395 2412 viam
1417 2349 1527 2429 publi·

293 2471 380 2518 cam
395 2466 543 2536 pateret,
560 2468 593 2519 et
607 2457 796 2522 Comitissa
811 2456 956 2521 Nieblae
971 2458 1045 2521 suis
1060 2457 1226 2537 expensis
1237 2456 1323 2519 illud
1341 2454 1528 2519 conficien-

293 2562 383 2625 dum
399 2565 542 2643 recepit,
566 2583 667 2644 quae,
694 2566 797 2629 simul
823 2582 904 2627 curn
924 2563 1072 2643 Comite,
1103 2564 1200 2628 Patri
1223 2564 1412 2640 Gonzalez,
1431 2573 1526 2627 ante·

294 2687 406 2750 quam
421 2670 502 2736 inde
518 2672 709 2751 recederet,
728 2672 892 2737 consessa
907 2671 1035 2736 fuerat.

341 2777 429 2842 1366.
474 2779 563 2843 Cum
582 2792 702 2844 autem
719 2781 896 2858 monachi,
919 2798 1008 2861 quos
1019 2779 1078 2844 S.‘¹
1096 2780 1223 2843 Isidori
1243 2790 1374 2843 vocant
1390 2778 1413 2858 ¹,
1434 2781 1527 2861 posi·

294 2886 415 2950 tiones
429 2887 566 2967 publice
587 2897 768 2951 tuerentur
787 2905 911 2951 coram
933 2888 987 2950 his
1007 2886 1203 2950 Comitibus
1224 2904 1267 2949 ac
1286 2896 1360 2951 toto
1382 2889 1524 2968 populo,

298 2992 375 3074 ipso
391 2994 447 3057 die
463 2993 521 3058 gu
542 2995 666 3072 Marci,
690 3006 723 3057 et
748 2995 907 3074 religiosi
926 2993 985 3058 S.tl
1006 2993 1184 3057 Dominici
1208 3005 1242 3056 et
1262 2991 1321 3058 Sal
1342 2995 1527 3059 Francisci

243 3141 246 3146 ,
291 3111 422 3165 contra
437 3119 500 3165 eos
516 3102 729 3183 disputaturi
744 3111 873 3180 essent,
895 3102 1066 3165 invitatus
1085 3110 1139 3164 est
1164 3101 1201 3165 P.
1225 3101 1381 3184 Joannes
1396 3101 1527 3166 Paulus

296 3209 345 3271 ad
360 3207 621 3289 disputandum
640 3218 771 3273 etcum
784 3210 1014 3273 vehementer
1028 3227 1050 3271 a
1066 3207 1202 3273 Comite
1217 3208 1363 3272 Nieblae
1378 3220 1412 3272 et
1426 3227 1528 3289 prae·

293 3314 373 3378 side
389 3327 589 3396 rogaretur,
606 3316 699 3381 dedit
715 3318 765 3381 illi
780 3318 954 3382 Dominus
970 3327 1108 3380 tantum
1123 3316 1301 3380 efficaciae
1320 3326 1426 3397 atque
1446 3334 1528 3396 gra·

296 3423 368 3486 tiae
383 3424 418 3487 in
434 3423 656 3504 disputando,
674 3435 713 3488 ut
727 3443 850 3490 ornnes
863 3426 966 3492 simul
978 3425 1014 3488 in
1027 3425 1286 3488 admirationen
1298 3423 1482 3487 doctrinae
1494 3435 1529 3489 et

289 3530 576 3594 aedificationem
591 3533 784 3598 modestiae
799 3533 1026 3610 converterit;
1048 3542 1082 3594 et
1097 3548 1178 3595 cum
1200 3531 1353 3612 primum
1375 3531 1527 3594 medium

295 3640 540 3718 proposuisset
556 3639 591 3702 in
604 3641 677 3702 suis
693 3640 923 3718 argumentis
941 3639 992 3701 sic
1010 3638 1098 3717 ipsis
1117 3639 1235 3716 etiam,
1254 3638 1313 3718 qui
1333 3638 1527 3718 positiones

293 3746 497 3825 tuebantur,
519 3746 701 3824 satisfecit,
724 3756 763 3809 ut
781 3748 897 3810 nullus
911 3763 1034 3809 eorum
1051 3747 1107 3808 vel
1122 3745 1296 3825 replicare
1311 3748 1369 3808 vel
1384 3763 1525 3826 respon·

336 4022 344 4055 ¹
375 4023 465 4079 Hujus,
482 4024 537 4078 “qul
557 4023 658 4077 Hispali
671 4021 696 4066 ln
713 4021 871 4066 Societatem
886 4021 1015 4066 admissus
1031 4021 1131 4074 fuerat,
1146 4021 1352 4076 (inira,n.1368¹„
1370 4033 1462 4065 nomen
1477 4033 1527 4065 non

292 4099 383 4152 aperit
401 4109 448 4142 nec
467 4097 593 4141 Polancus
609 4108 656 4140 nec
674 4097 726 4150 ipse
744 4096 770 4140 P.
784 4096 897 4149 Joannes
912 4096 1008 4139 Paulus
1023 4096 1050 4139 ln
1064 4096 1163 4140 litteris
1175 4095 1343 4139 annotatione
1359 4094 1526 4149 praecedenti

294 4171 456 4214 memoratis.

333 4243 345 4274 ¹
373 4242 462 4286 Sermo
473 4247 512 4285 eat
521 4242 551 4285 de
563 4239 695 4284 monachis
705 4239 809 4283 Ordinis
825 4239 914 4283 Sancti
929 4239 1091 4295 Hieronymi,
1107 4251 1215 4293 quorum
1230 4239 1414 4282 monasterium
1427 4239 1451 4281 in
1462 4239 1526 4282 urbe

288 4314 420 4358 'Saulucar
430 4315 487 4357 ideo
498 4313 586 4356 Sancti
600 4312 689 4356 isidori
700 4312 743 4366 (de
755 4312 810 4355 San
826 4311 925 4364 Isidro)
936 4311 1088 4365 quandoque
1099 4311 1290 4364 appellabatur,
1304 4310 1365 4363 quia
1377 4316 1525 4354 extructum

286 4386 379 4430 tuerat
395 4387 474 4440 “para
490 4387 632 4442 alqueriad
647 4386 724 4436 lugar-
737 4384 767 4428 de
784 4383 936 4428 recreaclon
950 4384 1021 4426 usus
1034 4383 1132 4437 monjes
1146 4383 1178 4424 de
1193 4381 1245 4424 San
1260 4381 1342 4426 Isidro
1358 4381 1412 4434 (del
1427 4379 1526 4437 Carnpo

292 4469 371 4512 prope
384 4457 509 4512 Hispalim
522 4491 527 4512 ,
538 4459 738 4512 especialmente
749 4461 765 4500 a
775 4459 813 4500 los
824 4455 961 4508 eniermos,
973 4465 1037 4509 para
1048 4467 1097 4509 que
1108 4456 1223 4500 vlnlcsen
1243 4457 1259 4497 a
1276 4456 1431 4498 conr-alecer
1441 4456 1525 4508 aella,

288 4531 325 4573 de
340 4541 407 4585 cuya
422 4530 613 4574 irecucntacion
624 4543 641 4585 y
651 4530 787 4573 amcnldad
800 4530 841 4572 del
856 4531 916 4574 altio
932 4531 991 4574 vino
1002 4535 1018 4574 a
1028 4530 1157 4584 poblarse.
1169 4528 1199 4571 de
1215 4538 1322 4570 manera
1338 4539 1386 4581 quc
1403 4527 1489 4579 obligo
1499 4528 1525 4570 al

294 4601 386 4656 anue
396 4605 412 4646 a
422 4602 566 4646 edificarlcs
577 4611 704 4646 convento
715 4603 808 4646 formal
819 4613 836 4657 y
846 4605 862 4645 a
872 4603 971 4656 quedar
981 4602 1059 4645 desde
1069 4607 1191 4644 entonces
1200 4599 1333 4644 instituido
1341 4611 1372 4642 en
1381 4611 1466 4642 nuevo
1474 4611 1527 4642 mo·

290 4675 433 4728 austerio„
443 4673 579 4726 Sraduuze,
593 4675 719 4717 Cirrdm'ca
730 4674 842 4727 general
856 4674 889 4718 de
904 4674 932 4716 la
946 4672 1034 4717 Orden
1051 4673 1085 4716 de
1101 4673 1156 4716 San
1170 4671 1319 4728 Jerdnimo,
1332 4683 1388 4727 cap.
1402 4670 1526 4716 la-Gm·

291 4757 403 4802 unauna,
415 4747 432 4790 l.
442 4758 472 4800 c.,
481 4758 541 4801 pag.
555 4747 602 4791 117.
