3717 5400
811 481 875 538 Au.
896 480 967 541 1555
1448 478 1499 537 481

271 627 428 710 lapidum
450 627 669 705 invenisset),
685 637 808 707 portas
823 626 929 689 etiam
945 636 979 689 et
994 628 1172 689 fenestras
1188 642 1409 690 marmoreas
1429 626 1503 707 qui·

272 734 423 800 busdam
443 734 639 798 artificibus
660 732 898 797 conficiendas
913 733 982 796 hac
997 736 1076 811 lege
1093 731 1200 812 dedit,
1216 742 1255 795 ut
1275 750 1396 796 mense
1410 732 1502 797 Mar-

273 842 323 907 tio
345 843 524 923 sequentis
545 842 628 905 anni
650 840 813 905 confecta
835 840 868 904 ei
889 840 1089 904 redderent.
1112 840 1157 903 Et
1178 850 1252 903 tam
1273 839 1453 905 ferventer
1465 843 1504 906 in

274 967 364 1031 opus
385 949 545 1013 incubuit
566 958 603 1012 ut
618 950 712 1011 intra
726 957 800 1011 tres
815 965 927 1011 annos
942 948 1029 1012 illud
1043 947 1243 1011 absolutum
1258 964 1296 1011 se
1312 948 1398 1012 dare
1412 950 1503 1013 velle

275 1055 479 1120 affirmaret.

337 1162 426 1225 tatu.
468 1162 537 1227 Sed
549 1161 654 1225 Patre
664 1162 860 1226 Francisco
873 1162 1084 1227 adveniente
1093 1164 1189 1227 circa
1201 1162 1329 1228 festum
1338 1162 1504 1227 Omnium

273 1270 486 1335 Sanctorum
506 1283 540 1333 et
555 1269 601 1333 ad
621 1270 805 1350 oppidum,
822 1270 916 1350 quod
936 1280 1068 1334 vocant
1094 1270 1361 1352 (Zarayseidim)
1389 1268 1397 1302 ¹
1423 1288 1504 1334 cum

274 1378 313 1443 P.
331 1378 522 1441 Villanova
541 1394 580 1441 se
600 1377 825 1457 contulisset,
844 1377 904 1440 ubi
922 1378 1120 1458 Episcopus
1139 1388 1223 1442 tunc
1243 1387 1337 1454 erat,
1361 1377 1504 1458 Episco-

273 1502 341 1565 pus
354 1485 571 1548 dotationem
587 1484 634 1546 ad
647 1484 883 1563 quadraginta
903 1494 1029 1564 sponte
1049 1501 1114 1547 sua
1137 1485 1305 1548 extendit.
1326 1484 1504 1565 Quinqua-

273 1592 374 1671 ginta
388 1590 537 1654 ducatos
549 1591 698 1670 singulis
713 1590 933 1670 assignabat3
950 1600 985 1654 et
999 1599 1141 1670 praeter
1155 1592 1223 1654 hos
1239 1592 1388 1671 redituS,
1406 1592 1441 1655 in
1454 1591 1504 1655 sa·

273 1699 394 1762 bricae
409 1715 511 1761 usum
526 1708 560 1761 et
571 1715 628 1761 res
640 1698 729 1761 alias
740 1698 963 1760 necessarias
980 1698 1068 1760 alios
1084 1698 1257 1777 quosdam
1269 1698 1504 1779 relinquebat,

274 1814 314 1869 ut
337 1816 480 1886 praeter
505 1806 705 1885 operarios,
732 1804 883 1883 scilicet,
909 1805 1114 1868 sacerdotes
1139 1816 1174 1869 et
1198 1817 1449 1886 praeceptores
1471 1815 1505 1868 et

275 1911 514 1993 coadJutores,
538 1912 666 1990 viginti
692 1912 896 1975 scholastici
921 1910 1109 1976 Societatis
1130 1912 1333 1976 Placentiae
1363 1913 1505 1976 studere

274 2030 430 2101 possent.
447 2019 492 2082 Et
506 2018 705 2099 hujusmodi
721 2020 897 2082 redituum
911 2020 1032 2083 statim
1048 2020 1130 2083 fecit
1144 2019 1372 2083 donationem
1393 2019 1505 2084 Colle·

275 2127 347 2205 gio.
374 2126 417 2190 Et
444 2127 618 2207 quianon
643 2126 801 2202 abundat
821 2125 996 2190 frumento
1017 2145 1059 2189 ea
1073 2128 1190 2207 regio,
1212 2128 1505 2207 praestimonium

274 2233 454 2315 quoddam
469 2252 514 2297 ex
529 2234 726 2314 parochiali
739 2232 909 2296 beneficio
924 2232 1083 2296 dividere
1102 2234 1296 2312 constituit,
1314 2235 1407 2315 qnod
1422 2252 1505 2314 qua·

275 2342 441 2422 draginta
457 2342 515 2404 vel
532 2340 791 2421 quinquaginta
811 2340 930 2404 modia
946 2339 1112 2403 frumenti
1132 2340 1290 2421 Collegio
1306 2342 1504 2425 praeberet;

275 2458 310 2511 et
322 2447 502 2511 ferebatur
517 2446 592 2527 ejus
606 2447 755 2511 intentio
766 2448 812 2510 ad
826 2448 907 2519 hoc,
923 2457 963 2510 ut
979 2447 1113 2511 reditus
1128 2448 1164 2510 hi
1179 2466 1251 2511 non
1265 2458 1383 2512 essent
1399 2464 1505 2527 expo·

276 2556 336 2619 siri
359 2554 547 2632 molestiis,
570 2571 662 2635 quae
686 2572 707 2617 a
733 2571 941 2618 successore
966 2563 1133 2635 poterant
1157 2554 1290 2619 inferri.
1304 2556 1348 2619 Et
1364 2555 1446 2636 quia
1461 2572 1507 2618 ex

275 2679 398 2727 mensa
413 2662 606 2743 episcopali
621 2660 754 2753 aliquid
772 2660 1017 2742 decidebatur,
1034 2662 1116 2726 licet
1135 2660 1357 2727 confirmatio
1378 2662 1506 2726 summi

275 2769 456 2834 Pontificis
475 2769 665 2847 sufficeret,
688 2769 826 2847 regium
849 2770 957 2832 etiam
977 2787 1190 2833 consensum
1211 2770 1361 2834 obtineri
1381 2771 1503 2846 volnit;

276 2878 372 2942 etad
386 2878 422 2942 id
436 2877 475 2942 Ρ.
492 2878 696 2942 Villlanova
710 2877 958 2941 Vallisoletum
972 2877 1082 2952 venit,
1100 2885 1138 2940 ut
1153 2894 1174 2939 a
1189 2876 1353 2958 Principe
1366 2876 1506 2960 Joanna

277 2984 536 3048 Gubernatrice
558 2984 695 3048 litteras
718 2984 1026 3048 commendatitias
1049 3002 1070 3047 a
1096 2981 1242 3047 Summo
1267 2983 1437 3049 Pontifice
1462 2985 1507 3047 ad

276 3093 371 3156 hanc
392 3092 668 3173 applicationem
685 3090 870 3169 obtineret,
894 3099 932 3154 ut
951 3091 1002 3154 sic
1020 3090 1160 3155 facilius
1184 3109 1204 3154 a
1224 3090 1323 3172 Rege
1342 3091 1507 3172 Philippo

276 3198 360 3280 (iam
387 3199 481 3262 enim
506 3199 573 3262 hoc
597 3207 756 3277 tempore
785 3197 982 3278 lmperator
1005 3214 1118 3278 regna
1143 3197 1338 3277 Hispaniae
1365 3199 1401 3261 in
1427 3216 1507 3261 enm

277 3307 509 3370 transtulerat
523 3304 546 3381 ¹)
562 3320 758 3368 consensus
774 3304 925 3367 obtineri
941 3314 1072 3384 posset.

340 3412 428 3476 1306.
470 3412 605 3476 Ibidem
618 3411 656 3476 P.
672 3411 865 3475 Villanova
887 3427 909 3473 a
927 3409 1041 3489 Regio
1058 3409 1214 3474 Consilio
1230 3411 1433 3475 confirmari
1449 3429 1504 3474 cu·

276 3520 371 3583 ravit
385 3520 503 3598 situm,
519 3536 624 3600 quem
638 3517 767 3581 civitas
781 3515 983 3582 Placentiae
999 3515 1158 3598 Collegio
1173 3528 1296 3581 nostro
1321 3518 1467 3581 dederat
1482 3515 1505 3580 ¹.

276 3625 371 3690 Ante
385 3636 505 3689 tamen
519 3643 624 3706 quam
641 3624 685 3688 ab
699 3625 876 3705 Episcopo
890 3624 1083 3704 recederet,
1108 3642 1189 3688 cum
1209 3626 1348 3689 veniret
1362 3626 1398 3688 in
1414 3641 1508 3688 men·

276 3743 349 3797 tem
364 3732 410 3797 ad
424 3733 540 3814 ipsum
554 3731 754 3795 aedificium
779 3731 936 3812 aliquam
957 3730 1185 3795 donationem
1206 3729 1282 3795 fieri
1302 3731 1441 3810 debere,
1458 3740 1506 3809 ut,

278 3841 308 3904 si
322 3851 519 3904 moreretur
533 3839 731 3920 Episcopus
753 3849 835 3902 ante
858 3839 944 3902 illud
969 3840 1196 3919 completum,
1220 3856 1293 3901 non
1320 3848 1508 3919 propterea

317 4153 327 4186 ¹
354 4153 501 4210 Jaraicejo.
512 4152 677 4198 “Pertenecld
688 4159 746 4198 esta
756 4153 821 4198 villa
832 4153 859 4197 al
868 4155 971 4196 senorlo
983 4151 1024 4196 del
1035 4151 1117 4196 lllrno.
1127 4151 1167 4196 St.
1176 4151 1272 4207 obispo
1281 4152 1312 4196 de
1321 4151 1465 4197 Ptasencla.
1473 4151 1511 4197 Es

276 4226 366 4281 patria
375 4226 406 4270 de
417 4227 444 4270 la
452 4227 593 4271 renernble
604 4225 679 4270 Dona
690 4225 769 4270 Luisa
780 4225 811 4269 de
822 4224 949 4281 emetat
959 4236 975 4280 y
985 4223 1116 4279 Mendoza,
1128 4235 1176 4279 que
1187 4225 1270 4269 tnurid
1280 4236 1311 4268 en
1319 4223 1444 4281 Londres,
1455 4237 1510 4283 ysn

276 4309 372 4354 cuerpo
381 4309 409 4342 se
420 4309 546 4342 conserva
554 4309 586 4341 en
594 4298 619 4341 el
629 4305 757 4342 convento
765 4299 795 4342 de
804 4299 830 4342 la
840 4296 1020 4341 Encarnaclon
1029 4296 1060 4341 de
1068 4295 1176 4350 Madrld,
1188 4296 1229 4340 del
1240 4295 1369 4340 Cardenal
1378 4296 1434 4342 Don
1444 4296 1510 4351 Juan

276 4370 308 4414 de
319 4369 445 4424 Curvslul
447 4398 513 4423 .......
522 4369 622 4421 Manoz,
630 4369 803 4414 Diccionarr'o
812 4369 960 4422 geooerdfico
965 4381 984 4424 y
995 4368 1151 4412 estadtstiro
1161 4367 1194 4412 de
1205 4367 1326 4423 Espaua,
1334 4375 1352 4413 t.
1361 4368 1508 4425 tre-limus

277 4441 364 4497 oppldl
374 4452 467 4485 nomen
477 4441 545 4496 apud
555 4449 660 4486 veteres
669 4442 795 4497 scriptum
805 4441 937 4496 reperitur
948 4439 1103 4494 Zaruycedo
1113 4445 1139 4483 et
1150 4437 1307 4486 Zaraicedo.

318 4513 331 4547 ¹
357 4511 424 4556 Vide
436 4523 525 4568 supra,
536 4523 595 4566 paz.
605 4513 653 4564 stt,
663 4524 687 4556 n.
697 4513 746 4557 853.

318 4584 331 4617 ⁸
357 4583 505 4629 Huccsitus
515 4583 604 4628 donati
620 4583 782 4628 confirmatio
797 4584 855 4628 ldeo
869 4582 1008 4638 praecipue
1023 4580 1173 4626 necessaria
1186 4586 1255 4632 erat,
1269 4581 1330 4634 qula
1344 4581 1415 4626 ultra
1429 4581 1509 4636 lpslns

279 4656 354 4702 urbis
363 4655 465 4701 moenia
474 4657 671 4709 extendebatur,
681 4664 707 4700 et
718 4667 806 4700 murus
819 4660 874 4710 ipse
888 4661 996 4710 propter
1006 4651 1115 4707 Collegil
1131 4651 1276 4696 aedilicium
1285 4659 1312 4697 et
1323 4654 1414 4698 hortus
1428 4653 1508 4699 vicini

279 4726 492 4774 commoditatem
502 4735 561 4773 erat
571 4727 706 4773 secandus.
716 4728 784 4772 Vide
795 4739 882 4782 supra,
893 4738 953 4783 pag.
963 4725 1011 4780 475,
1020 4736 1043 4769 n.
1054 4724 1114 4769 1288.

425 4815 464 4870 Τ.
480 4833 508 4872 ν.
1341 4829 1368 4882 3¹
