3717 5400
356 486 417 547 '186
819 485 948 546 Canon.
967 484 1045 548 Soc.
1066 487 1136 558 Jas.

360 632 598 712 prehenderet
618 633 677 697 die
695 633 863 714 quodam,
886 651 930 696 ac
946 633 1090 698 defleret
1110 635 1226 710 simul,
1251 641 1387 696 tantam
1409 633 1592 698 hominum

359 741 600 820 ignorantiam
623 742 662 804 in
683 741 789 806 rebus
813 742 861 805 ad
884 745 1037 806 salutem
1061 758 1164 805 suam
1188 742 1456 821 pertinentibus
1483 749 1523 804 ut
1548 758 1593 804 ne

365 849 481 928 prima
504 849 647 928 quidem
671 849 888 912 christianae
913 849 1097 912 doctrinae
1121 848 1323 912 rudimenta
1350 855 1510 926 nossent,
1542 849 1591 910 ita

360 963 444 1018 sunt
453 956 616 1036 permoti,
630 965 680 1032 ut,
692 956 775 1019 licet
786 957 851 1020 sub
862 955 921 1018 dio
937 964 1056 1020 essent
1069 965 1106 1019 et
1119 958 1220 1019 locus
1231 965 1324 1019 esset
1335 958 1409 1019 luto
1421 956 1546 1036 plenus
1557 964 1592 1018 et

359 1073 444 1126 tunc
458 1063 566 1126 etiam
580 1065 728 1142 plueret,
744 1064 929 1128 interram
944 1073 1063 1127 tamen
1078 1081 1202 1128 omnes
1216 1063 1301 1143 (qui,
1318 1074 1356 1126 ut
1369 1062 1493 1142 fertur,
1517 1063 1591 1144 plu·

359 1180 535 1233 reserant
550 1187 657 1251 quam
668 1171 723 1233 bis
733 1171 841 1248 mille)
851 1170 1078 1250 procidentes
1090 1180 1125 1235 et
1140 1182 1326 1250 utrumque
1343 1187 1436 1249 genu
1452 1170 1591 1234 flecten-

359 1288 413 1341 tes
426 1295 498 1341 uno
512 1279 667 1342 clamore
681 1280 719 1342 in
733 1278 871 1341 coelum
884 1297 923 1341 se
939 1288 973 1340 et
989 1295 1112 1342 coram
1126 1276 1280 1342 Domino
1295 1295 1465 1359 peccasse
1486 1277 1592 1341 conli-

359 1395 529 1449 terentur.

418 1492 490 1556 536.
533 1491 634 1556 Haec
648 1494 807 1557 charitas
825 1505 861 1557 et
879 1494 917 1556 in
939 1509 1104 1558 carceres
1124 1501 1159 1556 et
1178 1493 1215 1556 in
1235 1493 1398 1557 triremes
1417 1509 1496 1555 sese
1514 1509 1593 1572 pro·

356 1600 535 1674 tendebat,
552 1600 596 1662 ad
612 1617 702 1680 quas
716 1601 860 1681 saepius
876 1579 988 1664 nostri
1002 1601 1210 1677 veniebant,
1227 1608 1265 1663 ut
1280 1601 1397 1676 multi,
1421 1601 1480 1681 qui
1501 1598 1591 1662 chri·

356 1709 495 1771 stianae
507 1707 689 1770 doctrinae
701 1724 833 1786 magna
844 1709 1069 1787 ignoratione
1078 1708 1300 1786 laborabant,
1311 1709 1588 1771 instituerentur.

356 1815 392 1878 A
406 1813 497 1877 ludis
509 1815 653 1878 interim
666 1814 964 1894 blasphemiisque
980 1815 1157 1878 abstinere
1178 1814 1469 1878 admonebantur.
1488 1814 1590 1878 Acci·

360 1921 412 1985 dit
431 1929 550 1986 autem
570 1931 619 2000 ut,
643 1938 724 1984 cum
748 1923 784 1984 in
809 1923 1002 2002 quamdam
1028 1922 1209 1986 triremem
1233 1920 1378 2002 quidam
1397 1940 1442 1985 ex
1458 1921 1591 1984 nostris

357 2028 625 2106 conscenderet,
643 2029 897 2092 humanissime
912 2030 957 2092 ab
972 2029 1064 2094 illius
1079 2029 1261 2109 praefecto
1276 2029 1532 2108 susciperetur,
1556 2037 1591 2090 et

247 2198 258 2220 ,
356 2155 440 2200 cum
454 2138 512 2200 ille
526 2145 712 2216 quaereret
727 2154 812 2200 num
826 2137 936 2216 aliqui
956 2145 1075 2200 essent
1090 2137 1151 2216 qui
1163 2135 1341 2214 luderent,
1362 2136 1422 2216 qui
1436 2137 1473 2199 id
1486 2135 1590 2198 facie·

359 2246 455 2321 bant,
482 2243 577 2307 dicto
601 2243 679 2324 ejus
703 2242 920 2320 obedientes,
948 2245 1092 2308 chartas
1116 2244 1269 2308 lusorias
1293 2253 1328 2306 et
1349 2254 1503 2307 tesseras
1525 2259 1590 2306 sua

358 2361 484 2431 sponte
500 2351 546 2414 ad
559 2351 675 2431 ipsum
689 2351 858 2428 detulere3
874 2361 910 2415 et
923 2353 1102 2430 rogabant
1116 2361 1154 2415 ut
1170 2353 1206 2414 in
1221 2367 1319 2434 mare
1334 2348 1534 2430 projiceret;
1552 2360 1588 2413 et

359 2475 440 2522 cnm
461 2475 524 2521 eos
545 2458 656 2521 verbo
676 2457 745 2522 Dei
766 2459 964 2536 refecisset,
991 2459 1143 2538 rogabat
1168 2457 1370 2538 praefectus
1395 2468 1434 2521 ut
1458 2474 1500 2519 eo
1524 2457 1591 2520 fre·

357 2575 507 2646 quenter
534 2566 683 2645 rediret,
713 2576 747 2628 et
775 2583 856 2628 cum
885 2565 1071 2628 commode
1098 2565 1175 2630 fieri
1207 2566 1341 2645 potuit,
1377 2565 1409 2627 ei
1442 2563 1587 2626 satisfa-

361 2684 457 2737 ctum
476 2683 542 2737 est.

418 2780 489 2844 537.
533 2780 602 2859 Qui
616 2781 819 2862 frequenter
835 2782 880 2845 ad
901 2782 1072 2861 templum
1087 2780 1237 2860 Collegii
1259 2781 1494 2859 accedebant,
1517 2797 1588 2844 ma-

359 2904 471 2967 gnum
484 2906 570 2951 suae
583 2889 769 2951 charitatis
789 2900 825 2952 et
839 2889 1031 2969 patientiae
1052 2890 1248 2969 specimen,
1265 2906 1346 2951 cum
1369 2888 1510 2951 occasio
1531 2887 1589 2950 da·

359 2996 476 3073 batur,
492 2994 721 3075 praebebant.
738 2996 781 3059 Et
796 3006 834 3058 ut
848 2997 1002 3076 paucula
1017 2994 1194 3075 quaedam
1205 2996 1412 3075 singillatim
1424 2993 1587 3069 reseram,

359 3119 440 3165 cum
454 3102 491 3165 in
506 3118 638 3179 magna
657 3120 821 3165 annonae
842 3103 963 3181 inopia
982 3102 1198 3181 reipublicae
1220 3102 1528 3165 administratores
1550 3102 1589 3164 ti·

359 3217 495 3272 merent
510 3226 565 3283 ne,
581 3209 612 3271 si
627 3209 729 3288 panis
744 3209 882 3289 publice
897 3208 1163 3285 divenderetur,
1181 3210 1217 3271 in
1232 3209 1436 3273 Calabriam
1451 3207 1588 3272 efferte·

359 3324 428 3391 tur,
444 3326 561 3379 certos
576 3315 657 3379 huic
672 3316 809 3379 muneri
823 3316 922 3378 viros
938 3316 1170 3391 destinarunt,
1188 3316 1233 3379 ad
1248 3332 1336 3395 quos
1352 3334 1397 3379 ex
1412 3314 1586 3393 mercede,

360 3422 436 3485 sine
450 3424 521 3484 ulla
535 3422 755 3501 reipublicae
765 3422 931 3499 laesione,
950 3423 1134 3503 quingenti
1148 3423 1221 3486 fere
1243 3423 1404 3486 coronati
1420 3423 1454 3484 in
1470 3422 1588 3501 singu·

362 3530 406 3591 lis
420 3529 598 3591 mensibus
615 3529 795 3607 redibant,
817 3530 910 3610 quod
932 3532 1071 3593 lucrum
1085 3548 1166 3593 cum
1186 3530 1521 3593 animadvertissent
1541 3528 1590 3608 pii

358 3636 504 3715 quidam
518 3635 681 3698 homines
695 3654 741 3699 ex
754 3636 822 3713 hia,
840 3636 900 3716 qui
913 3635 1117 3717 frequenter
1131 3646 1253 3700 nostro
1269 3637 1305 3699 in
1320 3638 1449 3715 templo
1471 3654 1589 3699 versa-

360 3743 500 3821 bantur,
517 3744 672 3822 possein
686 3759 862 3822 pauperes
872 3741 1047 3818 distribui,
1064 3744 1132 3823 ipsi
1143 3760 1181 3806 se
1196 3744 1341 3807 serendo
1352 3743 1403 3805 illi
1415 3743 1539 3820 labori,
1552 3752 1590 3805 ut

359 3867 488 3930 panem
502 3858 575 3912 tota
591 3850 677 3913 urbe
691 3850 938 3927 divenderent,
962 3852 1228 3931 promptissimo
1249 3852 1368 3915 animo
1389 3852 1590 3913 obtulerunt

359 3973 402 4019 ea
415 3958 495 4035 lege
510 3966 548 4019 ut
563 3957 658 4019 illam
673 3974 813 4019 omnem
832 3958 1036 4037 pecuniam,
1057 3975 1165 4038 quam
1184 3958 1220 4020 in
1240 3958 1372 4021 laboris
1392 3958 1589 4038 praemium

359 4074 477 4127 essent
491 4063 684 4141 accepturi,
702 4064 916 4143 pauperibus
932 4081 1078 4144 prorsus
1101 4073 1310 4143 erogarent:
1333 4066 1428 4144 quod
1450 4064 1591 4145 pietatis

360 4170 528 4245 studium,
549 4186 630 4232 cum
648 4170 727 4233 aliis
747 4170 924 4249 plurimis,
942 4182 1015 4233 tum
1031 4173 1221 4251 praecipue
1241 4170 1419 4251 Pro-regi,
1438 4170 1591 4235 maxime

360 4278 511 4356 placuit;
528 4287 564 4339 et
578 4275 727 4339 fideliter
742 4294 785 4339 ac
801 4294 933 4355 magna
955 4295 1036 4340 cum
1057 4278 1232 4342 charitate
1251 4296 1293 4341 eo
1317 4296 1461 4341 munere
1482 4278 1591 4341 functi

361 4392 455 4446 sunt.
471 4382 624 4462 Quidam
639 4384 746 4447 etiam
761 4385 822 4449 alii
836 4401 901 4447 sua
916 4385 1067 4463 pecunia
1078 4388 1209 4448 multos
1222 4403 1332 4465 panes
1344 4395 1483 4465 emptos
1493 4386 1529 4447 in
1541 4384 1592 4447 vi-

363 4490 463 4552 cinos
482 4505 596 4569 pagos
614 4500 649 4553 et
667 4492 796 4571 oppida
817 4492 1066 4571 asportabant,
1089 4509 1221 4571 eosque
1242 4493 1356 4572 gratis
1376 4492 1592 4572 pauperibus

358 4596 626 4676 dispensabant,
640 4609 675 4660 et
686 4615 707 4659 a
720 4600 881 4678 corporis
894 4599 998 4661 simul
1013 4608 1047 4661 et
1064 4600 1204 4663 animae
1215 4600 1360 4662 interitu
1372 4617 1442 4662 non
1455 4616 1590 4679 paucos

356 4703 600 4769 vindicabant.
