3717 5400
785 515 849 572 Au.
873 515 945 573 1500
1428 512 1487 571 347

249 657 485 720 consolationi
500 674 603 722 suam
620 675 765 739 operam
780 659 950 741 impendit
972 659 997 738 ⁸,
1019 676 1100 722 cum
1122 658 1273 722 celebris
1293 656 1487 722 Societatis

247 763 343 826 fama
358 764 395 826 in
409 781 578 844 magnam
594 765 864 830 admirationem
880 767 1043 830 homines
1065 767 1242 829 excitante
1264 767 1285 827 ¹.
1303 765 1346 828 Et
1362 765 1482 844 singu·

248 871 335 932 laris
355 868 430 950 ejus
454 871 521 935 viri
543 871 728 950 modestia,
751 873 999 949 mansuetud0,
1028 891 1071 936 ac
1096 873 1283 954 prudentia
1308 871 1423 936 effecit
1444 885 1484 936 ut

248 977 375 1040 merito
391 978 470 1040 aliis
484 979 617 1042 nostris
633 979 845 1044 auctoritate
860 979 978 1043 Patris
992 979 1121 1059 Ignatii
1136 979 1388 1059 praeficeretur
1403 977 1427 1037 ³.

308 1083 379 1148 936.
423 1085 664 1149 Concionatus
676 1099 729 1150 est
741 1087 862 1168 etipse
874 1087 1042 1167 quotidie,
1055 1096 1130 1149 toto
1145 1086 1333 1149 Adventus
1349 1097 1480 1166 tempo·

248 1191 337 1253 rein
352 1190 587 1266 xenodochio,
604 1193 759 1272 priorem
771 1193 866 1257 Petri
878 1193 1041 1274 Apostoli
1051 1193 1248 1273 Epistolam
1259 1192 1483 1256 Canonicarn

247 1298 446 1378 explicans,
473 1310 507 1362 et
532 1299 673 1380 quidem
699 1317 780 1364 cum
807 1303 963 1364 maxima
989 1301 1191 1364 auditorum
1210 1299 1328 1378 gratia
1355 1312 1390 1362 et
1414 1299 1484 1362 fre-

248 1406 407 1484 quentia;
424 1416 459 1469 et
473 1406 517 1469 ob
533 1408 646 1470 zelum
662 1407 815 1486 pietatis,
833 1408 945 1488 quiin
961 1425 1003 1470 eo
1023 1407 1110 1470 foris
1125 1407 1298 1483 elucebat,
1319 1405 1482 1486 frequen·

246 1513 316 1576 tius
330 1512 367 1576 in
382 1513 548 1593 hospitali
563 1513 778 1578 auditorium
794 1515 915 1578 habuit
930 1515 1132 1595 professore
1154 1514 1320 1592 theologo
1336 1511 1482 1576 Franci·

252 1635 443 1683 scanorum
458 1620 494 1682 in
509 1622 564 1684 sui
579 1621 740 1685 coenobii
765 1622 852 1684 aede
878 1621 1124 1684 concionante.
1151 1619 1345 1684 Maximam
1364 1630 1487 1686 autem

250 1725 346 1806 apud
360 1727 459 1790 cives
474 1729 763 1791 claromontanos
782 1729 1068 1792 benevolentiam
1086 1738 1121 1791 et
1143 1727 1392 1790 auctoritatem
1410 1737 1481 1789 stu-

252 1831 311 1895 dio
326 1849 391 1896 suo
406 1834 584 1898 indefesso
599 1834 645 1897 ad
659 1834 858 1898 animarum
875 1835 1047 1898 auxilium
1061 1835 1277 1897 conciliavit.

310 1939 381 2004 937.
426 1939 597 2021 Magister
610 1951 727 2006 autem
739 1941 1278 2020 PetrusChanaliS,valetudinis
1289 1940 1482 2006 resarcien-

250 2047 317 2111 dae
331 2048 463 2126 gratia,
480 2059 514 2112 et
530 2059 567 2112 ut
583 2065 707 2112 sacros
723 2049 866 2113 ordines
880 2049 1066 2129 reciperet,
1083 2047 1281 2128 Euscopiae
1296 2050 1341 2112 ab
1353 2065 1394 2111 eo
1406 2045 1485 2111 ⁴re-

249 2154 440 2234 tinebatur,
458 2165 492 2218 et
507 2174 571 2220 suo
586 2157 727 2221 interim
739 2157 902 2237 exemplo
914 2167 950 2218 et
962 2157 1158 2236 colloquiiS,
1172 2157 1337 2219 omnibus
1348 2155 1481 2219 amabi-

249 2264 318 2326 lem
333 2279 372 2326 se
388 2262 575 2342 reddebat;
592 2272 627 2325 et
648 2264 713 2327 sub
733 2263 871 2326 initium
895 2263 981 2326 anni
1003 2262 1183 2344 sequentis
1201 2263 1338 2325 socium
1361 2259 1484 2340 adjun-

249 2385 336 2448 gere
351 2365 448 2432 Patri
465 2367 619 2432 Roberto
635 2387 715 2433 eum
730 2369 927 2450 Episcopus
943 2370 1136 2450 cogitabat.

309 2474 380 2538 938.
423 2475 607 2552 Familiae,
625 2477 660 2538 in
680 2493 750 2557 qua
776 2477 990 2540 versabatur
1014 2475 1052 2539 P.
1080 2474 1269 2552 Robertus,
1295 2475 1482 2538 domestici

250 2580 401 2660 singulis
417 2582 597 2645 mensibus
620 2582 896 2662 confitebantur,
918 2600 990 2646 non
1011 2583 1144 2663 absque
1170 2584 1342 2646 virtutum
1366 2580 1479 2662 profe·

249 2695 325 2767 ctu,
344 2688 467 2753 diebus
482 2689 630 2769 singulis
651 2689 729 2770 pias
743 2691 969 2770 precationes
990 2708 1151 2771 vespere,
1175 2707 1299 2753 coram
1319 2687 1479 2753 crucifixi

251 2796 419 2876 imagine,
436 2814 535 2860 more
554 2796 765 2861 Parisiensis
786 2796 947 2877 Collegii,
969 2798 1073 2861 simul
1098 2814 1222 2860 omnes
1240 2796 1477 2860 effundebant.

249 2902 289 2966 ln
305 2902 521 2966 christianae
545 2903 727 2967 doctrinae
748 2903 961 2967 rudimentis
974 2914 1008 2967 et
1023 2906 1060 2969 in
1078 2921 1118 2967 re
1139 2904 1297 2967 literaria
1319 2903 1481 2967 exerceri

252 3008 338 3091 [eos]
355 3011 515 3088 curabat,
532 3019 566 3074 et
581 3009 722 3074 demum
739 3028 861 3075 omnes
876 3012 912 3075 in
932 3011 1124 3074 virtutibus
1142 3010 1383 3090 proficiebant.

309 3116 380 3181 939.
426 3116 528 3196 Quod
549 3118 593 3181 ad
614 3129 782 3181 externos
806 3118 942 3196 attinet,
964 3116 1107 3197 iurandi
1129 3118 1261 3181 abusus
1282 3118 1416 3197 passim
1443 3119 1480 3180 in

246 3223 391 3288 familiis
412 3226 688 3305 relinquebatur,
712 3235 747 3288 et
767 3226 798 3287 si
821 3225 900 3305 quis
924 3226 1027 3289 aliter
1052 3242 1159 3305 quam
1183 3225 1324 3288 deceret
1349 3241 1479 3287 nomen

247 3330 314 3395 Dei
335 3341 554 3411 usurpasset,
576 3340 698 3394 mutuo
715 3348 754 3395 se
769 3332 1021 3395 admonebant.
1044 3330 1258 3395 Scurrarum
1277 3332 1392 3410 copia,
1409 3331 1481 3395 die-

247 3439 313 3501 bus
328 3440 443 3501 sacris
455 3438 546 3501 ludis
558 3456 601 3501 ac
613 3438 722 3501 lucris
733 3455 866 3501 vacare
881 3438 997 3516 solita,
1011 3438 1183 3501 conviciis
1195 3455 1239 3501 ae
1250 3437 1415 3518 perjuriis
1429 3438 1479 3502 in·

247 3544 364 3619 famis,
382 3546 541 3625 eplateis
556 3544 712 3623 evanuit,
729 3545 835 3608 turba
848 3545 1003 3625 undique
1018 3544 1063 3607 ad
1075 3547 1283 3608 concionem
1302 3544 1478 3609 confluen-

247 3662 302 3731 te;
318 3650 455 3715 fructus
470 3652 576 3715 etiam
592 3652 695 3731 signa
711 3661 813 3714 erant
828 3652 982 3730 suspiria
993 3652 1203 3732 frequentia,
1218 3652 1479 3715 confessionum

249 3760 410 3822 antidota
426 3778 447 3823 a
463 3759 581 3822 multis
596 3761 787 3838 postulata,
804 3768 838 3821 et
853 3760 1019 3839 frequens
1031 3759 1211 3822 hominum
1226 3759 1271 3822 ad
1282 3758 1413 3823 Missae
1425 3776 1479 3821 sa·

249 3866 421 3929 orificium
440 3883 647 3943 concursuS,
664 3866 875 3946 praesertim
890 3883 971 3928 cum
987 3866 1062 3946 ipse
1078 3865 1115 3928 P.
1134 3865 1311 3929 Robertus
1329 3864 1479 3929 Sacrum

247 3973 411 4036 faciebat.

287 4180 295 4212 Ι
326 4176 441 4223 Similem
448 4178 504 4235 jam
515 4180 575 4222 olim
586 4188 691 4233 operam
701 4178 761 4223 hnic
769 4178 893 4234 hospitali
905 4178 1066 4233 impenderat
1076 4176 1250 4235 Hieronymus
1260 4180 1284 4222 le
1299 4178 1360 4230 Bas,
1371 4186 1399 4222 ut
1411 4178 1477 4221 vide-

244 4260 272 4293 re
282 4256 321 4294 est
328 4260 416 4305 snpra,
429 4256 448 4293 t.
459 4260 495 4305 nr,
507 4260 566 4305 pag.
577 4250 625 4303 297,
636 4262 678 4294 rm.
689 4250 730 4294 662
740 4256 766 4293 et
775 4250 823 4303 663,
835 4250 897 4295 etin
910 4249 1006 4293 cartas
1015 4248 1049 4292 de
1060 4250 1115 4292 San
1126 4249 1245 4303 Ignacio,
1253 4257 1306 4303 uv,
1315 4262 1378 4303 pag.
1389 4250 1438 4293 593.

284 4322 296 4353 ¹
323 4321 373 4377 Sic,
384 4332 431 4365 nec
441 4333 517 4365 sensu
528 4332 575 4365 nec
586 4323 691 4378 syntaxi
702 4322 768 4367 satis
783 4322 993 4366 consistentibus.
1010 4320 1108 4364 Verum
1123 4320 1229 4365 definire
1245 4333 1296 4366 uon
1311 4322 1430 4365 valemus
1445 4333 1482 4366 an

243 4392 407 4437 scribendum
416 4392 450 4436 sit
461 4404 521 4437 cum
531 4393 644 4437 celebris
655 4393 885 4448 societattssama
895 4393 1043 4437 hornines...
1056 4392 1201 4445 excitarat,
1215 4404 1249 4436 an
1259 4404 1324 4437 vero
1335 4404 1396 4437 cum
1412 4393 1476 4437 celr-

244 4464 287 4508 bri
297 4464 526 4519 Socratatissama
538 4465 660 4509 homines
663 4496 704 4509 .....
715 4468 849 4515 exifauno.
860 4470 906 4510 aut
918 4465 978 4519 quid
989 4464 1080 4508 simile.

285 4538 296 4569 ³
323 4537 389 4581 Vide
400 4548 488 4591 supra,
499 4549 557 4593 pag.
567 4538 616 4592 324,
627 4550 651 4582 n.
661 4538 710 4581 875.

284 4610 296 4642 ⁴
323 4607 428 4653 Scilicet
438 4609 743 4664 Episcopo-Librarius
750 4610 893 4664 scripserat
901 4613 931 4652 ut
939 4620 1032 4652 sacros
1040 4610 1149 4653 ordines
1157 4611 1190 4653 ab
1199 4609 1330 4664 Episcopo
1338 4610 1480 4664 reciperet,

244 4678 396 4734 Euscopiae
408 4682 441 4723 nb
452 4694 481 4725 co
493 4683 675 4735 retinebatur:
685 4690 712 4726 at
723 4684 805 4726 verba
815 4682 847 4725 ab
859 4681 1001 4738 Episcopo,
1010 4690 1038 4726 ut
1048 4694 1112 4726 vere
1122 4681 1303 4738 redundantia,
1319 4693 1396 4726 verso
1410 4684 1481 4726 cala·

245 4763 288 4796 mo
299 4754 466 4797 cancellavit.
