3717 5400
373 473 427 532 114
830 471 959 532 Cuaou.
979 471 1056 532 Soc.
1077 471 1148 545 Jus.

370 637 518 685 servare
543 621 762 700 dignaretur,
790 619 901 701 pluris
922 638 961 683 se
982 619 1101 683 facere
1126 619 1249 682 scribit
1271 635 1378 699 quam
1400 635 1442 681 ea
1469 619 1606 696 omnia,

371 727 512 808 quaein
527 727 618 790 mari
632 728 691 789 vel
705 727 741 789 in
757 736 853 790 terra
868 735 998 802 essent;
1015 735 1050 789 et
1064 727 1113 789 ita
1129 741 1260 803 magna
1277 741 1357 788 curn
1372 741 1461 805 pace
1476 735 1511 789 et
1526 727 1602 789 ani-

370 836 420 898 mi
439 835 681 898 consolatione
706 842 847 897 centum
875 842 910 896 et
930 832 1059 911 viginti
1083 831 1264 910 milliaria,
1288 832 1451 896 Genuam
1478 850 1599 912 usque,

370 942 557 1006 commoda
580 941 810 1019 navigatione
830 940 872 1003 24
885 940 986 1002 horis
1001 938 1165 1016 confecit;
1185 947 1221 1001 et
1235 937 1380 1004 biduum
1399 948 1535 1003 tantum
1557 941 1608 1004 ab

372 1050 459 1114 urbe
474 1049 638 1112 Pisarum
654 1047 815 1112 Genuam
831 1065 943 1127 usque
959 1047 994 1110 in
1009 1047 1134 1109 itinere
1149 1047 1378 1127 consumpsit.

435 1155 506 1219 312.
550 1155 639 1220 Cum
661 1164 778 1218 autem
801 1154 910 1235 aliqui
928 1172 975 1217 ex
995 1153 1121 1217 amicis
1143 1154 1267 1217 audire
1288 1154 1398 1234 ipsius
1419 1155 1602 1234 lectioneS,

373 1281 463 1345 quas
474 1264 518 1327 de
531 1263 694 1325 doctrina
709 1261 903 1325 christiana
919 1262 955 1323 in
967 1259 1127 1339 Collegio
1139 1261 1379 1340 praelegebat,
1394 1263 1600 1340 voluissent,

374 1371 427 1434 sic
442 1371 494 1434 eis
510 1369 576 1432 fuit
591 1369 826 1445 satisfactum,
848 1377 886 1430 ut
908 1367 1062 1430 urserint
1083 1384 1163 1431 eum
1182 1367 1227 1430 ad
1247 1368 1407 1447 publicas
1427 1370 1463 1432 in
1485 1370 1600 1432 catire-

373 1478 465 1542 drali
479 1477 631 1541 ecclesia
647 1476 815 1540 lectiones
830 1475 1019 1554 Evangelii
1033 1475 1267 1548 inchoandas;
1285 1475 1379 1555 quod
1394 1485 1428 1538 et
1442 1475 1526 1540 iecit
1538 1478 1609 1540 sub-

375 1585 515 1648 initium
541 1583 753 1648 Novembris
778 1592 831 1654 et.
859 1590 896 1644 ut
916 1581 1070 1644 diximus
1092 1582 1254 1662 superius
1271 1581 1291 1661 ¹,
1311 1591 1500 1662 pergratus
1519 1584 1602 1648 civi·

373 1692 439 1755 tati
454 1691 529 1773 ejus
544 1691 645 1754 labor
660 1708 738 1753 esse
756 1690 883 1769 coepit.

434 1799 506 1861 313.
549 1799 605 1862 Ex
620 1799 676 1861 his
696 1793 989 1874 adolescentibus,
1013 1797 1073 1877 qui
1094 1795 1307 1860 Societatem
1328 1796 1466 1877 ingredi
1486 1799 1599 1878 cupie·

371 1909 469 1984 bant,
488 1906 610 1986 aliqui,
627 1904 759 1969 civium
775 1905 988 1967 nobiliorum
1004 1903 1076 1981 filii,
1093 1905 1137 1966 ob
1152 1904 1219 1966 hoc
1235 1905 1349 1983 ipsum
1365 1923 1387 1966 a
1402 1905 1534 1967 scholis
1549 1925 1600 1968 rc·

372 2015 461 2078 moti
476 2022 577 2089 sunt,
594 2011 758 2092 quamvis
775 2009 811 2074 P.
827 2010 933 2074 Viola
949 2011 1119 2074 certiores
1135 2010 1297 2074 redderet
1321 2023 1488 2090 parentes
1507 2014 1601 2090 quod

374 2121 451 2184 sine
466 2120 623 2198 ipsorum
640 2119 731 2180 bona
748 2119 854 2180 venia
869 2118 1046 2180 neminem
1068 2125 1161 2180 esset
1180 2116 1216 2180 in
1243 2115 1454 2181 Societatem
1476 2119 1603 2181 admis-

374 2245 495 2304 surus;
512 2236 547 2290 et
562 2228 611 2289 ita
627 2225 800 2289 inserebat
815 2225 872 2287 ille
887 2225 992 2304 quod,
1006 2226 1135 2304 partim
1148 2226 1192 2288 ob
1205 2223 1402 2305 hujusmodi
1414 2237 1600 2305 parentum

376 2334 551 2410 aflectum,
568 2334 699 2414 partim
713 2333 818 2413 quod,
835 2342 1024 2412 postquam
1039 2332 1295 2412 aliquantulum
1305 2332 1541 2412 profecerant,
1555 2334 1601 2397 ad

374 2451 600 2506 mercaturae
620 2439 913 2502 exercitationem
931 2438 1023 2501 filios
1043 2436 1237 2501 transferre
1256 2439 1435 2517 volebant,
1457 2440 1519 2503 vix
1541 2441 1600 2502 ali·

373 2565 477 2627 quem
491 2562 708 2626 genuensem
720 2545 899 2627 juvenem,
920 2545 1132 2625 praesertim
1151 2563 1195 2608 ex
1215 2545 1456 2622 nobilioribus
1478 2545 1600 2610 admit·

371 2654 517 2719 tendum
543 2653 631 2733 sore,
657 2654 688 2717 si
711 2669 852 2733 semper
878 2669 959 2717 cum
983 2651 1152 2716 facultate
1172 2662 1360 2733 parentum
1382 2653 1417 2717 id
1442 2652 1518 2718 fieri
1543 2655 1600 2718 de·

370 2762 481 2826 beret.

431 2869 502 2933 314.
546 2868 634 2932 Cum
660 2868 768 2931 etiam
793 2866 832 2930 P.
858 2866 1012 2943 Natalis,
1040 2866 1202 2931 Genuam
1227 2868 1375 2931 veniens
1403 2867 1600 2949 Septembri

371 2994 505 3049 mense,
533 2976 672 3055 aliquos
697 2992 742 3037 ex
767 2972 967 3053 hujusmodi
991 2985 1025 3035 et
1050 2974 1129 3037 aliis
1146 2971 1336 3052 juvenibus
1356 2977 1463 3039 nollet
1478 2976 1600 3039 admit·

372 3094 458 3156 tere,
476 3083 586 3163 aliqui
602 3099 724 3145 eorum
740 3081 783 3143 de
799 3081 869 3143 alia
885 3081 1057 3159 religione
1081 3081 1240 3159 cogitare
1261 3092 1462 3161 coeperunt,
1480 3100 1600 3163 quam·

372 3192 428 3255 vis
444 3189 503 3253 alii
518 3206 563 3253 ex
578 3188 784 3252 melioribus
798 3197 833 3250 et
847 3188 1147 3268 provectioribus,
1165 3189 1287 3251 tamin
1303 3189 1429 3252 litteris
1444 3206 1548 3268 quam
1565 3190 1600 3252 in

372 3298 517 3372 virtute,
545 3297 652 3359 etiam
672 3306 753 3375 post
772 3294 964 3357 adventum
983 3292 1020 3355 P.
1041 3294 1171 3357 Loarte
1196 3305 1233 3358 ut
1259 3295 1528 3359 admitterentur
1552 3297 1607 3359 in·-

371 3414 520 3467 starent.

431 3509 503 3572 315.
547 3508 715 3571 Vicarius
730 3508 838 3571 etiam
852 3508 1085 3586 magistratus
1099 3508 1294 3571 saecularis
1314 3506 1337 3586 ¹,
1362 3508 1426 3571 Dr.
1445 3507 1601 3591 Joannes

376 3616 540 3696 Baptista
554 3615 742 3693 FiliareuS,
757 3614 814 3677 vir
836 3615 872 3677 in
888 3613 1166 3695 jurisprudentia
1189 3632 1259 3677 non
1279 3615 1503 3681 mediocriter
1525 3634 1600 3680 cru·

373 3724 479 3801 dituS,
496 3723 568 3804 qui,
585 3739 666 3785 curn
682 3721 788 3784 Pater
802 3721 948 3801 Laynez
968 3719 1117 3784 Genuae
1136 3732 1357 3799 versaretur,
1382 3723 1427 3786 ad
1447 3722 1600 3787 Societa-

372 3840 442 3895 tem
468 3839 628 3893 nostram
655 3827 810 3891 animum
836 3826 1031 3906 adjecerat,
1058 3828 1206 3891 contulit
1234 3845 1314 3892 cum
1342 3829 1467 3893 eodem
1494 3830 1600 3895 Putre

372 3937 504 4001 Loarte
520 3936 563 3999 de
578 3936 674 3997 vitae
688 3950 775 3997 suae
789 3945 896 4012 statu,
913 3935 972 3996 cui
986 3933 1081 3997 dedit
1096 3934 1164 3997 hoc
1180 3936 1375 4013 consilium,
1393 3948 1431 3999 ut
1451 3936 1600 4001 Romam

373 4044 533 4118 venienS,
550 4042 699 4105 arbitrio
714 4041 831 4104 Patris
845 4040 974 4121 Ignatii
991 4058 1065 4103 rem
1079 4042 1171 4105 hanc
1185 4051 1295 4106 totam
1306 4044 1552 4121 committeret,
1565 4056 1600 4106 et

374 4152 424 4214 ita
440 4148 659 4229 cumprimis
674 4147 888 4227 triremibus
905 4164 1007 4227 quae,
1029 4146 1213 4227 Neapolim
1235 4165 1373 4229 versus,
1390 4147 1525 4214 Ducem
1541 4150 1599 4214 Al·

412 4425 423 4458 Ι
451 4425 516 4478 Pag.
528 4422 575 4476 110,
585 4434 610 4466 n.
620 4422 669 4468 301.

411 4498 424 4529 ¹
450 4496 526 4540 liaud
537 4495 614 4539 facile
623 4501 663 4538 est
673 4500 746 4539 certo
755 4502 871 4538 statuere
882 4495 942 4549 quid
953 4494 994 4537 his
1006 4495 1113 4539 vocibus
1127 4494 1251 4540 Vicarius
1262 4500 1440 4549 magistratus
1450 4501 1602 4545 saecularis

371 4568 546 4623 significatum
556 4568 669 4610 voluerit
680 4566 816 4610 Polancus.
828 4568 857 4609 P.
870 4566 973 4621 quidem
980 4566 1094 4622 Layoez,
1102 4567 1162 4611 dum
1172 4568 1248 4622 hujus
1256 4568 1381 4615 Filiarchl
1393 4570 1501 4617 Romam
1509 4584 1605 4617 versos

369 4640 555 4697 profectionem
566 4638 676 4688 nuntiat.
687 4639 724 4681 alt
735 4649 859 4681 comesse
870 4636 968 4681 Doctor
979 4649 1012 4681 en
1022 4637 1095 4691 loyes
1102 4649 1120 4691 y
1130 4638 1200 4693 Juea
1212 4640 1239 4682 in
1251 4642 1378 4685 civilibus
1388 4645 1421 4687 de
1431 4647 1489 4688 esto
1505 4646 1601 4688 iterra.

371 4714 500 4767 fuisseque
510 4710 571 4754 olim
581 4710 695 4752 ,indutor
704 4709 748 4753 del
758 4710 891 4753 Cardena!
901 4710 934 4753 de
947 4710 1026 4755 cesis.
1036 4710 1126 4754 Genua
1136 4711 1170 4755 4.·
1179 4710 1295 4763 Junuurir
1309 4714 1367 4758 ibib.
