3717 5400
797 486 861 544 ΑΝ.
884 486 955 544 1555
1436 488 1491 546 229

251 649 465 710 concursus
483 649 554 694 non
570 633 682 695 solum
698 631 929 712 hispanorum
951 641 985 694 et
1005 633 1156 697 aliarum
1177 643 1407 696 externarum
1430 651 1491 696 na·

255 741 407 822 tionum,
430 739 618 803 sedetiam
640 755 904 818 germanorum.
928 737 999 803 Sed
1020 740 1143 804 diebus
1164 739 1265 803 sestis
1290 743 1401 804 multo
1423 740 1489 803 ire·

253 847 719 928 quentioresconfluebant;
737 847 844 909 etalii
861 857 967 927 atque
986 846 1047 911 alii
1067 865 1197 911 ornare
1216 850 1398 927 templum,
1416 846 1490 927 jam

259 954 403 1034 egregie
418 961 637 1032 reparatum,
654 953 861 1034 pergebant.
877 953 952 1016 Nec
968 955 1089 1032 exigui
1103 955 1209 1035 pretii
1224 964 1432 1018 ornamenta
1445 955 1491 1018 ad

251 1060 425 1125 altarium
440 1063 497 1124 vel
512 1060 739 1124 sacerdotum
753 1077 857 1123 usum
872 1061 1163 1140 suppeditabant;
1187 1062 1278 1125 inter
1298 1079 1404 1143 quos,
1425 1062 1490 1125 sub

252 1169 393 1232 initium
411 1168 496 1232 anni
510 1177 674 1231 matrona
689 1167 865 1248 quaedam
885 1169 1069 1231 bohemica
1093 1170 1286 1248 pretiosum
1302 1168 1491 1249 quemdam

251 1277 405 1339 calicem
430 1292 511 1338 cum
536 1275 615 1338 aliis
639 1275 850 1354 quibusdam
876 1275 1034 1353 donavit;
1061 1284 1096 1339 et
1121 1274 1321 1355 hujusmodi
1347 1275 1489 1356 quidem

255 1381 349 1445 dona
366 1382 658 1458 admittebantur3
676 1390 880 1446 nouantem
901 1384 977 1459 illa,
1000 1399 1091 1462 quae
1106 1383 1373 1446 adnostrorum
1387 1401 1491 1447 usum

250 1489 463 1568 offerebant;
490 1506 582 1570 quae
610 1506 691 1553 cum
716 1489 785 1552 sibi
805 1491 1009 1553 necessaria
1032 1507 1105 1554 noo
1125 1505 1204 1552 esse
1226 1490 1395 1568 dicerent,
1420 1507 1490 1553 ma-

249 1612 364 1674 gnam
392 1596 426 1658 in
452 1595 682 1660 offerentibus
706 1594 978 1660 admirationem
1000 1606 1035 1660 et
1053 1595 1338 1660 aedificationem
1356 1597 1487 1660 excita·

255 1702 352 1766 bant.
369 1701 439 1766 Sed
456 1701 593 1782 Regina
605 1703 795 1766 Bohemiae
813 1701 820 1733 ¹
837 1720 923 1782 prae
938 1704 1092 1766 caeteris
1106 1703 1306 1767 devotionis
1322 1704 1488 1768 allectum

257 1810 364 1873 rebus
378 1810 465 1890 ipsis
481 1809 700 1874 ostendebat:
718 1809 789 1873 alia
804 1810 897 1872 enim
912 1821 1019 1890 atque
1034 1811 1104 1873 alia
1124 1811 1253 1874 altaria
1272 1811 1430 1890 pulchris
1445 1829 1488 1875 ac

259 1917 424 1994 pretiosis
450 1919 667 1981 ornamentis
693 1917 853 1990 vestivit,
881 1927 915 1979 et
940 1917 1008 1980 tria
1033 1917 1271 1980 sacerdotalia
1297 1918 1488 1998 magnifica

251 2034 467 2087 ornamenta
483 2025 518 2086 et
533 2024 707 2104 quaedam
723 2024 793 2086 alia
809 2024 853 2086 ad
877 2026 1011 2086 cultum
1030 2024 1243 2104 pertinentia
1265 2025 1407 2102 obtulit,
1429 2025 1488 2088 do·

249 2141 384 2194 natura
400 2131 494 2194 haud
510 2131 614 2195 dubie
635 2133 755 2210 plura,
779 2132 810 2193 si
832 2142 973 2194 nostros
994 2148 1106 2211 aeque
1127 2141 1311 2211 promptos
1333 2131 1379 2193 ad
1400 2133 1486 2195 reci·

257 2239 434 2320 piendum,
452 2250 557 2319 atque
573 2239 649 2319 ipsa
665 2249 742 2302 erat
757 2238 802 2301 ad
818 2237 1053 2318 largiendum,
1071 2239 1277 2302 invenisset.

314 2346 384 2411 661.
428 2347 581 2425 Quidam
596 2346 723 2409 nobilis
738 2362 951 2424 germanus,
971 2363 1080 2426 eques
1101 2345 1161 2410 S.ti
1179 2344 1385 2426 Sepulchri,
1405 2347 1489 2410 Hie·

252 2454 446 2535 rosolymis
474 2454 646 2533 quasdam
671 2453 839 2533 reliquias
863 2469 986 2516 secum
1010 2453 1137 2532 attulit,
1164 2472 1184 2516 e
1209 2453 1336 2534 quibus
1361 2471 1488 2518 sacrae

251 2561 388 2624 Christi
404 2560 567 2624 Coronae
582 2561 733 2640 spinam,
751 2561 854 2623 theca
870 2559 1023 2640 quadam
1038 2560 1195 2640 pretiosa
1209 2577 1252 2623 ac
1267 2559 1414 2639 pulchre
1428 2560 1485 2624 de·

249 2675 380 2733 aurata
401 2668 590 2743 inclusam,
615 2667 789 2747 singulari
814 2666 1004 2731 devotione
1024 2665 1183 2746 Collegio
1206 2665 1317 2746 dedit;
1340 2684 1486 2731 aureum

250 2774 399 2856 insuper
422 2791 597 2855 pannum,
625 2775 755 2837 vexilla
781 2775 926 2854 byssina
953 2772 965 2804 ⁸
990 2783 1025 2837 et
1050 2773 1250 2853 hujusmodi
1276 2784 1486 2838 ornamenta

251 2882 348 2945 dono
363 2880 469 2959 dedit,
486 2882 612 2961 quibus
627 2882 799 2944 ecclesiae
815 2882 944 2943 chorus
959 2890 993 2943 et
1009 2882 1098 2958 loca,
1115 2882 1212 2943 circa
1224 2898 1316 2961 quae
1328 2880 1483 2944 Sanctis·

249 2990 381 3052 simum
396 2986 667 3051 Sacramentum
681 2998 734 3050 cst
748 2988 960 3067 repositum,
976 2988 1255 3051 illustrabantur.

314 3094 384 3159 662.
428 3093 673 3175 Sequebantur
688 3102 805 3157 autem
819 3096 1019 3174 exemplum
1030 3093 1190 3173 Reginae
1203 3097 1402 3175 complures
1414 3114 1486 3159 ma·

253 3214 379 3266 tronae
394 3202 474 3283 piae
489 3220 531 3264 ac
546 3202 698 3279 nobileS,
716 3212 791 3265 tum
806 3218 851 3265 ex
866 3204 961 3279 aula,
978 3211 1053 3265 tum
1075 3219 1119 3264 ex
1141 3202 1303 3280 civitate,
1320 3204 1486 3282 quamvis

248 3328 325 3373 non
340 3311 472 3389 passim
489 3310 608 3372 omnia
623 3308 715 3372 dona
732 3308 1028 3383 admittebantur,
1045 3326 1089 3371 ne
1104 3308 1148 3371 ab
1168 3309 1244 3389 ipsa
1260 3308 1402 3389 quidem
1417 3308 1481 3373 Re·

247 3419 354 3497 gina,
376 3434 567 3497 quaecum
587 3432 719 3495 magna
741 3416 972 3478 veneratione
994 3433 1037 3478 ac
1057 3416 1161 3478 simul
1184 3416 1406 3495 benignitate
1424 3435 1486 3480 no·

252 3534 348 3588 stros
363 3526 668 3604 complecteretur,
685 3539 792 3602 saepe
808 3522 971 3585 mittebat
987 3538 1072 3584 suos
1087 3524 1287 3586 sacellanos
1299 3533 1360 3586 aut
1371 3540 1485 3587 secre-

255 3632 367 3694 tarios
393 3640 430 3695 ut
455 3631 674 3711 inquirerent
700 3646 785 3693 num
810 3629 943 3709 aliquid
969 3629 1102 3691 nostris
1126 3631 1185 3692 vel
1209 3631 1341 3708 templo
1361 3640 1484 3693 nostro

248 3738 404 3817 deesset;
420 3747 455 3802 et
466 3738 631 3817 quamvis
643 3737 689 3800 ad
702 3736 896 3799 subsidium
912 3736 1037 3798 domus
1052 3736 1140 3798 nihil
1155 3738 1200 3798 ab
1215 3736 1293 3816 ipsa
1307 3737 1352 3798 sit
1367 3753 1484 3800 susce·

254 3855 363 3926 ptum,
381 3864 451 3908 non
471 3845 654 3909 desinebat
670 3843 704 3906 in
721 3844 796 3907 dies
816 3842 986 3923 templum
1005 3844 1172 3923 pretiosis
1194 3844 1412 3906 ornamentis
1427 3843 1485 3907 de·

250 3969 392 4016 corate.

314 4060 384 4123 663.
428 4061 530 4139 Quod
546 4060 591 4124 ad
606 4059 847 4123 confessiones
862 4058 989 4121 attinet
1003 4070 1250 4136 externorum,
1267 4058 1409 4138 plurimi
1424 4057 1484 4121 ho-

248 4170 376 4245 mines,
391 4169 498 4231 etiam
509 4168 737 4247 germanicae
748 4165 914 4242 nationis,
927 4166 964 4227 in
977 4165 1152 4245 principio
1165 4164 1481 4244 Quadragesimae,

245 4274 411 4355 deposita
433 4283 662 4355 peccatorum
687 4274 842 4349 sarcina,
870 4289 1013 4336 sacram
1038 4272 1304 4336 Eucharistiam
1323 4290 1483 4353 sumpse·

252 4394 334 4446 runt
350 4380 539 4445 occasione
555 4380 720 4444 videlicet
732 4379 876 4459 jubilaei
893 4380 938 4442 ob
959 4379 1121 4443 foelicem
1143 4380 1297 4460 Angliae
1312 4380 1485 4444 reductio·

251 4558 467 4571 *—

295 4661 302 4692 ¹
331 4659 423 4712 Maria,
436 4661 522 4705 Caroli
533 4660 557 4702 V
567 4660 629 4714 lilla,
640 4666 666 4703 et
676 4658 845 4704 Maximillani
858 4658 889 4712 li,
901 4658 1057 4702 Ferdlnaudl
1069 4658 1080 4701 1
1091 4656 1135 4702 filii
1146 4659 1320 4713 primogeniti,
1332 4669 1407 4702 uxor.

294 4732 306 4765 ¹
332 4732 579 4779 Bt'xt'nahabetlls
