3717 5400
819 494 882 553 Ax.
905 495 975 553 loth
1455 490 1510 551 105

277 658 344 703 nec
357 640 490 703 Romae
502 658 612 704 causa
624 640 856 704 decideretur.
871 639 1023 704 Dicebat
1036 641 1142 704 etiam
1155 658 1193 705 se
1204 640 1459 721 permissurum
1471 650 1509 705 ut

277 746 476 827 Episcopus
490 746 670 826 Oscensis
683 749 745 828 qui
759 757 879 812 noster
887 748 997 828 J'udex
1008 758 1084 812 erat
1097 757 1340 826 conservator,
1355 746 1508 827 publica·

280 864 334 917 rct
356 856 622 918 revocationem
642 856 798 918 omnium
818 873 952 933 eorum,
973 872 1064 935 quae
1087 865 1212 919 contra
1233 863 1376 917 nostros
1398 863 1508 917 atten-

278 970 354 1025 tata
379 961 521 1026 fuerant
546 962 590 1025 ab
615 962 726 1043 ipsius
752 962 1024 1044 Archiepiscopi
1051 961 1268 1025 officialibus.
1301 959 1370 1024 Sed
1398 964 1509 1027 verba

278 1069 491 1132 videbantur
506 1068 584 1132 dari
599 1068 772 1149 Pro-regi,
788 1087 854 1133 nec
868 1068 995 1133 vicarii
1016 1070 1197 1150 publicare
1220 1070 1388 1133 volebant
1408 1086 1509 1132 revo-

280 1176 471 1253 cationem,
492 1194 514 1239 a
534 1184 656 1241 nostro
680 1176 871 1256 jamdicto
898 1187 1152 1240 conservatore
1178 1175 1322 1253 saetam,
1344 1192 1510 1240 censura·

277 1301 379 1362 rum,
410 1296 500 1364 quas
527 1284 694 1347 monachi
723 1284 978 1363 decreverant,
1007 1284 1052 1347 ad
1087 1283 1181 1364 quod
1210 1284 1458 1347 auctoritatem
1488 1302 1508 1347 a

279 1390 416 1454 Nuncio
431 1390 640 1472 Apostolico
655 1401 855 1471 acceperat.

343 1497 430 1563 1000.
474 1497 541 1561 Die
555 1498 622 1561 ta·
631 1498 786 1577 Augusti
793 1500 891 1561 venit
902 1497 1045 1562 tandem
1054 1498 1356 1577 Archiepiscopus
1368 1498 1413 1561 ad
1426 1497 1509 1561 Pro·

278 1622 412 1686 regem,
428 1614 464 1668 et
479 1605 567 1668 dixit
582 1622 706 1668 senon
722 1622 825 1685 posse
839 1604 1082 1684 Religionibus
1096 1604 1313 1684 praecipere,
1330 1604 1393 1667 sed
1408 1620 1508 1667 cura·

280 1722 397 1777 turum
413 1730 492 1777 esse
508 1724 544 1776 ut
556 1714 682 1777 vicarii
696 1712 949 1792 parochiarum
961 1712 1079 1775 omnia
1091 1712 1312 1775 committant
1325 1709 1510 1775 Guberna-

280 1822 372 1900 trici,
382 1820 598 1886 missisadid
608 1820 863 1902 procuratoriis
874 1820 1101 1900 litterislpsa
1113 1817 1506 1896 Cathedralisecclesia,

280 1937 360 2009 post
376 1945 483 2010 quam
497 1930 675 1991 laceratae
690 1926 830 1991 fuerant
844 1928 985 1991 litterae
1001 1926 1259 1991 declaratoriae
1275 1924 1329 2004 (ut
1345 1926 1510 2005 superius

282 2036 435 2099 diximus
458 2036 479 2114 ¹)
494 2035 660 2117 Episcopi
681 2034 861 2113 OscensiS,
884 2034 1026 2098 admisit
1048 2033 1272 2097 interdictum
1298 2032 1364 2095 12.8
1382 2032 1466 2121 Julii
1486 2051 1508 2096 a

280 2152 536 2207 conservatore
562 2142 893 2221 Augustiniensium
918 2141 1117 2219 decretum,
1139 2152 1173 2203 et
1193 2138 1505 2221 Archiepiscopus,

281 2260 357 2315 arte
369 2249 522 2332 quadam
534 2268 630 2329 usuS,
641 2267 679 2313 se
691 2250 876 2313 inhibitum
888 2266 966 2311 esse
975 2248 1135 2327 dicendo,
1145 2248 1191 2311 ad
1200 2265 1301 2310 suum
1314 2248 1507 2329 capitulum

280 2358 463 2438 negotium
477 2356 611 2436 rejecit,
628 2373 745 2435 aquo,
762 2366 800 2418 ut
816 2355 980 2435 diximus,
994 2354 1187 2417 admissum
1203 2356 1277 2418 fuit.
1295 2354 1339 2418 Et
1351 2372 1431 2417 cum
1443 2373 1507 2435 per

278 2474 392 2528 totam
406 2466 529 2529 urbem
544 2464 794 2529 extenderetur
813 2464 1039 2527 interdictum
1058 2466 1137 2541 hoc,
1154 2474 1188 2527 et
1202 2464 1322 2527 statim
1342 2464 1508 2526 subsecu-

279 2582 338 2636 tae
362 2573 493 2637 fuerint
517 2574 678 2655 picturae
700 2570 774 2653 jam
799 2573 934 2651 dictae,
962 2590 1033 2635 non
1059 2572 1186 2635 mirum
1207 2572 1236 2633 si
1257 2570 1371 2651 primo
1393 2572 1506 2651 pueri,

280 2680 406 2746 deinde
421 2682 563 2762 vulgus,
579 2679 685 2744 luerit
703 2690 826 2744 contra
847 2690 989 2744 nostros
1009 2680 1237 2743 concitatum.
1259 2679 1304 2742 Et
1330 2678 1372 2742 de
1392 2694 1506 2742 cessa-

280 2789 374 2852 tione
390 2807 410 2850 a
426 2788 556 2852 divinis
578 2787 736 2851 curanda
759 2787 944 2867 agebatur,
968 2787 1033 2850 nisi
1057 2787 1171 2850 nostri
1192 2785 1381 2849 cessissent
1405 2797 1505 2850 etex

279 2896 366 2957 urbe
385 2895 522 2975 egressi
543 2893 703 2972 fuissent,
726 2904 810 2957 tunc
834 2894 928 2958 enim
949 2910 1158 2974 suspensum
1181 2893 1245 2956 suit
1267 2893 1505 2970 interdictum,

279 3019 351 3064 non
366 3003 555 3066 sublatum.
1483 2995 1484 3004 ’

341 3107 429 3173 1089.
472 3110 621 3173 Multum
635 3110 784 3173 contulit
799 3108 915 3172 Patris
929 3105 1100 3172 'l'ablares
1113 3125 1222 3189 opera
1234 3107 1269 3170 in
1280 3116 1356 3171 toto
1370 3107 1436 3171 hoc
1448 3127 1507 3172 ne-

278 3216 377 3295 gotio
401 3217 657 3297 componendo,
684 3217 848 3296 quamvis
867 3226 901 3279 et
920 3216 996 3296 ipse
1017 3235 1037 3278 a
1058 3215 1221 3295 Principe
1247 3213 1505 3278 Gubernatrice

281 3321 527 3386 Vallisoletum
541 3323 607 3387 suit
622 3333 808 3400 evocatuS,
826 3341 916 3403 quae
934 3325 978 3386 ab
997 3325 1073 3402 ipso
1097 3324 1221 3387 melius
1241 3321 1426 3385 informari
1444 3340 1506 3385 vo·

278 3429 373 3492 lebat
388 3430 565 3509 quomodo
581 3423 619 3492 se
633 3447 691 3493 res
705 3429 883 3492 habebant
899 3429 1220 3510 Caesaraugustae.

342 3535 429 3599 1090.
473 3536 562 3600 Cum
584 3546 702 3600 autem
721 3554 784 3616 per
800 3535 968 3616 juratum,
993 3535 1036 3598 D.
1060 3537 1299 3616 Augustinum
1321 3532 1343 3615 ¹,
1365 3535 1506 3600 litterae

278 3641 512 3706 credentiales
524 3643 569 3706 ad
583 3643 757 3707 Abbatem
769 3641 957 3722 Veruelae,
970 3642 1166 3720 Vicarium,
1181 3643 1285 3706 datae
1297 3641 1456 3718 luissent,
1473 3643 1505 3706 ei

278 3749 496 3830 significavit
519 3751 660 3814 nomine
685 3751 965 3827 Gubernatricis,
993 3768 1073 3813 cum
1096 3751 1236 3830 magnis
1257 3752 1410 3830 querelis
1430 3749 1508 3830 ejus

279 3857 549 3937 inobedientiae,
566 3868 604 3921 ut
619 3858 711 3920 intra
726 3857 927 3938 quindecim
942 3857 1017 3921 dies
1033 3869 1115 3920 ante
1134 3859 1249 3938 ipsam
1269 3866 1503 3938 compareret,

279 3964 346 4027 sub
367 3981 482 4044 poena
500 3964 680 4028 fidelitatis
701 3977 736 4027 et
761 3965 837 4027 sine
861 3964 1103 4028 excusatione.
1130 3963 1327 4045 Lacrymas
1352 3965 1410 4028 ille
1429 3965 1503 4028 fun·

276 4071 375 4149 denS,
392 4072 579 4136 videbatur
594 4071 640 4134 ad
656 4070 849 4134 remedium
866 4071 911 4133 ad
925 4089 968 4134 ea
984 4089 1074 4152 quae
1090 4081 1171 4134 acta
1193 4071 1333 4134 fuerant
1348 4089 1369 4134 a
1385 4089 1506 4134 mona-

276 4179 365 4258 chis,
382 4181 474 4242 velle
488 4179 709 4258 diligentiam
725 4178 908 4257 adhibere;
925 4179 988 4242 sed
1003 4178 1089 4242 nihil
1105 4196 1143 4242 se
1159 4195 1263 4259 posse
1278 4180 1322 4241 ab
1345 4179 1396 4243 eis
1418 4180 1503 4246 obti-

275 4304 361 4349 nere
382 4285 482 4349 dixit.
503 4285 643 4366 Aliquis
662 4296 780 4349 tamen
797 4285 864 4348 fide
879 4285 1009 4366 dignus
1029 4285 1211 4348 admonuit
1233 4297 1386 4365 nostroS,
1410 4287 1503 4367 quod

275 4403 414 4457 secreto
439 4393 651 4458 hortabatur
671 4395 858 4475 religiosos
885 4405 923 4456 ut
949 4404 1154 4457 constantes
1182 4405 1299 4459 essent
1326 4395 1362 4457 in
1386 4395 1505 4476 prohi-

275 4564 302 4573 ,-

317 4653 326 4686 ¹
355 4654 479 4708 Panem,
489 4666 513 4697 n.
525 4654 587 4698 1070.

318 4728 329 4756 ²
355 4725 423 4770 Vide
433 4737 521 4780 supra,
531 4737 584 4781 pag
600 4727 648 4780 tol,
658 4738 683 4771 n·
696 4727 754 4774 1081.
