3717 5400
805 509 869 567 Au.
897 509 968 568 1555
1446 513 1505 572 323

265 663 304 718 ut
319 672 389 717 non
401 653 543 716 obscuri
555 653 707 717 nominis
722 654 828 716 aulici
839 670 972 716 vanum
984 653 1184 733 huJusmodi
1197 671 1375 719 rumorem
1387 652 1396 684 ¹
1408 656 1503 720 inter

262 779 305 826 se
321 760 600 838 circumferrent,
615 761 780 840 quamvis
791 760 954 822 dominus
967 761 1010 823 de
1021 760 1151 838 Monte,
1166 761 1209 824 de
1221 779 1291 842 quo
1302 762 1392 825 alias
1404 781 1500 826 men·

266 869 316 932 tio
331 868 426 931 sacta
454 877 507 931 est
529 867 553 946 ¹,
577 868 664 930 nihil
689 867 816 930 horum
840 885 878 929 se
904 868 1065 930 olfecisse
1080 869 1116 931 in
1131 868 1230 932 curia
1253 870 1398 937 diceret.
1421 870 1502 934 Hoc

266 977 454 1040 constabat
468 975 610 1055 nostris,
632 975 726 1055 quod
746 975 940 1054 diplomata
954 984 1080 1037 nostra
1107 975 1274 1038 Facultas
1299 976 1501 1056 theologica

266 1083 476 1147 asservabat
492 1081 652 1162 (Doctori
668 1081 895 1158 Demochari,
917 1100 962 1143 ex
987 1082 1130 1161 scriptis
1155 1083 1298 1162 cognito
1324 1081 1347 1161 ⁸,
1369 1085 1502 1148 tradita

265 1189 418 1268 fuerant)
430 1201 468 1253 ut
480 1199 622 1252 nostros
634 1199 868 1268 oppugnaret,
885 1206 951 1251 nec
966 1188 1114 1252 reddere
1126 1190 1186 1252 illa
1200 1191 1332 1253 nostris
1344 1192 1498 1268 volebat,

265 1299 378 1362 donec
400 1306 601 1373 conaretur,
629 1297 697 1359 illis
722 1296 902 1374 exhibitiS,
934 1295 1160 1360 Cardinalem
1190 1296 1450 1377 Lotharingum
1478 1318 1499 1362 a

263 1413 465 1468 nostrorum
481 1404 603 1466 lavore
617 1420 800 1466 revocare.
818 1403 938 1482 Itaque
946 1402 1035 1465 satis
1050 1404 1237 1466 constabat
1252 1404 1345 1484 quod
1359 1415 1501 1484 praeter

263 1511 457 1586 decretum,
475 1511 592 1590 aliqua
609 1510 678 1573 alia
694 1519 877 1589 praeterea
890 1510 1108 1572 clandestine
1136 1520 1261 1574 contra
1281 1509 1499 1576 Societatem

265 1619 511 1682 moliebantur.
547 1615 616 1679 Sed
647 1617 823 1696 Episcopo
853 1615 1129 1680 Claramontano
1161 1626 1298 1681 tantum
1327 1619 1427 1682 abest
1460 1630 1499 1682 ut

265 1725 506 1806 persuaserint
531 1724 626 1804 quod
651 1725 847 1786 conabatur
871 1725 928 1786 ille
956 1723 1170 1798 Cardinalis,
1194 1735 1231 1786 ut
1256 1735 1400 1788 nostrae
1417 1744 1500 1789 con·

265 1833 408 1896 ditionis
424 1833 598 1908 misertus,
618 1831 847 1910 propensiore
863 1849 971 1912 quam
996 1832 1094 1910 prius
1122 1831 1250 1895 affectu
1275 1850 1332 1894 res
1356 1844 1499 1897 nostras

266 1942 549 2021 amplecteretur;
568 1939 662 2016 quod
677 1947 710 2002 et
725 1939 794 2001 hoc
810 1956 903 2001 anno
918 1940 995 2019 ipso
1008 1956 1115 2019 opere
1130 1940 1296 2003 ostendit.

323 2047 395 2111 873.
438 2047 488 2111 At
512 2047 551 2110 P.
579 2047 805 2122 Paschasius,
831 2046 1067 2126 praepositus,
1095 2047 1200 2109 nullis
1230 2048 1500 2126 tempestatibus

265 2165 389 2220 contra
404 2155 618 2219 Societatem
633 2153 831 2231 concitatis,
849 2153 1037 2216 subcubuit
1062 2154 1180 2217 animo
1204 2165 1265 2216 aut
1286 2172 1498 2234 promoven-

264 2264 331 2327 dae
346 2261 534 2327 Societatis
554 2261 710 2324 studium
728 2261 876 2340 remisit,
903 2261 1068 2340 quamvis
1087 2261 1286 2341 Episcopus
1305 2263 1380 2340 ipse
1401 2262 1498 2325 Pari-

262 2371 390 2436 siensis
404 2368 417 2400 ⁴
432 2387 538 2449 super
553 2370 711 2432 dolorem
724 2369 911 2431 vulnerum
932 2367 1093 2445 adderet,
1112 2386 1155 2430 ac
1175 2377 1316 2431 nostros
1336 2369 1500 2448 graviter

261 2478 507 2542 insectaretur.
525 2476 689 2540 Vacabat
704 2476 761 2538 ille
773 2473 784 2505 ⁵
796 2472 971 2552 jaciendis
982 2475 1123 2553 collegii
1148 2474 1357 2538 Parisiensis
1372 2475 1496 2539 funda·

261 2585 389 2647 mentis
401 2593 505 2663 prout
519 2583 555 2645 in
570 2593 669 2645 tanta
685 2581 968 2644 contradictione
982 2581 1060 2644 fieri
1080 2592 1232 2660 poterat,
1254 2593 1498 2647 sacramento-

262 2710 341 2755 rum
365 2689 599 2756 confessionis
619 2700 654 2753 et
681 2687 940 2752 communionis
965 2689 1023 2768 pio
1049 2689 1256 2763 ministerio,
1283 2701 1356 2753 tam
1381 2689 1494 2768 festis,

263 2816 370 2881 quam
395 2796 559 2878 profestis
581 2796 704 2859 diebus
727 2812 873 2873 operam
898 2794 1017 2873 dabat,
1041 2796 1077 2857 in
1103 2796 1249 2859 aedibus
1276 2796 1496 2861 infirmorum

261 2917 366 2969 nocte
393 2906 574 2981 vigilabat,
604 2905 806 2966 vinctorum
835 2902 1016 2964 custodias
1045 2903 1205 2982 publicas
1225 2904 1423 2981 invisebat,
1456 2915 1494 2969 ut

263 3014 402 3077 afflictis
422 3014 591 3076 auxilium
610 3024 644 3073 et
665 3010 944 3073 consolationem
961 3010 1194 3089 impenderet;
1216 3021 1250 3073 et
1265 3012 1336 3073 alia
1351 3012 1496 3092 pietatis

262 3139 370 3201 opera
400 3120 588 3198 diligenter
603 3118 791 3180 tractabat.
822 3116 961 3196 Reliqui
985 3117 1115 3179 fratres
1135 3120 1247 3180 nostri
1273 3119 1346 3181 suis
1367 3120 1495 3183 studiis

261 3228 384 3291 sedulo
411 3228 602 3289 vacabant.

319 3334 391 3398 874.
435 3334 595 3397 Duorum
610 3334 816 3396 accessione
838 3334 951 3396 crevit
972 3344 1175 3396 nostrorum
1199 3352 1377 3413 numeruS,
1399 3336 1494 3416 quod

260 3444 296 3507 in
311 3452 411 3505 tanta
427 3442 690 3519 perturbatione
703 3458 820 3503 rerum
833 3441 1131 3517 mirandumerat;
1146 3458 1267 3502 eorum
1282 3442 1371 3503 alter
1382 3460 1494 3521 nepos

260 3560 338 3613 erat
358 3568 403 3611 ex
422 3566 544 3612 sorore
565 3548 639 3627 ejus
661 3548 828 3611 Doctoris
849 3548 1030 3610 Benedicti
1052 3549 1168 3627 (quem
1188 3548 1341 3610 diximus
1367 3560 1493 3613 contra

260 3656 474 3720 Societatem
492 3656 718 3734 probationes
742 3654 875 3717 decreti
897 3654 989 3717 illius
1012 3654 1229 3731 confecisse),
1247 3656 1342 3717 acris
1358 3656 1492 3734 ingenii

257 3763 410 3844 juvenis
437 3763 578 3827 nornine
603 3760 787 3841 Sylvester
809 3758 831 3823 ⁰.
860 3760 1009 3825 Cuidam
1029 3762 1136 3823 etiam
1158 3761 1325 3840 religioso
1355 3761 1491 3825 ordinis

260 3870 319 3934 §.¹¹
341 3870 534 3947 Benedicti,
552 3886 632 3931 cum
647 3869 847 3949 spiritualia
862 3869 1034 3931 exercitia
1050 3868 1198 3931 luissent
1210 3870 1404 3948 proposita,
1418 3888 1492 3933 ma·

261 4067 289 4076 -ι-
318 4070 364 4075 .-..
426 4068 474 4075 .—

300 4184 309 4217 t
337 4183 420 4231 Illum,
430 4182 536 4235 scillcet,
547 4184 578 4226 de
589 4194 638 4237 quo
649 4185 696 4226 sub
707 4182 782 4226 finem
793 4182 973 4236 praecedentis
983 4182 1082 4224 numeri
1094 4192 1179 4225 sermo
1190 4184 1276 4227 iactus
1286 4191 1333 4227 est.

300 4255 311 4286 ¹
339 4256 430 4307 Supra,
443 4262 461 4299 t.
473 4268 506 4301 iv.
517 4267 577 4309 pag.
588 4254 688 4298 sabaal
699 4254 782 4299 et330.

298 4328 310 4361 δ
337 4327 403 4371 Vide
415 4338 503 4379 snpra,
514 4335 532 4370 t.
548 4340 582 4379 lv,
594 4338 653 4380 pag.
664 4326 712 4379 32⁰»,
724 4339 749 4369 n.
758 4326 806 4378 691,
818 4332 844 4370 et
854 4332 942 4370 annot.
952 4325 1090 4369 6.-Edidlt
1099 4327 1128 4377 is,
1137 4326 1206 4370 inter
1216 4328 1494 4387 alla,libellumqucm=

259 4398 318 4443 dam
329 4398 368 4442 De
381 4399 519 4453 Sacrificio
532 4398 643 4442 Missae.

299 4471 311 4503 ὂ
338 4468 648 4526 EustachiusduBellay.

299 4540 311 4574 ⁸
339 4541 632 4586 P.PaschusiusBrott.

298 4610 311 4643 θ
338 4600 411 4657 Hunc
421 4612 532 4665 Jacobus
543 4614 664 4659 llorellus
674 4614 806 4667 (Litterae
820 4614 1050 4666 Quadrimestres,
1060 4620 1080 4657 t.
1096 4625 1134 4663 ur.
1145 4626 1206 4669 pag.
1222 4616 1273 4665 510>
1286 4622 1403 4674 appellat
1418 4620 1494 4674 juo.

258 4685 319 4729 bum
329 4683 506 4729 Foresticrum
516 4686 641 4741 (Jucques
652 4686 809 4739 Forestier),
818 4686 898 4741 “quod
910 4698 1050 4740 cognomen
1061 4687 1086 4729 in
1096 4687 1265 4741 sylvestrum
1275 4690 1391 4738 Societas
1400 4701 1494 4748 postea

259 4758 454 4810 commutavit„
465 4757 606 4811 Pocascus,
621 4758 697 4813 intra,
708 4770 734 4801 n.
744 4758 793 4802 895.
