3717 5400
1441 21 1849 147 Ἴ-

281 502 286 510 ’
386 485 443 545 tta
838 481 967 541 Cnaou.
989 482 1065 542 Soc.
1087 488 1157 555 las.

380 632 548 711 bitarent,
562 647 643 694 cum
657 640 692 693 et
707 638 847 709 portam
861 630 969 693 etiam
984 639 1188 710 separatam
1199 631 1371 694 haberent
1385 642 1420 695 et
1436 634 1617 714 sacellum,

380 737 483 819 cujus
496 739 606 803 etiam
630 746 733 818 porta
747 736 793 799 ad
815 736 992 817 publicam
1012 737 1110 800 viam
1131 737 1401 817 egrediebatur,
1424 741 1529 804 valde
1545 744 1619 822 pul·

381 847 508 910 chrum
521 854 557 909 et
571 843 851 922 accommodum;
872 844 971 907 etita
987 846 1140 924 populus
1161 845 1206 907 ad
1229 855 1373 909 nostros
1392 846 1500 910 libere
1515 866 1619 913 acce-

381 954 465 1017 dere
479 961 630 1034 poterat‚
647 968 713 1015 nec
728 952 824 1015 illam
835 961 976 1032 partem
990 952 1120 1014 domus
1135 952 1344 1031 attingebat,
1358 969 1465 1032 quam
1474 953 1618 1036 Episco-

379 1078 447 1141 pus
458 1071 536 1124 erat
547 1060 817 1124 inhabitaturus.
832 1056 1068 1139 Disciplinam
1080 1058 1188 1121 etiam
1200 1059 1411 1137 religiosam
1421 1059 1515 1125 domi
1530 1078 1617 1127 suae

378 1184 527 1231 servare
545 1174 721 1247 poterant.
737 1163 887 1228 Decima
901 1165 1024 1245 quinta
1042 1172 1160 1227 autem
1176 1163 1385 1229 Decembris
1408 1165 1446 1230 P.
1473 1166 1616 1233 Franci·

377 1291 464 1337 scus
477 1273 610 1353 Borgia
625 1271 809 1336 Placentia
824 1272 1001 1350 Hispalim
1016 1288 1143 1334 versus
1158 1273 1317 1336 recessit.

440 1380 529 1444 1268.
572 1379 651 1444 Hoc
663 1397 757 1443 anno
771 1379 849 1441 1555
861 1394 1030 1457 magnum
1044 1394 1275 1458 progressum
1290 1396 1387 1443 nova
1398 1379 1486 1445 haec
1495 1383 1616 1461 planta

377 1488 471 1567 fecit;
488 1506 552 1551 sex
571 1497 673 1551 erant
693 1486 909 1562 sacerdotes,
931 1485 1058 1564 quibus
1084 1486 1147 1548 vix
1167 1494 1306 1565 tempus
1329 1488 1439 1550 ullum
1464 1506 1616 1552 vacuum

376 1605 562 1676 supererat
582 1612 605 1658 a
626 1593 909 1657 confessionibus
935 1591 1131 1655 audiendis.
1162 1592 1480 1673 Consequebantur
1497 1606 1616 1660 autem

375 1702 620 1767 restitutiones
649 1702 791 1778 multae,
820 1700 950 1780 partim
974 1698 1091 1761 famae
1114 1698 1245 1773 laesae,
1276 1701 1404 1778 partim
1429 1704 1615 1766 vulnerum

375 1819 437 1873 aut
451 1808 672 1890 injuriarum,
688 1806 818 1888 partim
833 1805 939 1867 etiam
965 1804 1153 1884 pecuniae;
1175 1822 1266 1885 quae
1286 1807 1399 1871 etiam
1413 1809 1495 1872 ludo
1513 1828 1534 1871 a
1553 1811 1615 1873 mi·

374 1917 473 1979 noris
491 1915 619 1979 aetatis
640 1912 842 1978 hominibus
858 1910 966 1990 aliqui
988 1911 1117 1974 lucrati
1131 1924 1245 1991 erant,
1269 1914 1514 1993 restituerunt;
1530 1934 1614 1996 pau·

375 2023 518 2102 peribus
533 2022 647 2085 ⁴etiam
669 2021 802 2100 aliquot
821 2018 930 2081 millia
946 2018 1156 2081 ducatorum
1183 2018 1219 2081 in
1241 2020 1505 2101 eleemosynam
1531 2023 1614 2085 data

374 2130 529 2205 fuerunt3
546 2145 636 2209 quae
662 2127 769 2190 etiam
794 2125 949 2187 minores
971 2124 1015 2187 ab
1038 2124 1117 2189 aliis
1133 2123 1216 2187 ludo
1244 2126 1417 2205 vicerant,
1445 2128 1495 2191 eis
1515 2129 1614 2192 resti-

374 2246 532 2313 tuerunt;
558 2244 593 2297 et
609 2249 740 2312 magna
760 2241 837 2294 erat
851 2231 1023 2311 pecuniae
1048 2231 1114 2307 viS,
1138 2231 1221 2312 quia
1237 2232 1329 2295 inter
1346 2234 1534 2313 primarios
1553 2236 1612 2298 ho·

376 2343 490 2406 mines
508 2342 598 2405 haec
617 2340 758 2403 fiebant.
779 2338 825 2401 Et
844 2338 1007 2418 quamvis
1026 2338 1155 2402 durum
1174 2338 1369 2417 videretur,
1386 2340 1614 2405 nihilominus

375 2450 537 2513 homines
551 2448 618 2511 sibi
632 2447 668 2510 id
683 2445 890 2527 persuaderi
903 2445 1067 2508 sinebant
1087 2454 1121 2508 et
1138 2446 1313 2525 patienter
1329 2464 1372 2510 ac
1385 2448 1477 2513 bono
1494 2448 1612 2512 animo

376 2574 464 2620 suae
477 2554 718 2618 conscientiae
733 2552 1011 2616 satisfaciebant.
1526 2604 1529 2611 .

438 2663 526 2728 1269.
569 2661 625 2726 Ex
640 2661 767 2725 vicinis
791 2660 882 2723 locis
898 2660 1071 2722 commoti
1088 2659 1185 2724 fama
1206 2662 1307 2725 multi
1327 2662 1372 2726 ad
1392 2663 1515 2727 urbem
1534 2680 1613 2729 con·

375 2772 542 2835 fessionis
556 2771 674 2850 gratia
688 2768 897 2846 veniebant;
913 2778 949 2830 et
963 2766 1068 2830 facile
1091 2768 1240 2846 intelligi
1266 2779 1405 2848 poterat
1426 2788 1533 2851 quam
1547 2773 1611 2836 uti-

372 2879 455 2941 liter
467 2877 579 2941 nostri
591 2875 637 2939 ad
652 2877 711 2939 illa
731 2876 809 2938 loca
823 2884 943 2936 essent
954 2874 1146 2952 accessuri3
1163 2875 1225 2938 sed
1236 2873 1274 2938 P.
1288 2875 1481 2941 Villanova
1493 2879 1611 2942 existi·

374 2985 495 3048 mabat
505 3001 576 3047 non
587 2982 756 3064 expedire
765 2982 823 3045 his
837 2982 872 3045 in
886 2980 996 3044 initiis
1004 2989 1107 3043 extra
1115 2981 1332 3045 Placentiam
1343 2985 1525 3064 operarios
1537 2985 1611 3049 mit·

373 3102 459 3167 tere,
476 3109 557 3155 cum
571 3091 709 3168 messis,
725 3089 761 3153 in
773 3090 863 3169 ipsa,
877 3087 1084 3150 metentium
1099 3088 1195 3150 vires
1207 3100 1405 3169 superaret.
1420 3091 1611 3156 Crescebat

369 3209 491 3262 autem
506 3199 541 3261 in
557 3197 632 3260 dies
647 3195 904 3277 poenitentium
918 3210 1098 3270 numerus,
1115 3204 1150 3257 et
1167 3195 1344 3259 crevisset
1359 3197 1474 3262 adhuc
1495 3199 1611 3278 magis

369 3305 403 3368 si
416 3305 569 3368 ecclesia
588 3301 757 3382 capacior
774 3300 910 3379 fuisset,
928 3301 1008 3363 etsi
1031 3311 1235 3364 nostrorum
1261 3320 1373 3382 opera
1397 3313 1470 3367 tam
1491 3305 1612 3368 multis

370 3412 582 3476 satisfacere
598 3410 783 3490 potuisset.

435 3517 523 3580 1270.
572 3515 811 3580 Proficiebant
824 3524 946 3576 autem
961 3514 995 3575 in
1013 3513 1174 3577 oratione
1188 3527 1223 3576 et
1239 3517 1473 3595 castigatione
1488 3536 1609 3601 corpo·

369 3625 420 3689 ris
435 3625 577 3706 plurimi
591 3641 637 3686 ex
650 3623 716 3701 his,
729 3623 789 3703 qui
800 3621 847 3685 ad
859 3631 1085 3684 sacramenta
1097 3621 1332 3685 accedebant.
1346 3623 1609 3691 confitebantur
1621 3619 1634 3640 ⁰

368 3741 490 3796 autern
510 3731 605 3795 domi
624 3739 819 3806 senatores,
844 3726 1075 3807 (rcgt'dorcs¹
1102 3727 1139 3814 in
1164 3726 1345 3809 Hispania
1370 3737 1557 3810 vocantur)
1573 3745 1608 3798 et

368 3838 579 3902 nobilissimi
603 3840 734 3917 quique
762 3835 838 3915 ejus
875 3835 1046 3899 civitatis.
1077 3834 1323 3900 Ecclesiastici
1352 3838 1459 3903 etiam
1489 3843 1609 3922 templi

368 3943 596 4009 Cathedralis
618 3943 726 4023 aliqui
745 3941 936 4022 generales
955 3939 1198 4004 confessiones
1213 3943 1457 4025 instituerunt,
1475 3945 1511 4010 in
1526 3965 1607 4028 quo·

368 4069 449 4115 rum
463 4052 539 4114 vita
553 4049 746 4130 singularis
761 4049 914 4112 mutatio
928 4048 1100 4111 dexterae
1114 4046 1258 4111 Excelsi
1271 4049 1349 4114 visa
1361 4061 1426 4113 est.
1440 4050 1608 4117 Deiectus

367 4167 489 4222 tamen
502 4158 700 4222 habebatur
719 4157 757 4219 in
772 4153 1002 4218 admittendis
1021 4155 1205 4234 utriusque
1225 4172 1333 4219 sexus
1346 4156 1547 4223 hominibus
1562 4160 1608 4224 ad

368 4264 589 4345 frequentem
610 4279 716 4326 usum
740 4260 977 4325 confessionis
994 4271 1029 4323 et
1051 4261 1329 4342 communionis;
1351 4281 1422 4327 non
1443 4266 1536 4329 enim
1551 4267 1607 4330 de·

366 4378 482 4449 erant,
499 4378 538 4433 ut
551 4370 587 4433 in
603 4369 683 4432 aliis
698 4369 853 4447 urbibus,
867 4367 916 4430 ita
928 4378 964 4430 et
975 4367 1010 4430 in
1021 4366 1088 4429 hac
1105 4367 1165 4448 qui
1182 4367 1502 4448 frequentationem
1513 4372 1606 4437 hanc

412 4573 419 4604 ⁸
449 4573 589 4627 “Reginum
603 4572 675 4617 Cndn
686 4583 736 4616 uno
746 4572 777 4615 de
787 4573 825 4615 los
835 4570 983 4614 individuos
993 4571 1034 4614 del
1048 4571 1245 4626 ayuntamiento
1258 4574 1419 4627 encrrgador
1430 4575 1471 4619 del
1481 4577 1605 4631 zobierno

361 4645 517 4702 sequanico
527 4644 558 4687 de
567 4655 618 4688 unc
629 4643 788 4698 pomacium,
800 4641 970 4686 chcr'onario
984 4642 1059 4685 dela
1073 4641 1140 4686 Real
1157 4643 1303 4712 Academia
1321 4645 1556 4699 reparata-luem
1574 4659 1605 4692 nc

366 4715 432 4760 ellbl
441 4715 547 4772 lavati,
556 4719 604 4758 etc.
