3717 5400
365 467 421 527 494
819 468 948 529 Caaou.
970 468 1047 525 Soc.
1071 468 1141 540 Jus.

364 616 492 695 posito,
511 632 531 675 a
554 603 623 693 quo
638 614 799 693 graviter
814 612 932 676 luerat
950 614 1169 690 vulneratus
1187 612 1232 676 ad
1246 621 1394 693 peccata
1410 629 1475 675 sua
1489 611 1595 675 confi—

364 722 472 784 tenda
487 720 631 783 domum
646 720 795 799 veniret,
813 720 909 783 omni
923 719 1103 783 vindictae
1123 720 1306 800 proposito
1322 718 1472 798 abiecto.

428 827 515 892 1344.
561 826 599 889 ln
623 824 787 906 perjuriis
813 843 856 888 ac
877 824 1089 906 juramentis
1111 842 1242 905 magna
1265 828 1371 889 etiam
1395 826 1594 889 emendatio

363 944 418 999 est
446 944 682 1015 consequuta;
713 950 794 995 cum
819 942 938 996 autem
963 949 1026 1012 per
1052 933 1240 997 tribunalia
1266 934 1380 997 nostri
1401 932 1592 1013 aliquando

365 1042 569 1121 transirent,
593 1051 628 1104 et
649 1051 811 1104 amanter
829 1039 1043 1120 juramenta,
1069 1058 1158 1121 quae
1180 1041 1229 1103 ibi
1253 1042 1404 1121 plurima
1426 1040 1595 1103 inutiliter

364 1150 506 1229 fiebant,
523 1150 754 1229 corrigerent,
771 1157 969 1211 commotus
984 1156 1037 1211 est
1049 1145 1158 1226 judex
1173 1146 1180 1179 ¹
1193 1159 1227 1211 et
1238 1148 1421 1211 constituit
1432 1165 1476 1210 ne
1488 1148 1523 1210 iu
1536 1147 1595 1210 illo

361 1275 430 1322 suo
445 1258 612 1321 tribunali
627 1257 813 1338 quisquam
829 1254 905 1318 sine
919 1255 1132 1319 necessitate
1144 1253 1291 1335 juraret,
1308 1256 1373 1318 sub
1393 1264 1492 1317 certa
1511 1270 1595 1334 qua·

362 1365 449 1428 dam
463 1382 578 1445 poena
592 1363 808 1444 pecuniaria.

429 1471 517 1536 1345.
561 1469 619 1534 Sic
633 1471 741 1533 etiam
756 1470 791 1532 in
805 1470 885 1531 loco
899 1468 1052 1550 publico,
1069 1469 1128 1531 ubi
1150 1484 1287 1532 merces
1307 1476 1540 1531 asservantur
1562 1476 1597 1529 et

366 1580 569 1643 venduntur
583 1576 836 1656 (algondz‘cum
852 1576 996 1639 arabico
1012 1576 1187 1638 vocabulo
1203 1575 1358 1655 vocant),
1382 1585 1416 1638 et
1435 1593 1504 1656 quo
1526 1592 1596 1637 ma·

366 1688 463 1750 xima
480 1686 660 1749 hominum
674 1682 862 1746 multitudo
876 1684 966 1745 solet
981 1699 1195 1745 concurrere
1211 1682 1232 1761 ⁸,
1252 1693 1332 1762 post
1347 1682 1499 1761 primam
1515 1700 1594 1745 con·

365 1795 516 1870 cionem,
544 1808 651 1871 quam
672 1790 721 1853 ibi
744 1789 888 1870 quidam
913 1806 960 1852 ex
984 1790 1116 1852 nostris
1137 1789 1270 1867 habuit,
1297 1807 1361 1870 per
1382 1806 1595 1870 praeconem

369 1901 548 1982 publicum
567 1898 738 1978 deputati,
759 1913 851 1959 unus
871 1896 1007 1959 scilicet
1027 1914 1072 1959 ex
1096 1896 1225 1977 viginti
1250 1909 1401 1978 quatuor
1426 1897 1594 1960 senatori·

369 2010 435 2082 bus
450 2006 472 2086 ³,
491 2016 525 2070 et
541 2007 631 2069 alter
642 2005 781 2085 juratus
795 2004 904 2081 urbis,
921 2003 1176 2083 prohibuerunt
1192 2022 1235 2067 ne
1250 2005 1330 2084 quis
1341 2002 1477 2083 juraret
1495 2021 1537 2067 eo
1560 2004 1596 2067 in

370 2120 461 2194 loco,
478 2114 543 2178 sub
565 2111 720 2193 quadam
741 2128 855 2190 poena
875 2111 983 2174 etiam
1004 2111 1220 2191 pecuniaria.
1244 2111 1287 2174 Et
1310 2112 1340 2173 si
1358 2108 1597 2190 juramentum

367 2222 426 2285 cui
439 2222 643 2298 excidisset,
659 2220 753 2280 laeto
767 2217 886 2279 animo
898 2218 1086 2297 pecuniam
1097 2218 1258 2281 solvebat
1269 2227 1304 2280 et
1315 2218 1596 2281 emendationem

366 2325 599 2410 proponebat.

427 2436 515 2500 1346.
558 2436 658 2498 Haec
666 2433 949 2513 juramentorum
960 2434 1135 2495 correctio
1147 2433 1280 2496 ultimis
1292 2432 1396 2513 hujus
1408 2434 1491 2497 anni
1503 2452 1595 2497 men-

366 2544 464 2606 sibus
477 2543 543 2606 luit
559 2543 751 2604 observata
765 2549 839 2602 tam
860 2539 896 2602 in
917 2540 1069 2620 publicis
1091 2540 1172 2617 viis,
1196 2540 1357 2603 ecclesiis
1379 2551 1413 2602 et
1434 2540 1597 2604 domibus

365 2641 526 2732 privatis,
544 2649 600 2713 ubi
614 2646 905 2726 nostriaderant;
918 2656 1038 2710 ettam
1050 2647 1185 2712 nobiles
1197 2666 1304 2730 quam
1315 2648 1499 2728 ignobiles,
1517 2665 1595 2729 pro·

406 2927 415 2958 ¹
444 2925 517 2969 Hunc
529 2925 607 2968 luisse
618 2931 738 2978 putamus
748 2923 889 2967 Doctorem
898 2921 1015 2967 “Fernan
1027 2923 1108 2966 Perez
1119 2923 1149 2966 de
1160 2924 1186 2968 lu
1198 2923 1305 2974 Fuente.
1314 2925 1460 2978 presidente
1469 2926 1499 2968 de
1510 2927 1536 2969 la
1546 2927 1596 2970 Au·

362 2998 466 3043 dleuclu
476 2999 507 3041 de
523 2999 562 3040 los
576 2996 691 3048 Gradus,
701 2995 788 3046 torem
802 3007 835 3038 nu
844 2995 952 3049 Zudron,
964 2995 1064 3038 Anales
1079 2995 1261 3040 eclesiasticos
1272 3009 1290 3051 y
1305 2997 1443 3040 seculares
1458 2998 1491 3042 de
1501 2999 1527 3041 la
1540 2997 1597 3042 Ciu·

364 3071 420 3114 dod
430 3071 463 3113 de
474 3069 584 3119 Sevilla,
595 3074 616 3113 t.
628 3079 666 3117 ur.
677 3069 710 3111 ad
720 3079 762 3111 an.
774 3069 824 3111 1551
834 3075 860 3111 et
871 3067 940 3120 lotan).
951 3067 994 3122 qul
1002 3069 1087 3121 plura,
1097 3078 1189 3111 severe
1204 3069 1288 3123 ulmis,
1303 3077 1331 3112 ut
1348 3070 1477 3124 aliquibus
1492 3071 1597 3114 videbu-

364 3153 416 3196 tur,
431 3142 525 3186 statuit
533 3141 566 3184 ad
578 3142 647 3184 illius
658 3139 756 3193 Regiae
767 3140 862 3183 Curiae
873 3139 1094 3183 reformationem.

404 3215 417 3246 ¹
443 3212 613 3266 “Albondlgm
625 3212 677 3254 site
685 3222 717 3254 en
727 3213 752 3254 la
763 3212 847 3264 plara.
860 3213 875 3252 1
886 3221 935 3264 que
945 3211 978 3253 dn
992 3212 1108 3254 nombre.
1118 3211 1155 3254 Es
1165 3222 1198 3254 un
1209 3217 1332 3255 suntuoso
1346 3211 1454 3266 edificio,
1471 3213 1596 3258 edificado

365 3298 413 3342 por
423 3288 462 3329 los
472 3286 568 3328 arabes
578 3295 608 3326 cn
619 3285 643 3326 el
655 3285 751 3338 tiempo
762 3283 793 3326 dc
807 3293 836 3326 su
847 3282 1018 3334 dominaciom
1026 3294 1088 3336 poro
1097 3293 1197 3336 auoque
1208 3283 1250 3326 del
1260 3290 1336 3337 gusto
1349 3285 1381 3327 de
1391 3286 1496 3339 nouella
1506 3289 1596 3340 epoca.

363 3372 393 3404 es
405 3358 503 3413 grande
513 3370 530 3412 y
541 3356 653 3398 comodo:
668 3356 737 3397 tiene
751 3365 859 3408 ungran
869 3354 942 3408 patio
954 3366 971 3410 y
984 3357 1000 3396 a
1011 3355 1036 3397 la
1047 3353 1160 3397 derecha
1171 3365 1222 3397 unu
1236 3355 1304 3398 serie
1319 3355 1350 3398 de
1365 3367 1467 3412 arcosy
1481 3357 1597 3401 bovedas

364 3432 439 3486 bajus
451 3429 584 3472 formando
599 3438 665 3480 gran
681 3430 786 3470 numero
802 3427 832 3470 de
846 3428 927 3470 calles
938 3439 969 3468 en
986 3426 1068 3470 donde
1084 3437 1112 3469 se
1122 3427 1187 3470 hace
1204 3427 1228 3470 el
1239 3427 1358 3472 mercado
1374 3429 1404 3470 de
1416 3439 1521 3482 granos.
1539 3427 1599 3485 Hay

364 3503 432 3546 local
445 3512 511 3556 para
527 3501 565 3543 lae
581 3498 687 3542 olicinas
697 3511 714 3554 y
725 3500 867 3542 asisteucla
882 3499 912 3542 de
929 3500 955 3541 lu
965 3498 1112 3550 autoridad,
1124 3498 1274 3542 habitacion
1291 3501 1390 3553 paracl
1401 3499 1511 3552 ulcalde,
1527 3511 1598 3554 espa·

363 3575 447 3617 closos
457 3573 611 3616 nlmucencs.
623 3581 641 3626 y
651 3572 676 3613 al
688 3570 771 3612 irente
782 3571 812 3613 de
823 3571 849 3614 la
860 3571 971 3613 entrada
983 3581 1010 3612 se
1023 3577 1163 3613 encuentra
1175 3581 1208 3612 un
1219 3570 1291 3624 patio
1302 3573 1418 3624 pequello
1433 3583 1480 3614 con
1495 3571 1597 3616 habitu·

362 3646 459 3697 clones,
470 3657 488 3700 y
497 3645 536 3687 los
545 3644 658 3697 grandes
668 3643 815 3686 almacenes
825 3642 866 3685 del
879 3641 1115 3696 Posito-montano
1126 3642 1156 3684 de
1168 3653 1216 3695 que
1227 3643 1362 3686 bublamos
1373 3655 1404 3686 en
1416 3651 1473 3687 otro
1484 3644 1568 3698 loger.

418 3715 497 3759 Como
508 3718 524 3758 a
534 3716 560 3757 la
570 3714 706 3768 conquisto
716 3725 748 3756 no
759 3715 857 3758 llevase
868 3715 891 3756 el
900 3712 982 3756 Santo
994 3711 1049 3767 Rey
1060 3724 1091 3756 en
1101 3724 1131 3754 su
1141 3712 1251 3764 olercito
1259 3723 1370 3768 masque
1378 3715 1498 3758 soldados
1509 3727 1525 3770 y
1537 3714 1596 3759 frel-

365 3790 403 3831 les
414 3794 487 3830 entre
498 3785 604 3840 quienes
614 3797 641 3827 se
653 3785 711 3828 bizo
721 3788 745 3828 el
757 3792 863 3840 reparto
874 3785 905 3827 de
919 3786 945 3827 la
961 3784 1062 3836 cludad,
1074 3795 1090 3838 y
1102 3795 1134 3826 no
1149 3784 1223 3827 luera
1239 3785 1329 3838 propio
1345 3785 1375 3828 de
1392 3793 1450 3828 esta
1463 3793 1542 3839 gente
1558 3788 1598 3830 las

363 3859 536 3913 ocupeclonee
545 3857 699 3910 mecanicae,
709 3857 791 3910 qnedo
802 3859 828 3900 lu
838 3856 984 3910 Albondlga
993 3857 1018 3898 ul
1027 3855 1136 3898 culdado
1147 3856 1178 3900 de
1187 3857 1225 3900 los
1233 3856 1338 3900 mismos
1346 3859 1448 3910 arabes,
1460 3869 1509 3912 que
1520 3859 1597 3902 besta

364 3937 487 3974 entonces
497 3929 593 3972 bablan
603 3928 690 3971 tenldo
701 3933 759 3971 esta
769 3927 919 3981 ocupacton,
929 3939 947 3982 y
957 3939 984 3970 sc
995 3928 1034 3970 les
1043 3929 1132 3971 scdulo
1143 3939 1208 3982 para
1218 3927 1323 3972 habitur
1333 3940 1367 3972 un
1378 3929 1466 3972 barrio
1476 3931 1598 3984 contiguo

364 4013 414 4057 que
424 4004 474 4045 adn
486 4011 513 4042 sc
524 4001 639 4042 llama‘la
650 3999 805 4054 Morerr'a,y
817 4000 851 4042 ba
859 3999 1046 4053 desaparecido
1056 3999 1110 4043 casi
1121 4011 1154 4042 en
1164 4011 1194 4042 su
1203 4000 1332 4066 totalidad
1342 4002 1425 4056 porei
1440 4001 1543 4045 derribo
1555 4002 1597 4045 del

364 4073 469 4117 euertel
480 4072 511 4114 de
523 4071 575 4114 San
588 4071 679 4114 Pcdro.

419 4144 459 4188 La
468 4144 617 4196 Albondrga
627 4155 654 4185 se
666 4141 732 4196 rlglo
744 4143 937 4196 mucbosslglos
949 4153 995 4197 por
1006 4144 1046 4186 las
1057 4143 1217 4186 ordenunzas
1227 4155 1276 4198 que
1286 4144 1310 4186 le
1320 4144 1409 4188 dierou
1419 4147 1457 4188 los
1466 4156 1543 4202 reyes
1551 4145 1600 4190 Ce-
1661 4195 1662 4199 ,

366 4218 458 4260 tolicos
468 4227 499 4257 en
511 4217 534 4258 ll
546 4215 577 4257 de
586 4227 662 4270 mayo
673 4215 703 4256 de
717 4214 768 4256 1479
778 4226 796 4269 y
805 4215 914 4268 despues
925 4225 972 4268 por
982 4215 1022 4258 las
1033 4226 1081 4269 que
1092 4215 1144 4258 han
1155 4215 1258 4268 exlgldo
1270 4217 1309 4258 las
1319 4215 1524 4262 circonstancias
1534 4229 1599 4272 paru

365 4289 391 4330 cl
400 4290 468 4331 buen
478 4288 557 4330 orden
567 4297 599 4328 en
610 4287 635 4329 la
647 4296 751 4338 compre
763 4297 779 4339 y
789 4293 870 4330 vente
880 4287 911 4329 de
926 4296 1052 4342 granosy
1064 4287 1230 4340 regularidrrd
1245 4288 1287 4330 del
1302 4289 1397 4332 abacto
1412 4288 1536 4343 publice,
1546 4287 1599 4333 Mn·

367 4370 422 4413 ooz,
433 4360 450 4402 l.
462 4369 493 4408 c..
504 4364 524 4401 t.
535 4369 588 4410 xiv,
601 4358 682 4400 verbo
694 4356 818 4400 Sevrtna.

406 4429 418 4463 ⁸
445 4429 659 4472 “Verurrcurrao
669 4427 783 4482 Regldor
793 4429 824 4471 de
835 4429 1033 4484 ayuntanrlento
1044 4429 1074 4472 de
1090 4431 1200 4483 algunas
1212 4431 1334 4474 cludades
1349 4432 1380 4474 de
1397 4431 1551 4486 Andalucle,
1563 4443 1600 4476 se·

367 4503 420 4554 gun
430 4503 455 4544 el
466 4501 574 4554 antloeuo
584 4500 700 4554 regimen
710 4499 873 4553 municipal„
884 4498 1054 4544 Diccionario
1064 4501 1097 4544 de
1107 4501 1135 4544 la
1147 4501 1216 4544 Real
1231 4502 1378 4545 Academia
1389 4503 1598 4558 asperiore-lli,

365 4583 442 4616 secus
452 4583 482 4616 nc
492 4573 594 4626 Jarotr]
604 4583 637 4613 ex
648 4571 817 4614 nobilioribus
827 4571 945 4614 civitatis
960 4571 1125 4626 eligebantur
1136 4581 1161 4616 et
1173 4585 1264 4617 munus
1274 4585 1347 4617 suum
1362 4585 1412 4617 uon
1422 4586 1472 4619 uno
1487 4582 1597 4630 tantum,

367 4651 397 4688 ut
406 4645 453 4698 illi,
463 4655 530 4687 anno
540 4645 697 4686 exercebant
707 4643 752 4686 sed
763 4644 887 4697 pluribus,
903 4643 1055 4698 quandoque
1067 4646 1146 4688 ctiam
1162 4657 1208 4700 per
1225 4655 1306 4689 rotam
1322 4646 1413 4690 uitam.
1429 4647 1598 4693 Vocabantur

365 4715 536 4760 communiter
547 4713 684 4757 Cabalieru
695 4715 882 4758 veinticuatro.
