3717 5400
380 1318 449 1382 DE
485 1319 733 1386 MISSIONE
767 1323 810 1387 P.
848 1323 1027 1389 PONTII
1063 1325 1379 1394 COGORDANI

497 1639 542 1682 ET
564 1638 678 1684 PRIMIS
698 1639 812 1684 INITIIS
834 1639 997 1685 COLLEGII
1018 1640 1272 1686 AVENIONENSIS

325 2018 395 2082 943.
439 2018 608 2101 Superius
625 2021 808 2102 attigimus
824 2023 1030 2101 ingratiam
1046 2022 1246 2089 Cardinalis
1267 2024 1351 2090 85²⁸
1369 2025 1498 2093 Crucis·

265 2126 414 2190 missum
430 2128 539 2191 fuisse
554 2127 592 2191 P.
610 2127 773 2192 Pontium
795 2127 815 2207 ¹,
843 2130 904 2210 qui
928 2128 1111 2194 Romanae
1136 2132 1262 2196 domus
1286 2144 1499 2213 procurator

264 2245 354 2312 erat,
371 2241 409 2296 ut
425 2232 609 2314 cujusdam
621 2229 829 2299 monasterii
841 2236 1087 2300 reformationi
1098 2239 1135 2300 in
1148 2236 1336 2303 Provincia
1348 2258 1495 2320 operam

264 2340 377 2405 daret.
394 2342 438 2405 Et
454 2343 536 2422 quia
557 2341 758 2407 Cardinalis
779 2343 984 2422 FarnesiuS,
1007 2344 1230 2409 Avenionem
1251 2346 1492 2429 proficiscens,

263 2447 361 2512 Patri
376 2449 515 2529 Ignatio
530 2450 725 2530 scripserat
740 2450 892 2531 aliquem
907 2451 952 2514 de
973 2450 1150 2516 Societate
1171 2461 1294 2516 nostra
1315 2455 1493 2534 postulan-

262 2555 320 2636 do,
338 2556 439 2637 cujus
455 2556 584 2620 ibidem
599 2573 709 2637 opera
723 2567 899 2636 uteretur,
913 2557 1033 2638 jnssus
1047 2568 1101 2622 est
1122 2558 1214 2623 idem
1233 2560 1272 2624 P.
1293 2559 1440 2625 Pontius
1459 2572 1495 2625 et

262 2663 345 2727 huic
360 2663 468 2727 etiam
480 2663 597 2745 iustae
612 2665 842 2745 postulationi
857 2664 1058 2730 Cardinalis
1073 2683 1138 2747 pro
1154 2668 1248 2731 virili
1269 2677 1370 2749 parte
1391 2671 1493 2733 satis·

260 2770 391 2835 lacere.
421 2772 535 2835 Roma
565 2788 651 2852 ergo
681 2771 864 2852 proiectus
893 2790 1016 2837 mense
1044 2773 1239 2837 Februario
1266 2775 1492 2840 Cardinalem

262 2877 410 2943 Gradoli
426 2878 437 2909 ¹
454 2879 463 2945 l
467 2878 511 2942 ad
526 2880 705 2943 Ducatum
721 2878 841 2943 Castri
854 2882 955 2943 locus
966 2881 997 2944 is
1007 2881 1171 2961 pertinet)
1184 2882 1330 2962 invenit,
1344 2884 1404 2964 qui
1414 2900 1492 2963 per·

260 2987 362 3049 lectis
388 2986 515 3049 litteris
539 2985 740 3050 Cardinalis
760 2985 843 3052 8³²⁰
868 2986 995 3051 Crucis
1019 3006 1063 3052 ac
1088 2988 1126 3051 P.
1153 2989 1294 3069 Ignatii,
1320 2990 1493 3054 laetitiam

259 3110 346 3174 prae
361 3112 400 3157 se
415 3093 532 3157 serens
547 3111 618 3157 non
634 3094 860 3175 mediocrem,
882 3105 916 3158 et
937 3094 1080 3159 Patrem
1101 3094 1267 3159 Pontium
1289 3114 1371 3160 cum
1393 3098 1491 3161 socio

255 3200 350 3284 Julio
366 3200 514 3265 Onoirio
527 3198 550 3279 ⁸,
567 3202 786 3281 perbenigne
802 3202 998 3283 accipiens:
1017 3203 1198 3282 “bonam„
1214 3203 1338 3284 inquit,
1361 3205 1476 3268 “socie

257 3318 367 3373 tatem
381 3307 417 3371 in
432 3307 501 3371 hoc
515 3308 641 3373 itinere
655 3308 843 3373 habiturus
858 3326 970 3385 sum,.

316 3415 387 3479 944.
430 3414 519 3478 Tres
536 3424 653 3479 autem
669 3417 834 3480 triremes
848 3416 1034 3479 habiturus
1048 3424 1127 3479 erat
1140 3416 1245 3479 valde
1259 3416 1371 3481 bonas
1390 3415 1489 3481 Prio-

255 3524 306 3587 ris
321 3522 478 3603 Capuae,
495 3522 531 3584 in
546 3522 672 3602 quibus
686 3522 884 3587 Marsiiiam
899 3540 937 3585 se
958 3521 1136 3586 conferret
1158 3520 1181 3585 ⁴.
1202 3522 1346 3587 Interim
1368 3534 1488 3590 tamen

255 3629 384 3709 nostri,
408 3629 564 3708 quandiu
589 3627 737 3692 Gradoli
759 3629 968 3709 haeserunt,
992 3629 1132 3693 abunde
1159 3630 1367 3709 patientiam
1388 3649 1486 3695 excr-

255 3736 358 3801 cendi
384 3737 609 3799 occasionem
633 3736 847 3814 habuerunt,
875 3736 970 3818 quod
996 3738 1042 3800 ad
1066 3736 1321 3800 habitationem
1346 3739 1485 3817 attinet,

255 3862 335 3909 cum
351 3853 470 3907 tamen
491 3842 539 3906 ibi
553 3843 668 3921 frigus
689 3843 883 3907 vehemens
903 3844 1054 3923 vigeret,
1076 3845 1158 3908 licet
1178 3843 1378 3907 Cardinalis
1392 3846 1487 3907 serio

252 3960 292 4015 ut
306 3950 438 4015 nostris
452 3950 697 4031 prospicerent
711 3950 784 4013 suis
800 3950 1011 4031 injunxerit;
1032 3949 1150 4015 triduo
1172 3961 1302 4030 autem,
1326 3951 1485 4032 quodibi

252 4060 368 4141 primo
383 4066 594 4137 exegerunt,
616 4056 809 4138 quamdam
829 4058 1057 4122 concordiam
1078 4076 1150 4121 non
1172 4059 1293 4139 exigui
1315 4061 1484 4123 momenti

290 4304 298 4336 ¹
329 4302 436 4347 Patrem
446 4300 565 4346 Pontium
575 4301 766 4355 cogordanum.
775 4301 841 4346 Vide
853 4314 940 4357 supra.
948 4314 1009 4357 pag.
1018 4303 1040 4356 8,
1050 4316 1075 4346 ιι.
1085 4302 1108 4348 8.

288 4376 299 4407 ¹
328 4373 453 4430 Oppidum
464 4373 489 4418 in
500 4372 641 4417 Pontificlie
653 4372 770 4418 statibus
780 4376 813 4418 ad
823 4375 907 4419 lacum
918 4373 1055 4419 Bolsenne.

290 4448 301 4479 ὅ
329 4446 360 4490 P.
373 4446 441 4499 Julio
451 4444 550 4489 onrroi.

287 4520 300 4553 ⁴
327 4519 402 4563 Prior
413 4517 518 4568 Capuae
532 4518 609 4570 <quae
624 4516 739 4571 dignitus
756 4524 796 4563 eet
813 4520 837 4563 in
855 4518 1028 4563 Melitensium
1043 4519 1159 4574 equitum
1174 4517 1288 4573 Ordinel,
1304 4517 1358 4563 Leo
1374 4517 1482 4573 Strozri,

247 4592 339 4648 paucis
350 4598 410 4634 ante
425 4588 555 4632 mensibus
569 4588 670 4633 occisus
685 4588 779 4634 iuerat.
794 4590 923 4635 Dicuntur
940 4597 1028 4635 nutem
1043 4590 1093 4634 hae
1108 4591 1229 4634 triremes
1243 4590 1351 4634 Priores
1367 4590 1485 4645 Capuae,

250 4664 311 4718 qula
321 4662 354 4707 nd
364 4663 475 4705 classem
485 4660 658 4713 pertinebant,
670 4660 710 4705 cul
721 4661 870 4715 praelectus
882 4663 925 4706 ille
937 4664 1031 4707 iuerat.
1039 4662 1104 4717 Ejus
1112 4662 1169 4706 loco
1180 4665 1291 4705 classem
1298 4663 1484 4716 regebatnunc

248 4734 349 4780 Bacrio
359 4732 480 4777 Marulli
488 4730 640 4785 florentino.
651 4732 718 4776 Vide
728 4733 805 4789 inira,
817 4746 840 4778 n.
852 4746 904 4789 seq.
917 4743 1004 4779 annot.
1014 4736 1037 4780 t.
