3717 5400
822 487 886 544 As.
910 487 980 544 1355
1464 487 1516 546 281

342 632 413 696 768.
457 632 640 697 Coloniam
653 632 772 714 itaque
788 632 902 708 rediit,
919 641 954 694 et
969 631 1006 695 P.
1031 631 1207 712 ignatium
1229 631 1409 696 consuluit
1430 633 1517 712 quid

279 739 376 804 iacto
387 757 476 820 opus
487 748 591 818 esset,
604 756 687 803 nam
695 739 770 820 ipse
783 741 934 820 populus
944 739 1033 802 bene
1041 755 1129 818 erga
1139 737 1354 803 Societatem
1366 737 1516 803 affectus

279 855 372 926 erat3
388 855 423 910 et
437 845 469 910 si
483 846 662 910 videretur
676 845 843 927 expedire
861 856 899 909 ut
918 845 1050 909 rediret
1072 845 1334 925 Noviomagum
1365 855 1404 908 ut
1421 845 1517 926 sigil-

283 954 383 1017 latim
397 954 441 1017 de
462 953 567 1017 rebus
591 951 785 1035 Societatis
804 951 977 1032 primores
1002 951 1081 1015 iilos
1096 952 1319 1030 informaret,
1344 969 1383 1016 se
1402 935 1521 1034 prom-¹

283 1069 382 1141 ptum
391 1059 527 1124 obtulit.
536 1059 681 1123 Interim
693 1059 798 1123 amici
808 1060 1106 1139 noviomagenses
1118 1060 1278 1134 calicem,
1293 1063 1469 1138 ampullas
1481 1070 1517 1124 et

282 1185 408 1249 pacem
423 1177 632 1247 argenteam
660 1173 669 1207 ¹
696 1168 732 1229 in
757 1183 861 1231 usum
889 1165 1075 1230 Societatis
1102 1175 1330 1246 paraverant;
1353 1178 1388 1231 et
1411 1167 1516 1247 virgo

278 1275 469 1356 quaedam,
486 1275 620 1355 optima
634 1291 700 1337 sua
721 1274 945 1348 vestimenta,
966 1273 1002 1335 in
1021 1290 1125 1336 usum
1147 1281 1441 1337 ornamentorum
1462 1292 1518 1337 ec·

279 1382 414 1444 ciesiae
427 1381 630 1461 reliquerat,
652 1389 687 1444 et
707 1381 872 1461 plurima,
888 1398 981 1460 quae
997 1379 1043 1443 ad
1063 1379 1224 1442 ornanda
1246 1380 1374 1443 altaria
1400 1391 1435 1443 et
1450 1379 1518 1443 Dei

279 1490 417 1552 cultum
428 1487 664 1568 pertinebant,
688 1501 1013 1568 praeparaverant.

343 1594 413 1658 769.
457 1593 630 1674 Cupiebat
644 1603 761 1657 autem
774 1594 848 1674 ipse
865 1593 901 1656 Ρ.
918 1593 1127 1657 Leonardus
1138 1611 1181 1656 eo
1195 1594 1322 1672 redire,
1341 1603 1516 1672 cumpost

284 1703 437 1782 primum
450 1701 548 1764 illum
562 1701 719 1764 furorem
737 1701 898 1763 homines
918 1701 997 1763 illos
1016 1700 1279 1763 tractabiliores
1301 1700 1377 1763 iore
1396 1717 1517 1780 spera·

281 1819 338 1872 ret
352 1813 373 1871 2.
387 1805 425 1870 Ρ.
443 1818 562 1871 autem
576 1806 740 1871 Canisius
755 1824 830 1870 rem
841 1809 935 1870 hanc
951 1824 1022 1870 non
1038 1825 1116 1870 esse
1129 1807 1423 1870 contemnendam
1435 1825 1517 1871 cen-

279 1913 396 1992 sebat,
409 1932 454 1978 ne
469 1915 536 1977 hac
552 1913 740 1977 occasione
754 1912 912 1977 diabolus
930 1913 1114 1976 infamiam
1131 1913 1320 1977 Societatis
1340 1914 1376 1976 in
1395 1914 1516 1979 vicina

279 2021 392 2085 etiam
406 2023 485 2084 ioca
500 2020 716 2098 extenderet,
729 2030 763 2083 et
779 2020 912 2082 aditum
924 2017 1094 2083 Societati
1106 2020 1319 2098 occluderet‚
1333 2020 1436 2101 quasi
1446 2019 1517 2083 No·

192 2125 195 2132 ’
284 2128 451 2207 viamago
466 2127 589 2191 suisset
614 2128 762 2206 expulsa
788 2123 811 2204 ’ς
833 2136 868 2189 et
893 2128 983 2189 satis
1010 2127 1197 2189 constabat
1223 2127 1433 2190 daemonem
1447 2129 1517 2208 iper

285 2235 472 2316 religiosos
486 2234 564 2298 iilos
579 2245 614 2297 et
633 2233 807 2314 quosdam
831 2233 1037 2296 lutheranos
1054 2233 1145 2296 hanc
1170 2233 1395 2312 tragoediam
1420 2235 1518 2296 exci-

279 2352 390 2420 tasse,
415 2351 452 2404 ut
468 2340 659 2421 spiritualis
678 2341 825 2416 fructus,
844 2340 903 2419 qui
919 2356 1080 2402 crescere
1094 2339 1310 2419 Noviomagi
1324 2352 1513 2420 coeperat,

283 2450 527 2531 impediretur.

342 2553 414 2618 770.
457 2554 624 2618 Decanus
653 2556 760 2618 etiam
784 2555 957 2618 ecclesiae
986 2553 1301 2632 Noviomagensis,
1328 2572 1409 2618 cum
1438 2555 1516 2634 ipso

283 2659 321 2727 P.
337 2661 524 2727 Leonardo
540 2661 707 2727 Coloniae
722 2678 834 2741 agens
849 2658 871 2739 ⁴,
888 2661 1004 2724 redire
1017 2677 1097 2724 cum
1112 2659 1236 2724 eodem
1247 2659 1512 2741 Noviomagum

283 2770 436 2849 volebat,
450 2781 488 2833 ut
503 2788 545 2833 ea
567 2770 704 2833 ratione
729 2768 931 2849 Capitulum
954 2768 1136 2831 Ecclesiae
1161 2770 1277 2847 magis
1300 2769 1513 2833 benevolum

285 2877 502 2941 redderetur.
523 2876 592 2940 Sed
608 2887 642 2940 et
661 2876 700 2939 P.
722 2876 881 2955 ignatius
906 2875 1041 2938 litteras
1067 2874 1111 2937 ad
1138 2885 1301 2939 senatum
1324 2877 1440 2957 ipsum
1454 2894 1516 2939 no·

285 2984 555 3064 viomagensem
569 2982 664 3046 dedit
687 2980 710 3061 5;
735 2993 769 3045 et
792 2982 908 3058 amici,
935 2982 995 3060 qui
1019 2980 1232 3061 Noviomagi
1261 2983 1512 3061 versabantur,

284 3090 419 3154 litteras
434 3091 549 3170 sigillo
564 3090 703 3169 publico
719 3090 873 3152 munitas
887 3088 931 3151 de
951 3088 1141 3152 donatione
1165 3087 1351 3151 domorum
1367 3090 1510 3153 illarum

279 3197 329 3259 ad
342 3194 379 3261 P.
397 3196 623 3259 Leonardum
638 3196 908 3258 transmiserant
924 3192 948 3257 ⁰.

343 3302 413 3367 771.
458 3302 599 3367 Accidit
613 3302 720 3365 etiam
736 3319 840 3365 casus
854 3302 998 3381 quidam
1015 3302 1102 3364 satis
1118 3302 1268 3365 acerbus
1284 3300 1516 3380 Noviomagi:

278 3412 406 3474 consul
418 3411 487 3486 iiie,
504 3410 563 3489 qui
578 3409 764 3473 consilium
786 3409 882 3471 dedit
901 3406 1063 3488 ejiciendi
1081 3426 1127 3471 ex
1151 3409 1241 3471 urbe
1267 3408 1409 3472 Patrem
1430 3410 1519 3473 Leo-

281 3518 444 3597 nardum,
463 3518 552 3580 duos
566 3516 719 3579 habebat
734 3514 835 3594 iiiios,
858 3532 1008 3595 quorum
1026 3517 1116 3578 alter
1135 3516 1180 3577 ab
1200 3518 1311 3579 altero
1327 3518 1520 3581 crudeliter

325 3722 333 3755 ¹
362 3722 422 3765 Pax
431 3728 541 3766 vocetur
550 3722 757 3771 instrumentum,
766 3718 832 3774 quod
843 3720 911 3763 inter
920 3719 1057 3763 Misssrum
1065 3721 1199 3771 solemnia,
1208 3722 1285 3775 paulo
1294 3727 1355 3765 ante
1365 3724 1521 3766 communio·

281 3803 350 3847 nem,
361 3794 455 3849 populo
466 3794 633 3837 osculandum
644 3794 793 3845 praebetur.
803 3790 915 3835 “Concu
924 3790 1026 3845 Hispal.
1035 3803 1093 3835 ann.
1104 3793 1163 3845 1512,
1177 3793 1362 3847 luterilispun.
1372 3802 1392 3837 t.
1402 3804 1437 3845 ιν,
1449 3807 1474 3848 p.
1483 3794 1520 3848 26,

279 3873 317 3906 ex
326 3862 465 3907 constitut.
478 3862 547 3906 Card
566 3862 600 3905 cie
610 3861 750 3905 Mendoau:
763 3860 828 3903 item
838 3862 899 3914 quia
909 3862 1057 3915 experimur
1068 3862 1134 3916 quod
1144 3862 1199 3905 iere
1209 3862 1234 3906 ln
1244 3865 1362 3907 omnibus
1372 3865 1518 3909 ecclesiis...

283 3934 350 3978 solet
362 3935 459 3988 porrigi
473 3934 526 3977 Pax
538 3944 594 3977 cum
605 3932 706 3987 patenis
717 3934 876 3976 consecratis
887 3933 962 3986 'quod
973 3933 1040 3975 cedit
1051 3933 1078 3975 in
1089 3933 1199 3976 dedecus
1210 3941 1236 3977 et
1250 3934 1417 3988 vilipendium
1432 3936 1515 3979 dicta·

282 4016 341 4049 rum
351 4014 540 4060 paterarum)...
552 4012 691 4059 propterea
701 4005 852 4048 mandamus
862 4010 889 4047 ut
900 4004 925 4047 in
937 4004 1054 4047 omnibus
1070 4005 1187 4048 ecclesiis
1200 4003 1263 4048 fiant
1277 4006 1358 4049 Peces
1373 4013 1516 4060 argenteae

281 4078 326 4121 vel
336 4078 437 4131 ligneae
449 4084 502 4119 tam
514 4088 560 4130 pro
570 4076 634 4119 viris
645 4086 722 4129 quam
732 4088 778 4129 pro
789 4076 962 4126 mulieribus..
974 4075 1013 4117 Du
1024 4073 1121 4125 Cauca,
1134 4076 1315 4119 Glossarium.

322 4148 333 4178 ¹
359 4148 482 4201 “Quidum
500 4147 753 4199 Noviomagensiuru,
771 4154 800 4189 vt
816 4147 868 4190 iam
883 4148 1045 4200 experientia
1060 4147 1146 4193 didici.
1156 4156 1215 4191 sunt
1228 4150 1344 4193 homines
1359 4151 1515 4195 mirabiliter

282 4220 380 4274 furiosi,
391 4227 483 4275 postea
494 4226 580 4263 tamen
596 4219 738 4263 redduntur
748 4219 965 4270 tractabiliores„
976 4218 1065 4261 Kessei
1081 4218 1183 4271 ignatio
1195 4222 1219 4261 li
1230 4220 1243 4243 ⁸
1253 4220 1311 4271 ‚lam
1326 4221 1385 4264 lix'tb.
1396 4220 1518 4265 Litterae

279 4290 512 4344 Quaanmesrres,
522 4300 542 4334 t.
555 4302 593 4343 ru,
605 4302 666 4345 pag.
680 4290 728 4333 250.

322 4362 334 4396 ⁸
361 4364 493 4408 Permovit
505 4364 589 4414 vaide,
602 4370 629 4406 ut
638 4373 687 4417 par
697 4368 764 4412 erut,
773 4360 904 4405 Canisium
914 4361 956 4405 bic
967 4360 1209 4415 Noviomagensium
1218 4366 1346 4409 adversus
1356 4364 1517 4411 Societatem

281 4435 391 4487 animum
401 4436 459 4479 ideo
471 4436 642 4479 Wichmanno
654 4446 705 4478 van
715 4435 764 4478 den
775 4434 852 4488 Berg,
863 4433 1064 4487 Noviomagensi
1075 4436 1182 4485 consuli,
1193 4434 1335 4480 Theresiae
1345 4436 1432 4487 fratri,
1441 4437 1521 4482 Vien-

282 4516 319 4550 na
328 4506 356 4549 23
367 4506 427 4562 Mali
438 4508 514 4562 hujus
524 4508 584 4551 anni
595 4508 698 4550 litteras
707 4506 784 4559 dedit,
799 4517 863 4560 ques
877 4507 958 4549 hebes
968 4506 1036 4559 apud
1049 4506 1261 4555 liunus-sannone,
1272 4510 1289 4550 l.
1302 4520 1333 4561 n,
1341 4519 1403 4563 pag.
1413 4508 1517 4553 illidii.

324 4580 336 4611 ⁴
362 4578 429 4622 Vide
438 4578 559 4623 Litterae
569 4578 799 4631 Quadrimesires,
810 4584 826 4621 t.
833 4588 871 4629 ιιι,
882 4590 943 4633 pag.
951 4578 993 4622 398
1002 4588 1028 4621 et
1038 4580 1086 4622 755.

326 4650 339 4683 ³
365 4650 419 4695 Eas
429 4653 510 4695 babes
520 4652 546 4695 iu
558 4650 652 4695 Curias
662 4652 695 4693 de
706 4649 761 4693 San
770 4649 888 4703 Ignacio,
900 4657 917 4694 t.
930 4664 956 4702 v,
965 4662 1027 4705 pag.
1042 4652 1081 4694 133
1091 4659 1117 4694 et
1126 4651 1176 4695 365.

327 4720 340 4755 ⁰
366 4723 434 4767 Vide
445 4734 531 4777 supra,
543 4734 603 4777 pag.
614 4722 662 4775 278,
672 4734 697 4765 n.
708 4724 757 4765 763.
