3717 5400
831 499 894 557 Αιι.
917 498 987 555 15ὀ5
1468 498 1524 558 ‘267

285 643 344 706 sis
359 644 380 722 ⁸,
397 644 509 724 quise
524 644 689 707 comitem
702 645 877 707 obtulerat
897 643 942 707 ad
957 644 1137 724 principes
1157 642 1351 722 adeundos,
1372 653 1522 724 propter

289 750 431 831 aliquas
446 751 697 830 occupationes
715 752 870 830 negabat
891 768 929 814 se
950 768 1054 831 posse
1073 752 1166 814 banc
1186 751 1512 830 peregrinationem

293 857 423 937 tacere,
452 856 674 938 Trigestinus
699 859 906 940 Episcopus,
933 859 1075 921 natione
1101 858 1284 938 hispanuS,
1301 857 1517 936 cognomine

295 963 513 1045 Chastiliego
528 964 550 1043 ¹,
567 983 670 1028 suam
684 982 829 1045 operam
845 964 888 1028 D.
907 964 1012 1028 Petro
1024 966 1149 1029 obtulit
1161 964 1206 1027 ad
1217 965 1473 1045 Imperatorem
1484 971 1521 1026 et

295 1069 448 1151 Angliae
460 1071 593 1152 Regem
605 1071 879 1151 conveniendos;
893 1073 954 1152 qui
964 1073 1079 1151 magis
1091 1073 1240 1136 idoneus
1250 1069 1296 1134 ad
1308 1071 1376 1135 hoc
1390 1086 1522 1134 munus

292 1179 493 1257 videbatur,
510 1195 590 1242 cum
604 1179 771 1259 egregius
785 1191 878 1242 esset
893 1179 1125 1242 concionator
1140 1188 1174 1240 et
1188 1179 1223 1241 in
1248 1177 1356 1241 rebus
1380 1179 1524 1242 theolo-

288 1285 384 1364 :gicis
399 1286 503 1348 valde
518 1287 686 1348 eruditus.
703 1286 746 1350 Ei
760 1297 879 1350 autem
894 1285 1045 1364 injunxit
1058 1285 1300 1348 Romanorum
1320 1283 1398 1349 Rex
1417 1285 1513 1363 (nam

288 1389 370 1470 ejus
384 1393 609 1473 episcopatus
624 1390 845 1473 'l'rigestinus
865 1395 928 1457 sub
948 1393 1104 1456 dominio
1124 1393 1234 1472 ipsius
1259 1395 1360 1472 erat),
1388 1402 1425 1455 ut
1447 1392 1517 1456 hoc

296 1499 362 1561 iter
377 1499 423 1562 ad
437 1498 620 1579 Principes
635 1501 849 1564 christianos
859 1501 1073 1579 susciperet.

352 1604 423 1668 743.
468 1604 559 1685 Quia
573 1616 692 1671 tamen
708 1606 744 1668 P.
762 1605 898 1670 Natalis
913 1606 1134 1686 conjiciebat,
1151 1614 1245 1670 etex
1260 1614 1360 1686 parte
1376 1623 1397 1668 a
1419 1605 1523 1668 Nun·

295 1713 343 1774 tio
358 1713 553 1792 apostolico
573 1713 748 1790 audiebat,
774 1730 843 1776 non
866 1730 1082 1793 magnopere
1102 1711 1146 1776 ad
1166 1711 1449 1776 aedificationem
1467 1712 1519 1774 sa·

290 1835 386 1896 cere,
399 1826 437 1881 ut
448 1819 527 1883 finis
539 1819 842 1883 confraternitatis
854 1819 956 1900 hujus
967 1820 1147 1883 videretur
1159 1819 1316 1899 Collegia
1328 1818 1520 1883 Societatis

292 1925 407 1988 variis
430 1926 468 1988 in
491 1927 579 1989 locis
602 1928 830 2005 constituere,
857 1945 901 1990 ne
919 1927 966 1990 ad
985 1924 1184 2004 huiusmodi
1206 1942 1316 2006 opera
1337 1925 1521 1990 videretur

295 2031 384 2094 haec
414 2049 477 2111 per
510 2034 632 2096 orbem
660 2034 849 2114 postulatio
879 2044 912 2096 et
941 2033 1201 2113 quodammodo
1231 2043 1399 2112 quaestus
1428 2032 1515 2107 fieri;

295 2139 339 2203 D.
356 2140 499 2204 Petrum
514 2142 556 2204 de
572 2142 699 2206 Zarate
715 2141 907 2218 admonuit,
921 2143 981 2220 qui
992 2142 1140 2205 libenter
1152 2143 1248 2220 quod
1259 2141 1520 2219 suggerebatur

291 2248 445 2327 accepit,
462 2258 500 2311 ut
515 2249 631 2328 potius
646 2250 739 2328 quod
754 2249 879 2328 ipsein
895 2249 1013 2311 animo
1035 2248 1199 2324 habebat,
1223 2247 1267 2310 de
1288 2247 1379 2309 bello
1400 2247 1522 2309 navali

291 2363 420 2417 >contra
434 2353 591 2418 infideles
605 2356 774 2434 gerendo,
791 2372 897 2435 quarn
908 2356 952 2418 de
964 2355 1123 2433 collegiis
1134 2352 1323 2417 Societatis
1334 2353 1516 2416 instituen-

286 2460 359 2540 dis,
377 2479 457 2524 cum
472 2462 690 2543 principibus
704 2474 738 2525 et
753 2479 875 2525 eorum
894 2462 1065 2525 ministris
1079 2471 1213 2540 ageret;
1230 2461 1395 2541 quamvis
1418 2460 1518 2540 ipsae

293 2567 430 2631 litterae
446 2569 662 2648 apostolicae
678 2569 908 2648 collegiorum
923 2569 1138 2631 mentionem
1157 2566 1315 2631 facerent
1334 2565 1357 2646 ’ς
1382 2576 1518 2630 etcum

288 2675 339 2739 ab
358 2675 435 2756 ipso
457 2674 494 2739 P.
515 2675 652 2740 Natalis
672 2676 852 2756 Dilingam
875 2693 983 2757 usque
1003 2685 1122 2739 mutuo
1144 2675 1357 2756 postulasset
1376 2674 1445 2739 duo
1462 2673 1518 2754 jn-

290 2792 424 2860 menta,
441 2784 533 2847 dono
549 2802 590 2847 ea
606 2785 712 2860 dedit,
730 2795 766 2846 ut
784 2784 932 2847 Romam
946 2801 1057 2863 usque
1078 2785 1129 2846 eis
1150 2792 1306 2846 uteretur
1325 2792 1359 2845 et
1381 2783 1517 2845 nostris

289 2890 421 2954 deinde
437 2892 568 2953 utenda
583 2892 694 2955 daret.

353 2996 423 3060 744.
465 2998 561 3061 idem
573 2996 617 3061 D.
632 2998 760 3062 Zarate
774 3000 1028 3078 impetraverat
1041 2997 1207 3060 unionem
1218 2996 1402 3076 cujusdam
1413 2997 1518 3059 bene·

292 3104 364 3167 ficii
378 3105 497 3186 oppidi
508 3104 551 3168 de
566 3104 716 3169 Garoias
731 3103 753 3184 ⁴,
768 3104 993 3169 Placentinae
1005 3105 1188 3183 dioecesiS,
1203 3103 1248 3167 ad
1260 3104 1516 3167 institutionem

287 3212 446 3291 ¹collegii,
463 3211 556 3293 quod
571 3213 699 3276 ibidem
714 3212 789 3275 fieri
804 3212 978 3292 cupiebat,
995 3223 1029 3275 et
1044 3229 1124 3275 cum
1136 3211 1263 3276 Sedem
1276 3211 1523 3291 Apostolicam

291 3333 426 3382 vacare
439 3320 679 3389 intellexisset,
696 3320 846 3399 urgebat
865 3320 991 3383 litteris
1007 3330 1043 3381 ut
1064 3338 1106 3382 eo
1125 3329 1294 3398 tempore,
1317 3336 1385 3398 quo
1408 3319 1520 3380 multa
1595 3332 1599 3339 ’

291 3424 431 3489 facilius
446 3426 605 3507 expediri
620 3428 744 3506 solent,
762 3444 803 3489 ea
818 3427 1044 3506 supplicatio,
1058 3424 1132 3505 jam
1147 3444 1168 3488 a
1182 3424 1326 3489 Summo
1348 3424 1521 3488 Pontifice

289 3534 447 3613 signata,
464 3534 706 3613 expediretur;
724 3541 758 3595 et
772 3532 898 3596 deinde
910 3534 956 3596 ad
968 3534 1104 3596 curiam
1116 3532 1345 3611 Imperatoris
1356 3550 1398 3593 ac
1413 3531 1523 3610 Regis

294 3636 445 3720 Philippi
459 3639 640 3720 profectus
656 3649 722 3703 est.

353 3747 423 3810 745.
469 3746 631 3827 Augusta
646 3746 827 3826 Dilingam
842 3756 921 3827 post
936 3745 1073 3809 Pascha
1088 3746 1269 3825 proiectus
1290 3757 1343 3809 est
1358 3746 1395 3809 P.
1418 3745 1527 3809 Nata·

292 3924 507 3936 ——u——u

337 4026 343 4055 ¹
372 4024 497 4067 Albutius
510 4023 624 4067 Duimius
635 4024 665 4066 de
677 4022 790 4073 Gllricls,
804 4021 1067 4075 carnutensium..
1081 4021 1216 4077 episcopus
1231 4023 1301 4066 urbis
1312 4020 1518 4076 Vegliassutlnis

299 4095 389 4147 Μία,
398 4095 480 4139 Plinio
490 4095 569 4139 etiarn
586 4095 714 4149 Vegium),
724 4097 771 4139 sub
780 4094 793 4147 J
797 4095 914 4139 aderensl
925 4096 969 4138 vel
978 4095 1096 4147 jadrensi
1107 4095 1196 4149 (Zara)
1206 4095 1416 4149 Archleplscopo.

333 4168 344 4199 ²
371 4168 499 4211 Antonius
510 4166 655 4220 Perragues
665 4174 691 4209 et
702 4166 845 4221 Cantillejo.
856 4166 922 4211 Vide
934 4178 1021 4221 supra,
1033 4175 1051 4211 t.
1062 4178 1099 4221 ιιι,
1110 4178 1170 4221 pag.
1180 4168 1229 4218 251,
1240 4174 1328 4212 annot.
1340 4168 1362 4211 i.

333 4238 345 4271 ⁸
372 4238 426 4283 Has
443 4240 600 4293 apostolicas
615 4239 726 4291 litteras,
738 4251 803 4292 quas
819 4250 905 4292 supra,
918 4244 937 4282 t.
951 4250 988 4291 m,
999 4251 1057 4293 pag.
1068 4239 1089 4289 6,
1100 4245 1188 4283 annot.
1204 4242 1223 4292 l,
1234 4240 1345 4283 diximus
1359 4250 1406 4282 nos
1415 4249 1465 4282 non
1482 4249 1524 4281 re·

288 4311 389 4365 perisse
400 4322 446 4355 nec
457 4322 545 4355 eorum
555 4312 652 4354 iactam
659 4311 844 4354 mentionemin
856 4321 934 4363 opere
943 4312 1037 4355 Parsis
1047 4310 1322 4355 Lunovrchmeeace
1330 4311 1397 4353 Acta
1407 4310 1527 4355 Sanctae

292 4382 372 4425 Sedis
382 4384 410 4425 tn
421 4393 504 4425 causa
516 4382 658 4425 Societatis
668 4381 744 4435 Jesu,
753 4382 851 4434 reperit
863 4392 943 4435 nuper
954 4388 980 4425 et
991 4383 1169 4425 recentisslme
1180 4381 1261 4425 edidit
1274 4380 1302 4425 P.
1311 4381 1439 4426 Henricus
1447 4381 1527 4427 Lam·

290 4462 363 4497 mens
378 4454 403 4497 ln
417 4454 588 4508 premeride
600 4454 701 4497 Etudes
714 4454 822 4506 publius
834 4459 889 4507 par
902 4456 951 4497 des
964 4454 1047 4497 Peras
1058 4455 1091 4497 de
1100 4455 1127 4497 la
1139 4454 1302 4508 compagnie
1318 4454 1351 4497 de
1367 4452 1460 4508 Iesus,
1477 4453 1525 4498 34..

289 4526 381 4578 ιιιιιιέε,
393 4532 461 4569 tome
471 4524 519 4569 70.e
530 4526 561 4569 de
571 4526 596 4569 la
607 4527 752 4579 collection,
762 4528 776 4569 5
785 4526 893 4577 Janvler
904 4526 964 4577 1897.
975 4537 1034 4586 pag.
1045 4526 1117 4569 72-87.
1129 4526 1256 4580 lnclplunt
1272 4526 1360 4569 uerbis
1372 4525 1526 4569 Pastoralr's

292 4596 374 4650 efficii
383 4608 448 4641 cura
458 4605 483 4640 et
494 4598 572 4641 datae
584 4604 644 4641 suut
654 4598 667 4641 6
677 4597 797 4643 Octobris
810 4599 871 4643 1553.

334 4669 344 4701 ⁴
372 4668 421 4723 Slc3
439 4670 537 4713 rectius
555 4668 683 4720 Gnrciar,
698 4668 723 4713 in
740 4670 875 4723 provincia
893 4670 1039 4716 Cacereusl.
1059 4672 1126 4716 Vlde
1144 4672 1258 4725 Potenti,
1280 4682 1313 4715 ex
1328 4682 1404 4723 cona,
1421 4672 1526 4713 litteras

291 4740 359 4783 Duo.
370 4740 447 4785 Petro
458 4742 487 4785 de
500 4740 605 4795 Zarate,
617 4740 744 4785 Bruxellis
755 4744 851 4795 agenti,
861 4744 875 4784 8
885 4742 945 4794 Julit
955 4745 1017 4787 l'nbb.
